4704 5826
212 250 290 324 sor
942 253 1102 334 neec
1136 259 1211 336 nu
1245 266 1513 352 auersus.
2179 309 2255 386 90,

586 341 611 372 Ι

211 417 336 496 Nohae
368 424 409 492 in
441 421 593 494 diluvio.
656 420 709 493 lta
741 426 868 498 servati
902 443 984 499 sunt
1013 427 1205 522 israelitae,
1258 458 1291 514 et
1306 469 1386 532 oro,
1412 463 1453 521 ut
1467 453 1639 526 immensa
1654 459 1897 540 misericordia
1913 481 1973 542 tua
1990 475 2097 548 uobis
2112 497 2253 572 peecata

149 609 153 620 ,
211 539 343 599 euntes
358 527 452 596 inter
466 527 644 596 undarum
659 541 798 598 montes
812 526 851 598 in
865 531 954 600 mari
971 533 1093 604 rubro.
1256 549 1427 622 remittas.
1462 551 1550 626 Tibi
1566 573 1648 630 nota
1666 577 1750 634 sunt
1766 567 1915 642 vulnere
1931 589 2062 648 nostra.
2099 579 2253 668 Tuscis,

313 627 411 700 Haec
442 628 593 710 illustria
627 631 783 720 exempla
815 634 992 724 proposita
1027 651 1128 724 sunt,
1164 654 1205 712 ut
1256 671 1321 718 nos
1345 651 1383 721 in
1407 649 1472 725 hac
1493 671 1590 730 tanta
1617 661 1822 740 infirmitate
1845 675 1974 744 molem
1999 703 2252 758 aerumnarum

210 755 312 824 saepe
332 727 400 801 hoc
420 729 528 800 modo
551 726 746 802 Ecclesiam
767 731 844 802 sine
865 735 938 804 ulla
961 752 1203 810 ereaturarum
1255 767 1455 826 nostrarum
1478 761 1653 834 sustinere
1675 791 1748 837 non
1768 795 1879 860 posse.
1931 776 1988 848 Tu
2016 781 2127 872 igitur
2148 789 2253 860 nobie

208 860 276 930 ope
290 833 423 905 servari
437 832 599 906 sciamus.
649 829 815 904 Etmulti
833 835 872 904 in
889 839 1044 928 propriis
1062 843 1203 934 pericu·
1254 879 1356 944 opem
1380 859 1472 928 feras
1495 861 1534 931 iu
1564 865 1713 956 privatis
1735 885 1769 944 et
1797 877 1950 965 publicis
1979 884 2251 962 calamitatibue

207 940 253 1010 lis
274 937 360 1007 tales
383 937 611 1004 liberationes
635 935 775 1004 divinas
795 937 962 1008 omnibus
983 946 1202 1033 temporibus
1254 953 1312 1024 Tu
1334 958 1383 1028 sis
1409 963 1513 1032 nobis
1537 969 1807 1061 urrnbraculum',
1840 991 1875 1048 et
1899 980 1937 1048 in
1964 977 2020 1054 his
2044 991 2251 1080 regionibus

206 1040 453 1132 experiuntur,
478 1048 520 1107 ut
534 1036 650 1108 David
671 1038 805 1131 inquit:
832 1040 937 1110 Pater
956 1055 990 1112 et
1009 1058 1122 1116 mater
1138 1049 1202 1117 de·
1251 1053 1427 1130 Ecclesias
1458 1078 1492 1134 et
1526 1091 1647 1138 earum
1680 1066 1833 1166 hospitia
1865 1097 2026 1176 protegas
2058 1107 2093 1164 et
2121 1116 2249 1170 serves.

205 1145 428 1237 reliquerunt
443 1163 517 1223 me,
544 1139 717 1210 Dominus
732 1156 849 1212 autem
865 1145 1017 1235 suscepit
1033 1171 1100 1222 me.
1152 1146 1201 1220 Et
1252 1157 1346 1230 Dixi.

203 1246 292 1318 alibi
323 1242 441 1338 inquit
470 1231 649 1316 Psalmus:
687 1241 870 1315 Liberavit
900 1269 1108 1338 pauperem,
1134 1252 1198 1324 ¹eui

204 1373 280 1418 non
296 1360 371 1416 erat
387 1345 540 1415 adiutor.

305 1445 356 1518 Ut
370 1459 487 1517 autem
506 1443 592 1514 haec
606 1457 703 1517 tanta
722 1446 815 1516 bona
833 1453 1072 1541 experiamur,
1098 1456 1197 1547 prius

201 1554 305 1622 fidem
327 1563 362 1620 et
386 1548 646 1618 invocationem
676 1547 715 1616 iu
740 1549 845 1620 nobis
870 1557 1015 1643 accendi
1043 1572 1195 1650 oportet,
1247 1531 1427 1660 Q
2079 1598 2130 1644 ω,
2152 1580 2246 1647 1550.

200 1653 474 1744 sicutscriptum
492 1663 558 1719 est:
585 1643 797 1720 Amendico
815 1655 929 1730 vobis.
972 1657 1031 1728 Sic
1049 1671 1197 1730 etexer-
1793 1745 1803 1766 ι
2064 1667 2238 1696 ”⁴⁸⁹

199 1758 309 1826 cenda
335 1756 439 1834 fides,
474 1766 515 1823 ut
536 1765 617 1822 ante
642 1751 889 1824 liberationem
914 1771 947 1828 et
973 1774 1068 1849 petat
1083 1775 1117 1832 et
1135 1787 1194 1832 ex.
1601 1733 1678 1826 De
1700 1741 1894 1856 legebus,

198 1873 312 1950 pectet
337 1855 530 1938 auxilium,
560 1867 595 1924 et
621 1855 774 1948 quadarn
799 1861 1057 1952 tranquillitate
1082 1865 1192 1932 animi
1315 1894 1872 1991 1η,ιι1ωι.υει1.ω.Τ.ιν.μῡιιςψ,
1896 1917 2017 1980 snm„
2035 1923 2067 1982 Τ,
2081 1927 2132 1984 Iv,
2152 1946 2183 2000 p.
2195 1935 2245 2002 ts,

198 1959 397 2054 acquiescat
421 1958 461 2026 iu
482 1953 578 2040 Deo,
612 1980 677 2025 nec
700 1957 792 2026 tristi
814 1960 958 2032 fremitu
984 1958 1126 2036 haereat
1153 1967 1191 2036 in
1347 1965 2209 2070 ¹¹¹T·¹¹¹·&stud¹⁵¹·³2⁵·221t‘udRitl²¹d=T·¹¹·t‘·⁵²⁸·

311 2035 322 2081 Ι
529 2059 537 2074 ·
669 2059 677 2074 ·
953 2065 961 2081 .

95 2137 96 2140 ψ
196 2057 1192 2253 :t‘ttt‘ttfttlflblfaltttaltstat?
1244 2127 1374 2197 aaa
1400 2125 2103 2228 r91092m„„„„,„„„,
2129 2162 2242 2234 aa..

194 2291 286 2346 sum,
302 2263 477 2335 custodiat
492 2263 598 2332 corda
614 2277 742 2348 vestra,
757 2263 793 2332 id
810 2278 877 2336 est:
905 2267 964 2338 Sic
981 2272 1191 2365 acquiescite
1244 2226 1469 2358 dema'fn’
1493 2239 1523 2306 ¹·
1551 2229 1594 2310 C·
1620 2243 1708 2324 (Μ
1733 2253 1941 2320 dfflfflmtuf
1965 2263 2075 2342 sffldm
2095 2261 2240 2336 Dostorte

194 2369 233 2438 in
249 2367 435 2440 Deointer
456 2364 631 2455 pericula,
663 2379 703 2434 ut
719 2366 831 2434 animi
848 2371 1046 2441 confirmati
1063 2373 1189 2444 fiducia
1305 2333 1681 2428 D'M¹⁰h¹⁰¹¹D⁰¹¹b⁰¹⁰‘
1708 2350 2191 2453 Wtrebergrmnottn‚L‚)

193 2469 458 2540 misericordiae
474 2481 507 2537 et
521 2467 739 2558 praesentiae
752 2467 830 2554 Dei,
855 2471 993 2560 placide
1009 2490 1190 2564 expectent
1240 2463 1366 2549 Multa
1388 2497 1472 2554 sunt
1496 2487 1697 2562 testimonia
1713 2497 1759 2566 de
1772 2493 1850 2570 Deo
1866 2496 1950 2574 huic
1963 2507 2031 2580 toti
2053 2509 2240 2588 machinae

193 2573 365 2643 auxilium
383 2583 416 2640 et
435 2570 702 2652 liberationem,
728 2581 762 2638 et
785 2571 960 2643 retineant
985 2577 1190 2670 tranquilli·
1241 2581 1399 2667 coelesti,
1425 2598 1459 2653 et
1482 2591 1652 2662 omnibus
1675 2600 1802 2669 mundi
1826 2607 2036 2696 corporibus
2054 2611 2238 2706 impressa,

192 2689 321 2755 tatem,
354 2697 444 2766 quae
467 2671 611 2744 initium
640 2685 693 2740 est
718 2669 812 2742 vitae
837 2690 1016 2764 aeternae,
1051 2693 1084 2748 et
1111 2679 1188 2749 sine
1240 2707 1331 2776 quae
1351 2697 1527 2758 testantur
1550 2685 1844 2773 huncmundum
1868 2730 1942 2777 non
1965 2733 2047 2782 casu
2074 2718 2239 2807 extitisse,

193 2803 262 2871 qua
279 2801 354 2846 non
375 2789 487 2866 potes,
504 2773 579 2842 fieri
596 2773 787 2846 invocatio,
1240 2787 1299 2854 sed
1323 2809 1342 2854 a
1372 2801 1489 2858 mente
1518 2789 1796 2872 architectatrice
1825 2807 1914 2877 mira
1945 2825 2021 2882 arte
2049 2821 2237 2894 eonditum

293 2877 383 2948 Nam
413 2875 611 2945 diffidentia
636 2876 751 2944 adfert
774 2878 873 2946 triste
903 2893 937 2948 et
966 2875 1187 2954 horrendum
1239 2909 1313 2956 esse
1340 2902 1373 2958 et
1400 2897 1614 2970 conservari.
1666 2900 1738 2974 Sed
1758 2907 2002 2982 testimonium
2020 2918 2125 2989 valde
2150 2923 2237 2996 ittu-

190 2984 315 3052 ndium
332 2983 499 3049 adversus
518 2977 650 3057 Deum,
677 2982 772 3068 qu0d
791 2979 935 3050 initium
954 2997 1006 3052 est
1022 2999 1187 3056 aeterno·
1238 3003 1309 3058 stre
1326 3003 1394 3072 cst,
1420 2996 1516 3086 quod
1538 2987 1679 3069 aeterna
1701 3029 1801 3076 mens
1821 3014 2039 3092 transfundit
2060 3019 2098 3089 in
2118 3017 2237 3096 homi-

190 3109 270 3154 Νη,
287 3083 527 3162 cruciatuum,
564 3093 598 3148 et
615 3079 731 3148 rabies
748 3081 874 3149 similis
891 3083 1098 3160 diabolicae.
1238 3114 1300 3160 nes
1317 3113 1399 3162 suae
1415 3095 1504 3164 lucis
1519 3112 1553 3166 et
1568 3102 1761 3192 sapientiae
1778 3111 1914 3198 radios,
1939 3118 2004 3210 qui
2021 3123 2152 3198 docent
2170 3153 2236 3202 nos

292 3182 369 3254 Hos
385 3181 484 3276 quasi
500 3181 630 3250 fluctus
648 3181 869 3264 animorum,
897 3199 931 3254 et
949 3181 1012 3254 has
1028 3204 1184 3260 conster-
1238 3207 1271 3264 et
1284 3217 1357 3262 esse
1372 3192 1502 3290 Deum,
1528 3224 1662 3274 numen
1678 3205 1892 3301 intelligens,
1918 3240 2086 3292 numeros
2103 3241 2140 3297 et
2154 3253 2234 3319 gra-

189 3287 351 3360 nationes
367 3283 565 3377 prospicere
578 3305 640 3352 vos
652 3283 722 3352 iam
738 3298 888 3374 oportet,
910 3301 943 3356 et
959 3293 1185 3378 praemunire
1237 3297 1303 3364 dus
1319 3319 1437 3366 rerum
1454 3302 1644 3390 ordinans,
1670 3307 1844 3400 liberum,
1870 3321 2031 3392 sanciens
2049 3329 2230 3404 actionum

189 3406 223 3460 et
248 3389 457 3460 confirmare
477 3399 617 3476 pectora
636 3385 848 3473 cogitatione
866 3389 1069 3461 divinarum
1097 3419 1185 3463 con·
1236 3396 1461 3483 discrimina,
1494 3403 1699 3478 discernens
1721 3413 1813 3482 bona
1839 3421 1997 3506 amalis,
2023 3425 2232 3518 beneficum,

189 3493 422 3572 ‘dationum’
446 3502 480 3557 et
496 3488 636 3557 assidua
652 3487 889 3563 invocatione.
1235 3499 1399 3592 aequale,
1428 3526 1550 3588 verax,
1576 3511 1737 3582 sanciens
1753 3517 1914 3588 ordinem
1931 3527 2118 3616 castitatis,
2146 3530 2233 3608 hor-

248 3625 249 3630 ,
290 3591 454 3663 profecto
477 3585 563 3659 haec
584 3603 741 3681 tempora
769 3616 842 3660 non
864 3597 1064 3664 concedunt
1080 3597 1184 3668 nobis
1236 3601 1390 3672 ribiliter
1406 3604 1559 3676 irascens
1578 3613 1745 3684 omnibus
1768 3621 2038 3704 confusionibus
2060 3635 2115 3706 sui
2131 3643 2229 3710 ordi-

187 3699 353 3768 usitatam
376 3692 600 3763 securitatem
623 3705 658 3762 et
680 3694 938 3764 temulentiam:
975 3701 1034 3765 sed
1059 3715 1181 3790 postu·
1236 3705 1302 3772 nis.
1356 3701 1508 3775 Monent
1530 3724 1564 3778 et
1588 3712 1643 3780 illi
1666 3715 1734 3806 ipsi
1758 3721 1850 3790 radii
1872 3725 2231 3824 divinae'sapientiae

187 3802 286 3883 lant,
312 3810 350 3864 ut
368 3795 461 3863 veris
481 3794 672 3882 gemitibus
695 3795 867 3864 auxilium
887 3810 1066 3886 petamus,
1091 3801 1184 3870 sicut
1235 3806 1273 3872 in
1293 3807 1398 3873 nubis
1421 3809 1501 3878 ideo
1525 3806 1617 3882 hanc
1641 3815 1756 3888 lucem
1780 3821 1818 3892 in
1834 3847 1900 3896 nos
1917 3833 2130 3906 transfusam
2147 3868 2230 3931 esse,

186 3899 365 3970 Dominus
395 3897 530 3990 inquit:
569 3893 719 3984 Vigilate
753 3910 788 3966 et
812 3893 1004 3982 orate,·ne
1039 3901 1182 3972 irruatis
1235 3920 1273 3976 ut
1297 3909 1517 3979 conditorem
1544 3931 1794 4008 agnoscamus,
1819 3931 2003 4017 etgratias
2025 3938 2055 4003 ei
2073 3963 2230 4033 agamus,

78 3988 87 4008 ⁸
188 4005 226 4072 in
248 4001 501 4082 tentationem,
526 3997 574 4066 ne⁴
593 3999 698 4072 fracti
719 3999 982 4090 desperatione,
1009 4005 1119 4072 ruatis
1143 4005 1180 4073 in
1235 4010 1297 4100 qui
1319 4011 1423 4080 nobis
1445 4013 1538 4082 hona
1570 4018 1608 4086 in
1633 4019 1711 4112 ipso
1735 4045 1873 4097 summa
1899 4031 2074 4122 impertit,
2108 4045 2229 4135 vitam,

186 4101 542 4176 mmmmm
1071 4146 1073 4152 ·
1234 4111 1522 4201 intelligentiam,
1552 4118 1768 4210 libertatern,
1803 4131 2227 4222 noticiam-numerorum

234 4203 251 4247 ι’
286 4205 467 4294 Sapientia
490 4201 684 4270 necessaria
711 4215 781 4285 est,
808 4217 843 4272 et
865 4205 1020 4294 pericula
1041 4209 1181 4278 animae
1233 4227 1267 4282 et
1281 4215 1438 4300 ordinis,
1460 4217 1666 4292 discrimina
1682 4225 1857 4298 bonarum
1876 4248 1910 4304 et
1924 4239 2099 4312 malarum
2115 4252 2229 4322 actio·

186 4325 220 4380 et
235 4307 410 4399 praesidia
428 4305 638 4394 intelligere.
692 4301 844 4376 Pereunt
864 4307 1024 4393 animae,
1050 4326 1179 4404 etcum
1233 4339 1332 4386 nurn.
1385 4314 1525 4388 Deinde
1551 4325 1690 4396 addidit
1719 4327 1823 4399 etiarn
1854 4337 2029 4412 societatis
2058 4339 2227 4426 honestae

183 4409 359 4502 Epicurea
377 4407 561 4478 securitate
579 4407 667 4476 iram
680 4403 748 4476 Dei
766 4421 1018 4494 contemnunt,
1044 4426 1079 4482 et
1099 4437 1178 4482 cum
1232 4417 1394 4504 vincula,
1419 4423 1580 4493 etmulta
1603 4427 1695 4498 vitae
1720 4433 1906 4520 praesidia.
1958 4437 2023 4513 Est
2046 4463 2166 4522 autem
2193 4474 2228 4530 et

184 4512 380 4582 diffidentia
396 4512 525 4578 fractae
541 4507 999 4599 opprimunturmoesticia.
1031 4509 1079 4583 Et
1095 4510 1179 4583 haec
1231 4520 1278 4587 oh
1294 4514 1385 4589 hanc
1406 4545 1546 4592 causam
1569 4520 1654 4597 haec
1670 4531 1731 4600 lux
1754 4533 1791 4601 in
1811 4539 1917 4606 nubis
1934 4563 2098 4636 accensa,
2124 4570 2165 4626 ut
2181 4561 2227 4632 sit
2338 4607 2339 4626 t

183 4610 312 4686 sc'elera
339 4613 521 4684 cumulant
546 4634 687 4701 poenas.
743 4607 876 4681 Contra
901 4637 984 4682 vero
1011 4615 1081 4706 pii,
1116 4619 1176 4710 qui
1231 4645 1355 4690 norma
1380 4622 1488 4706 vitae,
1514 4640 1548 4696 et
1569 4647 1768 4720 congruant
1791 4641 1904 4708 nostri
1928 4665 2043 4717 mores
2066 4661 2146 4724 cum
2169 4683 2226 4729 sa·

182 4719 251 4788 fide
275 4731 309 4788 et
333 4714 559 4785 invocatione
584 4713 723 4780 animos
746 4711 904 4803 erigunt,
940 4731 974 4786 et
996 4719 1040 4785 ad
1063 4718 1175 4788 Deum
1230 4723 1363 4816 pientia
1385 4738 1418 4794 et
1442 4727 1625 4799 voluntate
1640 4730 1718 4808 Dei.
1754 4733 1808 4807 Ac
1827 4755 1868 4812 ut
1880 4742 2030 4818 sciamus
2046 4757 2139 4825 serio
2159 4755 2225 4834 boc
2338 4753 2339 4816 l

182 4824 371 4902 accedunt,
397 4816 552 4884 retinent
575 4813 677 4883 initia
704 4812 794 4884 vitae
817 4829 997 4899 aeternae,
1024 4834 1057 4889 et
1080 4820 1176 4891 miti·
1230 4849 1309 4894 eum
1333 4827 1443 4904 velle,
1477 4831 1632 4902 declarat
1661 4835 1749 4904 iram
1777 4841 1945 4914 adversus
1971 4859 2224 4936 conturbantes

181 4923 359 5011 gastonem
376 4918 597 5010 publicarum
616 4915 855 4985 calamitatum
874 4917 1075 5010 impetrant.
1230 4921 1326 4996 hunc
1351 4929 1514 4998 ordinem
1540 4927 1775 5009 horribilibus
1802 4946 1937 5033 poenis.
1991 4950 2223 5036 Manifestum

283 5023 337 5092 Te
353 5023 462 5112 igitur
477 5018 529 5086 fili
543 5015 622 5102 Dei,
649 5011 803 5106 Domine
821 5017 899 5089 lesu
914 5017 1069 5110 Christe,
1096 5049 1177 5094 cru-
1229 5041 1280 5098 est
1295 5029 1408 5114 enim,
1434 5031 1591 5120 pollutos
1606 5040 1785 5112 atrocibus
1799 5047 1992 5122 sceleribus
2006 5081 2129 5132 omnes
2145 5081 2224 5138 tan-

133 5189 136 5196 ι
180 5124 281 5193 cifixe
304 5146 367 5214 pro
391 5121 497 5191 nohis
523 5133 556 5190 et
578 5119 799 5204 resuscitate,
825 5121 886 5214 qui
909 5137 978 5193 stas
994 5125 1034 5193 in
1048 5149 1175 5198 arcano
1228 5131 1309 5199 dem
1324 5133 1503 5204 atrocibus
1520 5141 1688 5230 exemplis
1704 5167 1836 5234 poenas
1850 5148 1960 5227 luere.
1995 5154 2042 5228 Et
2058 5157 2116 5234 hic
2132 5175 2223 5242 ordo

180 5225 330 5294 consilio
354 5223 571 5304 divinitatis,
604 5235 638 5291 et
664 5245 727 5312 pro
751 5224 857 5292 nobis
885 5223 1110 5317 interpellas,
1143 5243 1186 5298 et·
1228 5245 1269 5302 ut
1284 5247 1462 5316 servetur,
1489 5236 1638 5328 imperia
1662 5243 1822 5318 instituta
1840 5265 1942 5344 sunt,
1967 5283 2057 5350 quae
2071 5269 2149 5338 vult
2164 5297 2222 5342 so·
2255 5295 2259 5312 ·

181 5325 318 5394 dixisti:
345 5323 475 5414 Venite
492 5326 535 5390 ad
553 5347 607 5391 me
622 5345 755 5408 omnes,
776 5325 839 5414 qui
857 5326 1025 5396 laboratis
1033 5345 1074 5401 .et
1088 5355 1175 5400 one·
1228 5355 1314 5402 nare
1326 5357 1425 5405 suam
1441 5341 1649 5430 sapientiam
1665 5346 1703 5414 in
1717 5370 1844 5436 genere
1860 5347 2027 5446 humano,
2044 5379 2079 5436 et
2094 5375 2222 5458 punire

181 5425 251 5496 mi
265 5423 360 5508 estis,
383 5437 418 5491 et
432 5444 496 5510 ego
514 5425 667 5493 reficiam
683 5445 758 5509 vos,
786 5425 914 5548 invoco
932 5441 1008 5497 toto
1025 5443 1177 5521 pectore,
1228 5448 1463 5513 contumaces.
1513 5441 1621 5513 Hanc
1643 5470 1763 5518 curam
1789 5454 1853 5524 etsi
1876 5464 2022 5536 mandat
2038 5464 2135 5542 Deus
2155 5499 2222 5566 gu-

321 5734 454 5790 A.
