4704 5826
94 4113 97 4120 '
209 4135 289 4180 rum
306 4133 397 4196 esse,
423 4125 456 4181 et
472 4110 621 4204 quidem¹
642 4110 737 4181 inter
759 4134 840 4196 eos,
863 4111 925 4206 qui
938 4109 1137 4182 doctrinam
1154 4111 1199 4182 ab

194 282 269 356 ass
668 272 828 350 nucu.
861 271 939 346 on
971 268 1131 346 Mosa
1164 261 1466 348 rnuiunru
1500 261 1759 360 ieiunii.
2166 264 2245 340 ssi
2338 323 2339 326 ,

200 455 432 546 adiungenda
450 453 531 522 erit:
570 451 641 520 imo
664 461 767 538 auget
788 447 986 518 doctrinam
1008 440 1095 516 baec
1119 447 1194 537 ipsa
1216 461 1221 610 Ι
1244 451 1366 510 monet
1388 437 1501 508 lilium
1515 433 1584 508 Dei
1606 451 1751 528 propter
1767 437 1878 526 legem
1895 438 2042 528 percuti.
2065 451 2142 509 tum
2160 461 2244 506 vero

201 582 321 628 rerum
362 553 648 624 convenientium
691 550 891 620 observatio
933 563 968 620 et
1000 549 1194 620 distinctio.

201 657 277 730 llas
299 657 562 728 admonitiones
584 667 624 724 ut
652 677 754 744 saepe
778 665 993 744 repetamus,
1027 653 1194 720 mandato
1244 641 1356 713 Cuius
1371 643 1421 711 rei
1438 655 1470 713 et
1484 635 1570 710 baec
1586 654 1679 710 aetas
1696 642 1855 732 exempla
1869 642 1953 712 satis
1969 641 2081 712 tristia
2100 638 2220 713 babet.

203 762 326 832 divino
342 759 518 848 cogimur:
545 782 584 828 ac
602 757 714 826 lilium
731 753 799 824 Dei
817 755 997 825 custodem
1018 750 1195 822 Ecclesiae
1347 761 1447 850 Quid
1480 774 1596 830 autem
1624 760 1735 851 magis
1761 762 1861 832 decet
1887 763 1926 830 in
1952 757 2021 832 hoc
2048 761 2126 853 ipso
2154 761 2246 842 loco,

203 887 286 934 suae
307 869 471 944 oramus,'
496 875 534 930 ttl
557 859 631 950 lpse
649 881 790 952 quoque
807 856 852 926 sii
873 868 990 925 cuslos
1006 877 1195 946 corporum
1246 887 1352 958 quam
1376 865 1421 932 de
1441 863 1515 952 lege
1529 861 1595 934 Dei
1602 912 1618 950 ‚
1644 863 1689 932 de
1709 863 1842 933 iustitia
1861 863 1962 934 etita
1979 865 2148 934 adversus
2163 891 2246 956 pec..

203 979 420 1048 V0⁸lr⁰fflffli
460 975 496 1032 ²1
527 962 645 1032 flecltt
674 960 813 1029 animm
843 971 975 1028 vestrm
1001 957 1045 1026 ad
1074 979 1195 1026 turam
1247 979 1342 1050 cata,
1367 967 1412 1034 de
1427 964 1501 1032 lilio
1524 964 1737 1048 mediatore,
1760 967 1803 1034 de
1821 961 1980 1036 Ecclesia
1997 979 2030 1036 et
2048 967 2124 1036 eius
2140 992 2246 1036 aero-

1244 541 1433 630 imaginem
1447 539 1606 610 continet
1625 539 1858 630 imperiorum
1871 540 2075 612 ferientium
2094 551 2257 630 petram.
2339 608 2340 638 q

204 1069 355 1138 tuendae
371 1063 586 1157 publicae'et
601 1076 736 1132 vestrae
752 1061 886 1130 salutis.
939 1057 1035 1132 Dixi·
1247 1065 1341 1136 mnis
1364 1080 1399 1136 ct
1421 1065 1694 1136 liberationibus
1712 1089 1818 1158 saepe
1833 1067 1973 1136 dicere?
1997 1065 2110 1160 Spero
2133 1069 2247 1158 igitur
2340 1071 2341 1152 i

1248 1181 1494 1258 argumentum
1510 1167 1654 1262 quidem
1670 1167 1773 1238 vobis
1794 1182 1930 1258 gratum
1948 1171 2035 1240 iore.
2088 1169 2159 1241 Sed
2180 1176 2247 1242 do·
2340 1193 2341 1210 ³

213 1267 647 1286 ...---·..........-—---

323 1316 326 1325 =
1190 1283 1193 1294 '
1249 1271 1305 1340 leo
1321 1293 1377 1340 me
1392 1271 1517 1340 rudem
1533 1282 1568 1340 et
1583 1269 1800 1360 imperitum,
1827 1296 1901 1340 non
1918 1295 2019 1362 posse
2033 1273 2173 1342 adferre
2190 1299 2248 1344 sa-

204 1397 272 1471 No,
292 1397 378 1470 111,
1018 1421 1063 1460 an,
1090 1397 1185 1460 1550,
1248 1373 1294 1442 tis
1309 1373 1484 1442 illustrem
1501 1371 1781 1461 explicationem.
1829 1370 1922 1442 Cum
1938 1387 2056 1444 autem
2072 1377 2246 1466 scriptum

111 1545 114 1552 ·
213 1492 385 1523 Μ
1018 1485 1214 1578 ’Λή
1249 1474 1315 1558 sit,
1337 1469 1391 1543 Ex
1410 1497 1471 1543 ore
1487 1471 1678 1542 infantium
1695 1487 1730 1544 ct
1745 1474 1953 1544 lactantium
1974 1477 2151 1566 perfecisti
2167 1480 2247 1548 lau·
2341 1526 2342 1578 q

353 1595 429 1680 De
459 1593 590 1682 Mogp
615 1591 819 1711 feriente
842 1605 1042 1707 petram·
1249 1578 1346 1644 dem:
1382 1576 1508 1666 probat
1536 1569 1621 1642 baec
1646 1575 1761 1644 studia
1785 1575 1881 1646 Deus
1905 1578 2158 1652 considerandi
2184 1605 2246 1652 sua

275 1753 549 1879 ¹⁰sfiissiipiif¹iffi
563 1750 1200 1892 ¹:f‘4ssifqt⁵l}'’pllifis'ffl'sssqlqipf'g'fgss
1251 1779 1320 1848 lata
1334 1781 1379 1848 ad
1396 1779 1574 1860 divinam,
1598 1778 1683 1870 quid
1703 1791 1753 1848 est
1770 1777 1839 1846 nisi
1858 1779 2032 1852 infantia?
2056 1807 2149 1874 quae
2165 1787 2247 1878 qui.

308 1891 487 1948 ubidiciture
511 1892 648 1961 „recitata
665 1910 680 1946 a
695 1892 809 1948 Deeeno
824 1887 1078 1946 loanneMsrcello
1094 1887 1199 1960 liegio·
1249 1883 1330 1950 dem
1353 1893 1437 1950 lunc
1462 1879 1588 1970 recipit
1608 1901 1796 1970 agnoscere
1819 1879 1953 1964 Deum,
1981 1895 2061 1952 cttm
2082 1886 2172 1958 lucie
2189 1889 2247 1956 dl·

308 1971 440 2016 ’ΝΜΟ
454 1979 477 2014 ³·
492 1961 531 2014 M.
541 1962 577 2016 υ·
587 1959 636 2014 ¹⁸²²
1249 1983 1335 2052 vino
1351 1983 1492 2053 alimur.
1546 1979 1669 2073 ltaque
1686 1981 1773 2052 boni
1790 1983 2006 2052 consulenda
2025 1985 2094 2057 erit
2109 1991 2248 2081 qualis-

1249 2108 1391 2178 cunque
1407 2082 1566 2154 recitatio
1583 2096 1656 2152 tam
1670 2083 1834 2152 sublimis
1850 2087 2060 2173 argumenti.

1350 2199 1441 2272 Cum
1458 2201 1636 2274 israelitae
1652 2199 1690 2270 in
1705 2203 1855 2282 deserto,
1883 2203 1946 2273 ubi
1959 2219 2105 2296 propter
2119 2232 2247 2299 perpe-

1249 2317 1329 2374 tuos
1343 2317 1458 2374 aestus
1474 2327 1540 2372 nec
1555 2303 1704 2372 flumina
1722 2327 1787 2373 nec
1802 2305 1916 2376 sontes
1930 2307 2034 2376 multi
2051 2323 2165 2394 erant,
2185 2335 2247 2378 va-

1248 2421 1427 2496 garentur,
1445 2405 1549 2474 multi
1566 2398 1730 2474 homines
1746 2405 1908 2476 omnium
1925 2421 2077 2478 aetatum
2092 2409 2150 2480 siti
2167 2436 2246 2480 ino·

206 2587 292 2654 dnm
305 2606 379 2652 non
395 2581 549 2652 extitisse
562 2576 655 2664 casu}
675 2582 735 2650 sed
751 2605 771 2650 a
787 2595 904 2652 mente
920 2575 1197 2650 architectatrice
1248 2507 2246 2702 ἓέξέἓὲῗζωᾚιὲἶᾙῗιῗῖὺέῗῑἕᾝῑιῖἒᾶ12ξὲξῖ

204 2685 368 2756 miranda
383 2681 555 2775 sapientia
573 2683 756 2752 conditum
777 2707 861 2754 csse.
1247 2713 1406 2782 pamphus
1421 2711 1727 2802 extinguebantur·

305 2781 386 2858 Etsi
407 2799 544 2865 autern,
570 2797 611 2854 ut
633 2785 733 2854 navis
755 2785 848 2856 inter
871 2785 1018 2870 linctus,
1044 2785 1093 2856 ita
1106 2783 1197 2854 ratio

205 2884 363 2960 humana
390 2887 563 2980 aspiciens
588 2885 682 2956 vitae
712 2887 956 2973 contusiones,
989 2886 1199 2958 tristissimis

206 2990 492 3062 dubitationibus
507 3001 713 3081 quassatur,
738 3013 778 3058 ac
794 3011 912 3059 aecum
929 2989 1079 3082 quaerit,
1106 2987 1199 3057 adsit

206 3115 254 3161 ne
264 3093 364 3162 Deus
378 3093 594 3181 gubernator
608 3091 703 3160 inter
715 3104 830 3161 tantas
844 3091 1112 3162 dilacerationes
1127 3085 1198 3160 bu-

206 3217 333 3264 manae
355 3192 530 3263 societatis
547 3205 582 3262 et
602 3191 741 3262 ruinas:
769 3205 886 3262 tamen
909 3207 942 3264 ct
958 3193 1019 3264 illa
1035 3193 1198 3262 conside.

207 3295 346 3366 ratione
367 3294 505 3365 ordinis
527 3307 632 3386 atque
653 3294 739 3364 artis
759 3295 798 3364 in
815 3295 955 3386 opificio
970 3295 1097 3372 mundi
1112 3319 1198 3366 con-

205 3397 357 3482 firmati,
396 3395 643 3466 adsensionem
671 3397 716 3464 de
737 3396 808 3468 Dei
841 3399 1035 3488 praesentia
1063 3419 1197 3490 nequa-

345 2123 472 2194 Orotto
495 2119 541 2192 dc
564 2123 670 2192 Mose
694 2115 865 2214 feriente
889 2127 1055 2212 petrum.

203 2264 251 2348 ln
271 2271 340 2348 boc
362 2275 501 2364 opificio
524 2275 649 2344 mundi
678 2269 937 2366 pulcherrimus
958 2276 1047 2344 ordo
1071 2297 1198 2366 corpo-

204 2405 303 2465 rum,
329 2391 364 2449 et
387 2401 443 2448 ars
466 2371 625 2448 adbibita
649 2377 687 2444 in
717 2377 865 2466 singulis
891 2377 1139 2446 construendis
1163 2389 1198 2446 et

206 2480 397 2565 ornandis,
435 2479 587 2550 illustria
610 2479 811 2550 testimonia
834 2493 933 2561 sunt,
976 2473 1073 2548 hunc
1092 2503 1198 2548 inuii-

1347 2827 1426 2900 Hac
1449 2843 1548 2900 tanta
1563 2829 1762 2900 calamitate
1778 2829 1874 2902 Deus
1896 2831 2106 2926 aliquandiu
2122 2835 2246 2904 multi-

1248 3047 1366 3119 varet,
1393 3033 1493 3105 iubet
1510 3031 1673 3127 Moyscrn
1694 3033 1802 3102 ferire
1824 3047 1978 3126 petram,
2005 3060 2046 3106 ac
2066 3038 2246 3129 promittit

1248 3339 1394 3411 stitisset
1413 3337 1556 3433 Moyses
1581 3337 1675 3408 inter
1700 3337 1883 3409 seditiosas
1907 3353 1941 3412 et
1965 3339 2093 3432 impias
2119 3343 2247 3436 populi

207 3523 313 3594 quam
329 3499 444 3570 excuti
460 3497 564 3568 nobi,
586 3497 755 3570 sinamus·
807 3498 863 3572 Sit
877 3513 995 3572 autem
1010 3499 1199 3569 firmiora
1249 3441 1534 3526 vociferationes,
1559 3439 1599 3508 in
1614 3463 1686 3534 quo
1702 3439 1807 3510 multi
1824 3441 2044 3528 clamabant,
2067 3466 2149 3514 cnm
2165 3459 2246 3516 tan.

209 3603 217 3620 ·
498 3601 508 3617 ·
874 3600 883 3620 .
1043 3600 1084 3619 ..
1250 3569 1355 3638 quam
1372 3543 1600 3636 impostorem
1613 3539 1705 3612 saris
1718 3542 1943 3613 obruendum
1957 3565 2050 3630 esse,
2075 3539 2143 3616 bae
2157 3569 2247 3616 coii-

206 3613 353 3672 rmmota
370 3602 532 3670 adsensio
554 3613 699 3691 propter
720 3602 971 3691 patefactioues
985 3599 1054 3671 Dei
1073 3623 1113 3670 in
1127 3597 1199 3720 llic-
1249 3645 1414 3717 tumen&
1430 3645 1535 3714 fidem
1550 3645 1590 3714 in
1606 3667 1647 3713 eo
1665 3643 1966 3734 languefecemm·

206 3702 311 3776 01θὸἷῦ
325 3704 445 3789 f³⁰¹³⁵2
467 3703 507 3772 3¹¹
520 3702 709 3772 ‘dudm‘
722 3703 847 3796 impuli
863 3699 1087 3798 ‘mmmm’
1112 3725 1200 3773 ω’
1352 3761 1396 3834 In
1415 3758 1483 3834 bac
1506 3762 1745 3856 trepidatione
1768 3787 1808 3832 ae
1824 3763 2049 3836 dubitatione
2065 3789 2146 3838 cum
2166 3767 2247 3838 sru-

207 3805 308 3877 sione
323 3805 407 3890 lilii,
431 3819 466 3875 et
480 3801 739 3874 resurreetione
754 3819 987 3880 mortuorum.
1374 3867 1384 3884 .
1517 3865 1526 3883 .
1635 3865 1645 3882 .

309 3907 486 3977 Adfirmat
507 3919 625 3976 autem
648 3905 742 3976 filius
758 3905 847 3991 Dei,
871 3930 907 3977 se
928 3907 968 3975 in
987 3928 1114 3996 geum
1129 3901 1199 3978 hu·
1249 3879 1320 3938 stra
1349 3889 1485 3957 virgam
1515 3875 1717 3935 incussisset
1747 3867 1914 3958 scopulo,
1950 3889 2016 3937 nec
2043 3885 2249 3961 erumperet

208 4033 315 4078 mano
331 4001 582 4080 haereditatem
590 4006 667 4078 sibi
683 4021 861 4079 aeternam
877 4031 1015 4100 semper
1031 4008 1200 4080 collectu-
1249 4094 1439 4164 oppressus
1459 4083 1522 4141 est·
1575 4071 1647 4142 sed
1673 4091 1753 4140 cum
1778 4085 1914 4142 erectus
1933 4094 2029 4141 novo
2053 4071 2189 4142 adflatu
2212 4087 2248 4144 οἱ

1250 4173 1334 4243 lidei
1350 4187 1449 4244 motu
1464 4173 1594 4242 iterum
1611 4170 1732 4242 ieriret
1744 4185 1899 4263 petram,
1924 4173 2031 4245 scissa
2042 4173 2170 4244 effudit
2188 4176 2247 4244 in-

207 4214 285 4304 ipso
300 4213 465 4286 traditam
478 4213 620 4284 discunt
633 4225 667 4282 et
681 4213 956 4307 amplectuntur,
973 4225 1103 4284 etcum
1118 4236 1200 4282 coe-

1250 4297 1335 4366 gens
1348 4298 1523 4369 aquarum
1539 4273 1684 4348 flumen.

208 4327 284 4388 tum
299 4315 369 4384 sibi
382 4339 486 4384 curae
500 4337 584 4385 esse.

311 4413 432 4505 Quare
453 4439 526 4486 non
549 4415 772 4502 dubitemus,
804 4417 919 4488 filium
940 4415 1010 4488 Dei
1032 4429 1066 4487 02
1094 4417 1200 4486 nobis
1351 4391 1429 4466 Etsi
1445 4407 1562 4465 autem
1577 4394 1648 4462 iani
1662 4391 1814 4464 lactatur
1827 4393 2127 4484 propterdiv'inae
2140 4421 2246 4489 prae-

208 4520 344 4604 adesse,
370 4541 521 4611 eumque
535 4519 742 4588 ardentibus
758 4520 848 4590 votis
862 4545 1021 4604 oremus,
1046 4541 1092 4588 ne
1107 4519 1201 4589 inter
1251 4497 1386 4568 willae
1416 4495 1678 4581 ¹⁰⁸ll¹¹¹⁰¹¹l¹¹¹¹¹2
1721 4510 1756 4566 ⁰¹
1779 4495 1863 4589 ‘luia
1888 4495 2048 4566 “idlilffl‘tl
2073 4499 2247 4570 clamet

207 4645 275 4692 nos
286 4623 401 4691 lucem
412 4619 596 4690 doctrinae
610 4643 693 4710 suae
707 4621 876 4712 extingui,
894 4647 960 4692 nec
970 4621 1080 4692 deleri
1093 4620 1200 4690 disci·
1250 4595 1319 4671 h⁰⁰
1335 4623 1430 4670 ¹¹⁰V⁰
1448 4597 1617 4696 beneficii)
1633 4597 1777 4668 “sutili
1799 4611 1914 4667 ‘1³¹¹ss
1941 4609 2060 4668 “¹¹¹0ss
2081 4601 2245 4684 d⁰l⁰rem

208 4723 344 4815 pfimm
359 4717 613 4794 „eccihnicam
629 4723 829 4794 hamarim
845 4724 922 4794 fieri
936 4721 1045 4798 simp²
1075 4719 1200 4792 Hono.
1250 4717 1285 4776 et
1306 4701 1505 4772 recordatio
1528 4699 1777 4792 trepidationis
1802 4713 1838 4770 et
1857 4698 2092 4772 dubitationis
2117 4703 2245 4788 adfert,

1249 3991 1353 4064 aqua,
1377 3968 1496 4039 subito
1513 3981 1548 4039 et
1562 3967 1699 4058 ingenti
1711 3967 1997 4038 consternatione
2011 3969 2154 4042 animus
2169 3971 2247 4042 eius
2303 3967 2311 3976 ’

1250 1677 1430 1750 beneficia.
1481 1671 1530 1746 Et
1552 1676 1717 1746 universa
1741 1671 1927 1746 bominum
1955 1680 2146 1772 sapientia,
2172 1685 2248 1752 col·
2341 1729 2342 1736 κ

1249 2931 1411 3003 tudinem
1434 2932 1589 3023 punivit.
1640 2929 1711 3004 Sed
1734 2945 1874 3017 tamen,
1899 2948 1939 3004 ut
1955 2929 2151 3005 Ecclesiam
2170 2961 2246 3006 ser·
2344 2900 2345 2992 l

1249 3159 1286 3206 se
1309 3137 1394 3205 inde
1418 3135 1615 3206 effusurum
1634 3155 1708 3203 csse
1722 3157 1894 3228 aquarum
1910 3136 2080 3224 flumina,
2105 3140 2247 3230 praebi-
2344 3165 2345 3216 t

1250 3251 1331 3310 tura
1349 3250 1473 3330 potum
1490 3237 1677 3306 universae
1690 3236 1928 3309 multitudini.
1972 3235 2042 3309 Hic
2059 3263 2141 3310 cuin
2159 3265 2246 3310 con·
2344 3229 2345 3282 ³

209 4825 359 4896 atissima
380 4838 501 4896 antem
522 4825 741 4895 consuetudo
764 4801 840 4911 cst}
859 4826 898 4894 in
923 4820 980 4894 bis
1003 4825 1200 4915 congressi·
1250 4818 1286 4876 ⁰2
1304 4803 1405 4876 miili
1422 4803 1581 4873 divinam
1598 4795 1931 4894 reprehfflilffllem»
1956 4827 2025 4897 (1¹¹³
2041 4803 2154 4896 ipsius
2172 4807 2245 4876 dil·
2344 4899 2345 4904 η

208 4924 276 4999 bus
291 4925 667 5000 commonefactionem
683 4939 860 5018 sumptam
875 4951 916 4996 ex
930 4928 1049 5022 aliqua
1063 4927 1200 4997 doctri·
1249 4905 1396 4978 fidentia
1409 4927 1527 4976 *ΜΝ
1543 4917 1693 4976 lffllffl'·

207 5053 336 5102 narum
351 5045 462 5123 parte,
478 5029 603 5101 utilem
617 5027 744 5098 studiis
760 5043 795 5100 et
809 5030 978 5114 moribus,
989 5052 1199 5122 proponere.
1352 5019 1522 5094 Continet
1541 5015 1628 5091 baec
1648 5019 1804 5090 narratio
1825 5019 1938 5092 multa
1954 5019 2109 5113 insignia
2125 5047 2245 5096 exem-

309 5130 430 5221 Quare
448 5157 528 5204 cuin
543 5133 588 5202 de
610 5143 817 5222 argumento
834 5131 1044 5203 deliberanti
1064 5130 1201 5202 veniret
1249 5128 1328 5220 pla,
1353 5147 1505 5217 poenam
1519 5147 1595 5198 non
1609 5123 1722 5192 levero
1738 5121 1883 5215 populi,
1909 5123 1947 5192 in
1965 5147 2037 5216 qno
2061 5126 2169 5198 multi
2189 5151 2245 5198 se-

209 5231 249 5300 in
265 5247 417 5304 mentem
433 5229 581 5306 historia
594 5231 714 5329 Moysi
729 5247 864 5326 petram
880 5234 1128 5325 percutientis,
1154 5234 1198 5303 de
1249 5251 1312 5298 nes
1332 5241 1367 5298 et
1387 5227 1553 5310 iuvenes,
1585 5239 1714 5295 matres
1738 5238 1773 5296 et
1794 5225 1947 5295 infantes
1968 5225 2027 5294 siti
2049 5229 2244 5317 perierunt.

209 5355 281 5425 qua
295 5333 430 5427 alioqui
445 5359 547 5427 saepe
556 5337 688 5426 cogito,
705 5330 798 5406 banc
811 5335 1052 5406 narrationem
1066 5335 1199 5424 delegi:
1248 5329 1345 5402 Hinc
1367 5341 1565 5422 sequuntur
1588 5351 1630 5396 ex
1652 5325 1871 5420 impatientia
1894 5325 2016 5416 magni
2041 5328 2182 5402 furores
2211 5345 2244 5402 et
2297 5417 2301 5426 g

211 5439 302 5526 quae
324 5457 405 5504 cum
425 5436 466 5505 in
486 5437 587 5506 omni
601 5437 673 5508 vita
693 5459 797 5530 saepe
814 5435 999 5527 cogitanda
1019 5449 1088 5524 est,
1115 5437 1199 5529 quia
1249 5431 1483 5506 contumeliae
1504 5431 1673 5500 adversus
1695 5425 1812 5500 Deum
1839 5441 1874 5500 et
1893 5429 2062 5502 adversus
2076 5433 2197 5504 duces.

201 5754 313 5780 ,ἡ
