4718 5828
81 251 136 330 10⁹
499 205 1289 346 oron·1nnaunaun0vtr
1328 244 1614 338 senonen.
1836 237 1843 254 “
2002 263 2077 336 110

77 421 231 498 hominurn
253 421 369 494 studia
391 423 436 492 ad
461 421 691 506 discendum,
720 420 901 514 praeclare
920 443 1034 500 mere-
1086 413 1249 490 Pontifex
1265 419 1504 512 interrogans,
1530 429 1654 520 quanti
1669 447 1826 506 ornasset
1841 433 1991 520 librum,
2017 435 2076 508 ni-

76 525 182 608 birnini¹
196 526 348 616 primum
374 525 418 594 de
444 526 578 616 patria,
609 533 646 594 'et
670 526 714 594 de
744 524 882 594 exteris.
941 519 1032 594 Cum
1087 513 1140 608 hil
1160 535 1299 610 praeter
1322 546 1381 592 eos
1403 541 1564 620 sumptus
1595 536 1778 623 rependit,
1810 537 1908 606 nulla
1930 532 2075 608 authori

75 628 152 699 robis
176 621 382 697 authoribus
405 640 498 698 recte
522 626 630 696 fuerit
663 625 824 696 instituta
857 625 1033 710 iuventus,
1084 645 1150 712 pro
1173 623 1372 710 laborlbffl,
1406 651 1496 720 ‘1⁰0⁸
1516 632 1554 700 ln
1570 633 1768 705 difficilium
1784 662 1890 730 opere
1903 641 2074 710 vertendo

74 727 217 823 praesidio
237 728 371 822 patriae
395 729 477 800 erit:
512 727 708 798 nonenim
731 727 804 798 ulla
827 750 1033 818 propugna-
1085 717 1309 810 exhauserat,
1336 729 1473 798 reddita
1489 756 1633 808 merces.
1683 735 1796 810 Porro
1813 743 1856 810 ad
1875 742 2074 832 exemplum

74 833 149 918 cola,
179 843 236 901 aut
267 830 409 901 moenia
441 831 597 900 firmiora
629 829 775 900 urbium
801 843 1032 900 monumenta
1084 825 1283 916 pertinebat
1310 830 1482 920 ampliora
1506 837 1660 924 praemia
1686 840 1782 924 dari,
1813 841 1869 910 vel
1891 865 1955 932 pro
1978 843 2074 912 libro
2159 839 2165 856 ⁸

74 947 148 1017 sunt,
174 956 275 1026 quam
295 932 514 1017 eruditione,
549 931 737 1024 prudentia
764 944 799 1002 et
819 931 900 1004 aliis
917 931 1032 1002 virtu·
1084 951 1158 996 non
1183 931 1329 1018 perinde
1360 933 1440 1001 utili
1464 948 1504 1004 ut
1529 937 1590 1008 ille
1612 953 1696 1014 erat.
1753 941 1823 1014 Sed
1849 967 1915 1012 nec
1938 945 2074 1016 utilitas

74 1037 144 1106 tibus
155 1035 295 1126 praediti
313 1034 418 1106 cives.
471 1033 667 1124 Spartanus
683 1032 791 1118 dixit,
821 1057 943 1104 muros
969 1035 1031 1104 de·
1083 1029 1199 1120 operis
1225 1033 1399 1122 permovit
1421 1032 1626 1110 Pontificem
1650 1045 1695 1112 ad
1718 1045 1969 1116 remetiendum
1993 1067 2074 1136 gra·

74 1139 134 1207 bere
146 1139 268 1206 ferreos
283 1158 377 1222 esse,
403 1160 478 1205 non
494 1158 625 1206 saxeos.
675 1129 752 1236 Ego
768 1159 852 1204 vero
867 1159 940 1204 non
959 1148 1029 1204 tam
1083 1131 1169 1202 tiam
1186 1133 1397 1206 uberiorem.
1431 1135 1499 1206 Sed
1513 1155 1697 1236 postquam
1710 1143 1998 1218 Florentinorum
2009 1149 2073 1218 be-

74 1239 169 1320 arnis,
198 1262 301 1334 quarn
326 1237 536 1330 prudentia,
570 1236 814 1306 moderatione
844 1249 878 1306 et
901 1237 1030 1328 pietate
1082 1233 1207 1303 neficio
1222 1229 1390 1306 honestae
1413 1253 1504 1310 artes
1526 1245 1736 1316 reviviscere
1758 1272 1920 1340 coepere,
1944 1273 2072 1340 magna

74 1340 183 1408 defendi
204 1339 380 1410 existimo.
437 1337 577 1409 Deinde
600 1338 791 1428 pertinebit
812 1333 879 1408 hoc
897 1339 1029 1408 benefi-
1082 1333 1215 1406 utilitas
1237 1336 1320 1406 inde
1335 1340 1378 1408 ad
1395 1364 1517 1412 omnes
1533 1359 1653 1433 gentes
1668 1349 1824 1420 derivata
1842 1366 1910 1435 est,
1939 1352 2073 1423 multo-

75 1441 143 1512 tiun
158 1431 305 1510 vestrum
323 1443 367 1510 ad
384 1441 557 1536 reliquam
566 1436 817 1531 Germaniam,
843 1464 934 1534 quae
950 1435 1030 1526 huc,
1081 1460 1160 1506 rum
1180 1438 1313 1532 ubique
1336 1441 1482 1513 excitata
1504 1461 1588 1518 sunt
1610 1449 1769 1538 ingenia,
1794 1453 1837 1522 ad
1857 1453 2071 1546 optimarum

75 1545 156 1611 nodo
176 1543 286 1614 faveat
302 1537 400 1612 Deus
422 1545 581 1634 incepto,
614 1541 839 1612 excolendam
861 1543 1030 1612 erudien-
1081 1561 1199 1608 rerum
1223 1541 1394 1616 studium„
1443 1543 1533 1614 Nam
1551 1562 1586 1618 et
1602 1549 1749 1622 Latinos
1772 1549 1935 1624 homines
1957 1553 2073 1628 Grae·

74 1645 190 1736 danque
211 1645 450 1724 iuventutem,
485 1645 635 1714 missura
659 1644 815 1726 videtur,
852 1658 886 1716 et
908 1667 966 1714 eos
989 1645 1028 1714 i⁰n
1081 1665 1204 1710 corum
1227 1645 1416 1714 aemulatio
1446 1649 1489 1716 ad
1513 1651 1662 1738 patriam
1687 1655 1845 1744 linguam
1870 1657 2071 1728 instauran-

73 1745 166 1834 primis
180 1731 322 1815 idoneos
339 1749 383 1814 ad
399 1747 634 1816 moderandas
647 1741 878 1836 Respublicas
893 1747 1027 1818 iudica-
1081 1743 1182 1828 dam,
1213 1768 1303 1837 quae
1327 1769 1416 1836 pene
1439 1749 1601 1820 funditus
1623 1755 1776 1849 collapsa
1801 1772 1893 1842 erat,
1919 1760 2072 1830 extimu-

73 1847 122 1928 tit,
143 1847 194 1939 qui
210 1847 245 1916 in
262 1841 328 1918 hac
343 1849 432 1917 urbe
447 1860 615 1942 tanquam
634 1847 672 1914 in
691 1848 775 1918 ludo
798 1849 841 1918 ad
861 1849 1027 1920 virtutem
1080 1843 1179 1918 lavit.
1230 1845 1272 1916 ln
1287 1848 1438 1918 urbibus
1459 1851 1551 1940 leges
1577 1855 1739 1944 publicae
1758 1863 1963 1932 emendatae
1977 1876 2073 1950 sunt,

73 1945 209 2034 instituti,
246 1961 281 2019 et
314 1950 499 2021 assuefacti
531 1949 676 2022 fuerint.
736 1943 887 2020 Vehitur
920 1943 1029 2020 huius
1080 1947 1234 2040 denique
1255 1946 1445 2040 expurgata
1468 1954 1609 2044 religio,
1633 1961 1971 2050 quaeiacnbatante
1992 1989 2071 2034 mo.

73 2049 147 2118 urbis
158 2075 277 2120 nornen
293 2051 441 2121 summis
452 2051 635 2136 laudibus,
658 2050 703 2120 ab
719 2044 919 2143 hospitibus
932 2053 1026 2142 apud
1079 2043 1275 2142 nachornm
1295 2052 1444 2122 somniis
1467 2056 1593 2126 obruta
1619 2073 1654 2130 et
1677 2087 1855 2153 oppressa.
1921 2063 2002 2154 Qua
2024 2068 2070 2137 de

73 2163 193 2236 exteros,
217 2167 249 2224 et
270 2167 389 2222 vestro
406 2151 577 2222 beneficio
604 2152 787 2223 devinctos
804 2154 942 2224 animos
961 2149 1028 2223 ho·
1079 2173 1117 2218 re
1133 2173 1334 2244 quanquam
1351 2154 1488 2226 variant
1497 2151 1683 2230 hominum
1698 2165 1850 2252 iudicia,
1871 2179 1989 2237 tamen
2006 2192 2069 2259 ego

72 2253 176 2320 minum
192 2253 372 2335 tenebitis,
398 2279 489 2348 quae
506 2277 567 2323 vos
582 2247 768 2322 bominum
784 2255 934 2340 iudicia,
955 2255 1027 2326 nisi
1079 2251 1130 2320 sic
1153 2251 1333 2334 existimo,
1372 2256 1487 2326 honos
1514 2260 1610 2332 viros
1638 2267 1766 2336 rectius
1789 2269 1972 2359 pervidere
1997 2270 2069 2340 vim

72 2351 164 2434 fallor,
187 2357 294 2446 magis
313 2379 418 2448 quam
436 2357 510 2425 ulla
529 2355 678 2448 imperia
697 2355 933 2430 delectabunt.
1079 2365 1311 2440 naturamque
1325 2356 1525 2446 religionis,
1545 2357 1614 2432 boc
1629 2378 1787 2459 ternpore
1804 2371 1959 2442 firmiora
1977 2371 2071 2442 sola-

146 2453 348 2550 Quanquam
370 2471 488 2527 aurem
509 2447 596 2528 haec
625 2457 711 2526 urbs
732 2458 909 2552 plerisque
931 2457 1026 2529 dori.
1078 2455 1127 2524 tia
1146 2453 1383 2528 conscientiae
1410 2472 1547 2546 tencre,
1580 2490 1685 2558 quam
1707 2473 1852 2542 fuerunt
1866 2473 1946 2558 illa,
1979 2496 2071 2566 quae

72 2552 134 2636 bus,
159 2560 208 2628 vel
229 2584 310 2628 curn
334 2557 493 2630 Massilia
521 2559 670 2652 aliisque
695 2558 906 2650 quibusdam
923 2561 1026 2630 urbi·
1079 2557 1186 2648 paulo
1200 2570 1282 2630 ante
1295 2555 1462 2632 monachi
1476 2565 1709 2644 tradiderunt.
1758 2571 1838 2644 Non
1853 2575 2001 2646 dubium
2017 2587 2070 2648 est

72 2655 120 2725 bus
146 2662 314 2732 veteribus
348 2675 481 2731 certare
512 2661 642 2752 possit,
681 2673 798 2730 tamen
827 2662 921 2730 malo
955 2661 1025 2732 iam
1078 2658 1188 2747 igitur
1210 2663 1297 2753 quin
1314 2663 1493 2752 praeclare
1510 2663 1690 2741 Florentia
1709 2675 1936 2746 deonnibur
1953 2677 2070 2767 genti·

72 2781 161 2829 eanrm
173 2764 313 2834 urbium
329 2763 483 2853 exempla
500 2762 602 2832 vobis
617 2787 832 2853 proponere,
854 2787 944 2856 quae
958 2788 1026 2834 no·
1077 2762 1145 2830 bus
1164 2763 1288 2832 merita
1313 2763 1377 2850 sit,
1409 2789 1499 2858 quae
1520 2767 1639 2842 literas
1665 2777 1763 2848 velut
1786 2779 2006 2872 enausragio
2029 2779 2069 2848 in

73 2861 131 2928 stris
142 2866 348 2955 temporibus
364 2865 489 2934 llorere
506 2865 767 2956 praedicantur.
826 2861 1044 2936 Maximum
1077 2875 1220 2956 portum
1233 2867 1382 2957 recepit,
1408 2873 1710 2968 conservavitque.

72 2961 240 3036 beneficium
263 2966 370 3059 paulo
388 2979 470 3036 ante
485 2960 571 3036 haec
587 2981 744 3057 tempora
767 2966 806 3036 in
821 2968 1024 3038 universam
1176 2958 1296 3034 Huius
1309 2967 1408 3036 urbis
1426 2971 1602 3060 exemplo,
1628 3001 1690 3045 vos
1708 2973 1763 3047 his
1778 2981 1915 3052 miseris
1930 2997 2069 3073 tempo-

71 3057 213 3156 Europam
240 3070 329 3138 urbs
350 3065 532 3138 Florentia
562 3069 731 3153 contulit,
764 3093 844 3138 curn
866 3069 1023 3160 primum
1076 3065 1176 3135 ribus
1189 3067 1302 3136 bonas
1315 3081 1406 3140 artes
1420 3073 1615 3160 defendite,
1636 3102 1714 3148 cum
1725 3079 1893 3176 Episcopi
1908 3110 1972 3176 pro
1986 3085 2068 3157 lire-

73 3186 233 3252 graecarum
256 3171 442 3241 literarum
463 3171 675 3262 professores
688 3171 799 3262 patria
814 3171 934 3262 pulsos
950 3172 1026 3242 ius-
1075 3167 1125 3238 ris
1141 3193 1239 3238 arma
1255 3183 1422 3257 tractant,
1448 3187 1482 3243 et
1497 3175 1626 3268 reliqui
1645 3181 1822 3275 principes
1837 3181 1929 3256 hanc
1945 3212 2067 3258 curam

73 3265 351 3357 sitadsediverti,
382 3283 508 3341 elnon
530 3273 637 3342 modo
654 3267 809 3363 hospitio
827 3273 938 3358 iuvit,
962 3275 1024 3342 sed
1076 3293 1113 3339 se
1133 3269 1316 3360 indignam
1335 3275 1489 3359 ducunt,
1516 3279 1643 3367 passim
1661 3287 1898 3358 tumultuatur
1915 3287 2065 3362 Germa·
2159 3348 2164 3358 ,

74 3367 149 3438 etiarn
161 3375 310 3443 reddidit
334 3372 408 3443 illis
431 3396 494 3443 sua
514 3374 649 3458 studia,
674 3387 862 3467 postquam
877 3376 1024 3467 amplis·
1076 3371 1154 3456 nia,
1177 3375 1269 3444 etad
1292 3398 1389 3446 arma
1410 3379 1624 3468 conclamat,
1648 3397 1682 3454 et
1698 3391 1997 3479 quemadmodum
2016 3406 2069 3466 est

75 3467 144 3540 timis
163 3475 343 3566 stipendiis
365 3475 409 3544 ad
431 3475 632 3544 docendum
648 3475 825 3550 invitavit.
876 3475 920 3546 ln
938 3477 1022 3548 reli·
1076 3473 1113 3542 in
1128 3475 1238 3544 veteri
1254 3476 1443 3547 versiculo:
1804 3549 1810 3556 ,

75 3593 123 3661 qut
137 3571 221 3645 ltalia
246 3579 461 3668 professores
481 3577 612 3646 artium
633 3600 652 3644 e
671 3573 820 3647 Graecia
844 3578 1023 3669 profugos,
1124 3578 1252 3644 Pellitur
1273 3605 1290 3642 e
1312 3586 1413 3646 medio
1438 3589 1604 3674 sapientia,
1639 3598 1671 3655 vi
1694 3601 1807 3676 geritur
1829 3621 1887 3661 rer.

75 3693 149 3744 neno
162 3679 362 3767 aspiciebat,
389 3693 423 3748 et
436 3702 507 3748 una
524 3701 603 3746 cum
620 3674 769 3748 Graecia
786 3679 965 3768 linguam,
988 3693 1023 3750 et
1076 3673 1115 3746 ld
1140 3671 1196 3745 his
1217 3678 1342 3748 studiis
1365 3680 1652 3762 maximeoflicit.
1702 3690 1792 3760 Nam
1817 3695 1846 3762 si
1861 3695 1954 3764 inter
1968 3720 2066 3768 arma

74 3769 160 3844 literas
175 3800 310 3866 graecas
333 3779 571 3849 amisissemus
586 3783 859 3870 propemodum,
885 3781 922 3850 ni
938 3779 1023 3854 Flo·
1074 3779 1178 3848 silere
1200 3779 1308 3870 leges,
1335 3795 1428 3852 recte
1444 3783 1533 3856 dixit
1549 3785 1695 3872 Cicero,
1723 3811 1861 3886 quanto
1874 3799 1983 3887 magis
2000 3794 2066 3869 hae

73 3877 154 3947 tentia
181 3881 400 3951 doctissimos
433 3876 597 3950 homines
630 3882 828 3953 calamitate
861 3883 1021 3970 levasset,
1074 3893 1215 3950 nostrae
1237 3895 1330 3952 artes
1352 3885 1617 3974 obmutescunt,
1659 3893 1697 3962 in
1732 3897 1804 3966 otio
1835 3912 1937 3967 natae
1960 3915 2066 3992 atque

75 3979 270 4076 qoodabsque
286 3983 506 4053 Florentinis
521 3982 661 4065 fuisset,
694 3984 852 4054 futurum
869 3985 955 4066 fuit,
981 4001 1022 4056 ut
1074 3983 1189 4052 alitae.
1241 3981 1283 4052 ln
1305 3978 1361 4052 his
1377 3987 1533 4056 motibus
1548 3991 1689 4061 ruinam
1705 4021 1828 4067 omnes
1846 4001 1960 4070 bonae
1974 4019 2066 4074 artes

75 4099 179 4166 prorsus
213 4085 446 4156 obsolesceret
481 4083 592 4153 latina
625 4084 766 4173 lingua,
814 4086 864 4154 sic
898 4086 1020 4156 vitiata
1073 4083 1274 4169 minantur,
1312 4087 1382 4154 nisi
1411 4085 1508 4156 Deus
1537 4089 1677 4179 fulciat,
1709 4122 1750 4167 ac
1778 4095 1834 4168 his
1860 4103 1922 4195 qui
1944 4129 2064 4174 rerum

74 4175 194 4252 barbarie
218 4201 535 4280 conspurcataque:
568 4200 604 4257 et
630 4208 773 4276 graecae
800 4187 941 4276 linguae
975 4213 1020 4256 ne
1073 4187 1261 4276 potiuntur
1285 4202 1439 4260 mentem
1466 4191 1525 4258 det
1546 4189 1767 4268 instaurandi
1790 4203 1973 4274 literarum
1989 4221 2063 4278 stu-

41 4359 42 4364 ἵ
74 4281 178 4372 quidem
197 4289 266 4358 olla
293 4288 363 4356 iam
385 4287 530 4377 vestigia
554 4299 731 4373 extarent,
762 4303 796 4358 et
811 4289 1021 4360 occidissent
1072 4289 1143 4362 dia.
1196 4285 1269 4356 Vos
1292 4312 1375 4360 vero
1394 4313 1438 4360 ne
1455 4291 1612 4363 desistite
1628 4322 1752 4389 urgere
1777 4297 2063 4378 honestissimum

74 4399 122 4451 tna
132 4403 343 4460 monumenta
357 4389 539 4478 religionis
555 4401 713 4470 nostrae,
736 4415 802 4460 nec
814 4391 884 4460 iam
901 4414 1019 4460 sacro-
1072 4404 1105 4460 et
1125 4389 1383 4460 sanctissimum
1407 4395 1640 4483 propositum.
1695 4398 1838 4474 Etenim
1857 4433 1971 4500 neque
1987 4407 2063 4481 Deo

75 4501 127 4551 tun
154 4489 317 4562 librorum
358 4491 499 4574 titulos,
550 4490 676 4560 amissa
717 4515 838 4582 graeca
879 4492 1020 4583 lingua,
1070 4492 1356 4580 gratiusavobis
1373 4494 1526 4564 officium
1541 4498 1677 4588 ullum,
1703 4528 1818 4600 neque
1839 4511 1964 4581 utilius
1976 4514 2064 4583 civi·

75 4584 214 4680 quisquam
237 4593 454 4682 intelligerit.
518 4589 609 4664 Nam
631 4589 768 4664 Romae
789 4595 916 4664 misere
938 4619 1016 4664 esu·
1070 4593 1134 4664 tati
1151 4607 1285 4664 vestrae
1302 4596 1469 4684 praestari
1485 4611 1610 4687 potest.

76 4683 176 4761 ciebant
193 4697 305 4766 exules
326 4695 400 4780 illi,
432 4719 514 4766 cum
538 4693 739 4785 pontificiae
753 4720 856 4786 opes,
881 4699 1018 4787 praeci·
1170 4691 1284 4766 Porro
1300 4721 1378 4766 cum
1393 4711 1485 4768 recte
1501 4701 1591 4772 facta
1609 4704 1807 4802 plerunque
1822 4730 1991 4808 sequatur
2006 4718 2063 4787 in-

76 4805 122 4872 ttt
137 4794 285 4868 collocari
308 4798 479 4869 deberent
500 4798 556 4866 vel
577 4793 616 4864 in
640 4797 880 4884 calamitosos,
906 4799 961 4868 vel
978 4799 1017 4868 in
1069 4797 1183 4882 vidia,
1215 4822 1289 4868 non
1312 4798 1438 4872 dubito
1460 4801 1549 4892 quin
1574 4828 1653 4874 cum
1679 4807 1813 4903 iniquis
1837 4820 2062 4909 quorundam

76 4906 126 4974 tos,
152 4897 205 4988 qui
233 4899 441 4972 tractatione
470 4899 653 4970 literarum
683 4898 847 4990 religioni
872 4925 1016 4994 operam
1070 4899 1211 4970 iudiciis
1234 4900 1334 4970 vobis
1358 4905 1562 4974 certandum
1588 4907 1646 4980 sit.
1703 4909 1847 4987 Sedere
1868 4921 1970 4992 fortis
1993 4921 2062 4992 viri

75 5007 210 5070 navamus,
1069 5001 1242 5072 invidiam
1257 5001 1295 5070 in
1316 5017 1408 5074 reete
1426 5003 1526 5074 factis
1547 5022 1790 5107 contemnere,
1818 5019 1964 5092 fortasse
1985 5045 2062 5094 cer-

144 5091 360 5170 Theodorum
382 5091 552 5186 Gazam,
582 5097 807 5188 boneDeus,
842 5117 1014 5196 quantum
1067 5106 1216 5174 tandum
1231 5115 1282 5174 est
1296 5105 1396 5176 vobis
1415 5119 1448 5176 et
1464 5130 1545 5178 curn
1564 5111 1644 5180 aliis
1661 5114 1947 5206 difficultatibus,
1970 5149 2062 5220 quae

77 5187 156 5264 rirnrn
175 5201 282 5288 aiunt,
307 5227 388 5274 eum
407 5203 488 5273 illos
502 5199 705 5274 Aristotelis
722 5219 756 5274 et
774 5199 1014 5296 Theophrasti
1067 5206 1213 5276 consilia
1236 5219 1352 5278 vestra
1378 5207 1417 5278 in
1441 5205 1669 5298 provehenda
1686 5213 1836 5308 Schola,
1861 5241 2060 5302 remoratu-
2142 5247 2149 5268 ¹

76 5285 194 5371 llmin
205 5304 345 5376 latinam
360 5304 518 5396 linguam
541 5329 660 5375 versos
677 5303 842 5378 Pontifici
860 5307 1013 5392 offerret,
1065 5331 1125 5376 rae
1152 5307 1339 5396 videntur,
1374 5335 1461 5405 quas
1495 5311 1544 5384 ita
1577 5316 1747 5406 vincetis,
1789 5323 1818 5394 si
1845 5329 2061 5423 cogitabitis,

78 5397 190 5472 uticem
215 5401 410 5480 exhibuisse
444 5408 686 5502 sumptuosius
719 5425 905 5494 ornatum,
946 5409 1010 5480 ubi
1062 5403 1140 5482 Deo
1154 5433 1217 5483 vos
1233 5410 1271 5480 in
1286 5405 1401 5486 haere
1416 5439 1550 5486 morem
1566 5440 1700 5510 gerere.
1750 5421 1842 5500 Nam
1859 5433 2062 5510 uirilitatis

1686 5740 1771 5793 1⁶.
