4704 5826
203 289 280 365 illo
762 271 923 352 llllle.
963 269 1039 352 DE
1070 267 1379 354 nocrtttttt
1412 271 1681 358 ΔΝΑΤΟΜ.
2165 281 2244 360 stt
2345 393 2346 404 Ν

170 481 172 486 ’
204 463 246 534 in
277 458 451 554 θυμικῷ,
496 445 688 526 bomendis
718 449 845 544 poenis
873 447 996 522 delens
1030 459 1195 520 naturam
1349 447 1441 524 Cum
1462 464 1582 524 sutem
1604 451 1828 544 agrameimus
1847 447 1943 526 banc
1969 450 2175 526 mirandam
2195 453 2245 524 si-

207 577 353 658 propter
367 559 517 642 scelera,
542 568 576 626 et
590 577 793 648 quanquam
813 575 910 624 nuuc
928 552 967 622 in
990 545 1056 624 bac
1080 550 1198 645 pravi-
1249 553 1492 626 militudinem
1508 553 1722 628 notitiarum
1746 555 1789 626 in
1811 555 1993 630 mentibus
2019 550 2191 628 humanis
2211 571 2246 628 et

208 681 280 742 tate
303 676 468 745 unusne,
493 657 556 730 alii
580 657 687 728 ctiam
707 654 828 727 vitiosi
852 654 1004 744 impetus
1026 655 1066 724 in
1091 656 1198 742 corde
1250 655 1289 728 in
1306 655 1441 742 divina,
1465 655 1735 750 rogitemusnos
1750 653 2035 730 vereDeocarsc
2049 681 2137 738 esse,
2164 681 2247 730 cum
2345 665 2346 694 l

209 767 466 842 accenduntur,
493 774 612 832 umen
626 757 731 828 etiam
746 781 826 828 cum
842 756 880 826 id
898 755 1117 848 lit,‚semper
1137 779 1198 826 ex·
1250 781 1306 830 res
1330 757 1369 828 in
1394 758 1471 852 ipso
1494 759 1664 851 optimas,
1702 758 1839 830 scilicet
1863 759 2058 853 sapientiae
2083 783 2168 832 auae
2188 783 2247 830 η.

208 885 344 942 tremus
359 881 394 936 et
409 859 668 934 valentissimus
684 881 800 930 comes
819 869 870 928 est
886 851 944 928 hic
961 857 1111 944 vindex,
1136 856 1199 952 qui
1251 860 1349 946 dios,
1375 859 1413 930 in
1430 885 1497 934 nos
1511 861 1754 932 tramtuderit
1804 860 1898 934 Sunt
1912 875 1947 934 et
1963 856 2030 934 bae
2044 861 2248 932 divinitatis

209 989 262 1044 est
276 969 393 1040 divini
408 964 532 1036 iudicii
547 975 664 1033 custos
679 974 713 1030 et
727 974 902 1032 executor.
952 957 1202 1031 llaechive-
1252 964 1399 1034 umbrae
1413 961 1451 1032 in
1466 963 1589 1044 nobis,
1613 966 1709 1058 quod
1726 963 2247 1054 nostracmeutescogitationc
2345 1007 2346 1036 t

209 1073 312 1164 stigis
327 1070 366 1140 in
381 1067 488 1139 nobis
504 1067 592 1136 adeo
606 1085 766 1155 expressa
782 1077 818 1134 et
830 1062 1019 1156 conspicua
1034 1075 1136 1148 sunt,
1160 1072 1202 1132 ut
1251 1065 1410 1136 sonnant
1425 1063 1617 1154 imagines,
1641 1078 1676 1136 et
1694 1067 1791 1159 quod
1812 1065 1959 1156 spiritus
1980 1065 2057 1138 nati
2078 1067 2118 1134 in
2141 1067 2247 1135 corde

210 1178 398 1269 plusquam
424 1167 623 1265 cyclopicus
639 1165 742 1236 luror
754 1165 817 1250 sit,
839 1163 935 1234 nolle
949 1187 989 1234 ea
1003 1185 1201 1254 agnoscere,
1254 1167 1455 1240 adfectuum
1488 1167 1649 1239 flammas
1684 1180 1866 1259 spargunt.
1934 1163 2012 1238 Hae
2044 1167 2248 1258 propositae
2345 1229 2346 1232 ,

211 1293 247 1348 et
270 1277 332 1372 qui
357 1297 431 1346 sese
453 1269 648 1362 aspiciunt,
675 1267 779 1338 lateri
802 1279 978 1356 coguntur
1001 1261 1089 1337 baec
1112 1287 1204 1360 quac
1255 1281 1356 1353 sunt,
1376 1281 1418 1340 ut
1437 1291 1517 1340 cum
1539 1268 1704 1340 audimus
1720 1269 1833 1340 lilium
1848 1267 1919 1340 Dei
1937 1267 2118 1338 nominari
2136 1269 2248 1360 patris
2344 1245 2346 1278 ⁴

211 1378 365 1451 dicimus
384 1373 565 1446 verissima
581 1391 667 1442 csse.
1255 1371 1389 1442 aeterni
1412 1371 1622 1461 imaginem,
1646 1365 1708 1444 ael
1725 1363 1859 1470 λόγον,
1885 1369 1984 1460 gigni
2008 1393 2090 1442 eum
2112 1369 2247 1459 cogita-

261 1536 266 1546 .
314 1473 379 1549 Est
409 1489 537 1546 autem·
554 1473 593 1542 in
612 1469 688 1542 Deo
719 1483 752 1542 et
780 1465 848 1540 boc
872 1470 996 1554 decus,
1029 1469 1125 1563 quod
1152 1480 1204 1538 est
1255 1474 1352 1546 tione
1375 1465 1573 1558 discamus,
1599 1472 1764 1564 spiritum
1785 1495 1871 1544 vero
1891 1471 2072 1546 flammam
2094 1495 2170 1544 csse
2192 1471 2248 1540 di-

212 1604 319 1674 agens
334 1579 502 1656 liberum,
523 1575 599 1644 eius
614 1571 699 1643 boui
715 1573 906 1662 imaginem
923 1573 961 1642 in
978 1571 1204 1642 nobisetiam
1256 1575 1332 1645 vini
1349 1575 1491 1648 amoris.
1542 1577 1583 1644 ln
1598 1568 1726 1645 harum
1741 1575 1972 1645 maximarum
1990 1597 2112 1644 rerum
2130 1574 2246 1646 consi·

212 1683 372 1776 conspici
394 1679 528 1762 voluit,
559 1677 656 1770 quod
683 1687 719 1746 et
742 1677 787 1744 ad
811 1674 1103 1764 gubernationem
1124 1695 1205 1742 mo·
1257 1677 1440 1748 deratione
1456 1697 1522 1748 nos
1538 1675 1703 1748 adiuvari
1714 1675 1939 1768 adopertione
1956 1689 2106 1748 naturae
2130 1671 2248 1746 bomi-

212 1809 294 1858 rum
313 1783 402 1855 utile
419 1793 491 1865 est,
515 1780 762 1868 obtemperant
784 1780 839 1871 τῷ
859 1772 1070 1875 ἡγεμονικῷ
1090 1773 1205 1856 nemi,
1257 1780 1315 1850 nis
1342 1779 1526 1850 latendum
1556 1791 1623 1849 est:
1652 1777 1735 1848 ideo
1757 1777 1854 1848 enirn
1880 1777 2027 1867 vestigia
2049 1777 2248 1848 divinitatio

214 1903 249 1960 et
279 1900 397 1957 motus
429 1880 623 1952 voluntarii
658 1879 911 1967 instrumenta,
959 1877 1010 1948 ita
1044 1889 1086 1948 ut
1113 1876 1205 1946 ciere
1257 1881 1369 1952 mults
1391 1879 1496 1952 nobis
1513 1880 1801 1972 impresserunt,
1826 1891 2113 1968 utsgnoseamua
2130 1874 2247 1948 mhi.
2345 1917 2346 1928 η

212 1990 374 2064 membra
402 1999 547 2056 externa
577 2005 641 2052 suo
670 1979 819 2052 arbitrio
851 1979 973 2072 possit.
1041 1973 1206 2050 [latrabit
1257 1995 1410 2068 tectum,
1441 1995 1476 2054 et
1504 1995 1578 2054 tota
1608 1995 1729 2052 nostra
1752 1983 1824 2054 vita
1847 1982 1893 2050 ad
1916 2000 2080 2054 normam
2104 1981 2247 2052 divinae

105 2149 110 2156 .
214 2085 394 2165 Achillem
415 2081 459 2159 τὸ
481 2078 723 2183 ἡγεμονικὸν,
758 2096 792 2153 et
813 2084 939 2155 manus
961 2075 1121 2166 cohibet,
1160 2103 1206 2149 uc
1258 2083 1387 2158 mentis
1405 2097 1594 2174 congruat,
1625 2085 1727 2156 cuius
1752 2083 1792 2154 in
1812 2105 1878 2154 nos
1900 2083 2099 2154 similitudo
2131 2096 2247 2153 trans-

215 2191 430 2264 interficiaut
453 2185 777 2278 Agamemnonem,
809 2185 869 2254 sed
892 2184 1054 2276 gladium
1083 2203 1206 2254 rursus
1257 2187 1333 2258 lusa
1346 2199 1408 2258 est.
1460 2181 1634 2257 Additum
1652 2199 1769 2256 autem
1792 2197 1843 2256 cst
1857 2180 2062 2281 θρεπτικὸν
2084 2186 2246 2278 superio-
2345 2193 2346 2196 ’

215 2297 257 2367 in
273 2294 435 2384 vaginam
455 2289 621 2360 condant.
672 2283 768 2358 Haec
783 2286 926 2356 libertas
944 2287 983 2356 in
999 2285 1104 2356 nobis
1121 2283 1207 2356 reli-
1258 2289 1358 2360 ribns
1379 2287 1534 2374 viribus,
1568 2311 1640 2382 quo
1660 2309 1767 2380 opere
1792 2299 1942 2358 testetur
1970 2281 2186 2360 architectus
2213 2309 2248 2356 se

216 2411 368 2493 quaeat,
391 2404 481 2464 etut
496 2389 728 2462 sitlrenatrix
744 2389 939 2460 errantium
961 2388 1207 2481 cupiditatum,
1258 2391 1364 2464 etiam
1389 2391 1482 2462 vitae
1503 2413 1692 2482 corporum
1716 2388 1917 2474 consulere,
1945 2411 1981 2459 se
1999 2389 2090 2458 velle
2111 2389 2249 2460 nutrire

216 2515 251 2571 et
267 2493 585 2570 commonefaciant
599 2515 683 2576 nos,
709 2491 828 2561 Deum
846 2513 928 2560 vere
944 2514 1018 2562 esse
1039 2512 1145 2580 egens
1159 2487 1206 2557 li·
1258 2508 1292 2566 et
1306 2493 1426 2563 lovere
1442 2487 1638 2562 humanum
1655 2513 1776 2578 genus.
1816 2487 1869 2560 lta
1885 2490 2110 2582 providentia
2124 2490 2249 2560 divina

117 2660 122 2671 s
215 2604 362 2684 berum,
387 2621 464 2667 non
488 2594 583 2665 enirn
604 2618 624 2662 a
649 2615 749 2663 serva
774 2595 923 2676 natura,
948 2591 1052 2688 quale
1072 2613 1206 2662 numen
1258 2607 1293 2666 et
1321 2615 1424 2664 amor
1451 2615 1532 2684 erga
1560 2615 1628 2664 uos
1656 2591 1697 2662 in
1726 2591 1895 2664 omnibus
1916 2592 2069 2664 aedificii
2088 2592 2249 2686 partibor

216 2705 356 2794 lingunt
373 2697 502 2782 Stoici,
527 2695 679 2766 liberum
697 2716 802 2783 agens
817 2693 925 2764 condi
941 2693 1125 2785 potuisset.
1258 2694 1484 2790 conspicitur.
2091 2733 2098 2742 ·

319 2800 503 2874 Praeterea
520 2811 604 2868 sunt
620 2809 654 2866 et
670 2797 760 2866 aliae
773 2796 812 2865 in
828 2796 934 2866 uobis
950 2796 1121 2886 imagines
1135 2793 1206 2866 Dei
1359 2795 1575 2872 Confirmata
1591 2807 1708 2868 autem
1725 2795 1927 2868 assensione
1943 2797 1988 2866 de
2011 2796 2250 2886 providentia,

181 2931 184 2936 ¹
217 2908 408 2999 impressae
430 2901 556 2985 nobis,
587 2912 627 2972 ut
651 2898 723 2971 sint
739 2911 775 2972 et
796 2899 1142 2970 commonefactrices
1163 2899 1208 2967 dc
1258 2913 1378 2994 postea
1399 2911 1599 2992 sequuntur
1621 2911 1776 2970 caeterae
1800 2898 1968 2984 virtutes,
1994 2921 2148 2990 quarum
2165 2921 2250 2968 nor·
2344 2953 2345 2960 a

218 3010 317 3101 ipso,
344 3019 378 3077 et
392 3003 463 3074 sint
479 3003 651 3073 virtutum
669 3001 804 3072 semina
818 3015 852 3070 et
868 2999 1022 3081 stimuli,
1043 2999 1208 3068 videlicet
1259 3025 1336 3072 mae
1352 3000 1524 3073 lucentin
1539 2999 1729 3074 mentibus.
1781 2997 1893 3072 Tueri
1912 2995 1979 3070 hoc
1992 2995 2061 3068 Dei
2074 3001 2249 3092 templum

219 3103 395 3206 στοργαὶ,
422 3128 523 3175 amor
539 3102 672 3173 sobolis
689 3101 729 3172 in
749 3103 975 3192 parentibus,
1001 3114 1037 3172 et
1053 3101 1209 3170 benevo-
1259 3103 1481 3187 studeamus,
1506 3125 1579 3172 non
1595 3101 1760 3186 cedibus,
1785 3125 1860 3170 non
1884 3101 2156 3192 intemperantia
2173 3101 2251 3172 vio-

218 3211 329 3283 lentia
354 3212 392 3278 in
415 3205 536 3277 sobole
559 3226 640 3294 erga
662 3217 844 3296 parentes,
868 3203 1110 3274 misericordia
1128 3225 1207 3292 erga
1260 3205 1392 3288 lemus,
1425 3228 1501 3275 uon
1522 3203 1724 3294 polluamus
1750 3203 1944 3274 libidinum
1970 3203 2250 3278 confusionibus.

219 3313 453 3392 calamitosos,
478 3305 636 3376 defensio
651 3305 864 3398 supplicum,
890 3305 1065 3376 amicitiae
1081 3328 1210 3400 aequa-
1263 3305 1434 3378 Videmus
1457 3305 1613 3396 singulas
1632 3317 1748 3398 partes
1767 3305 1812 3374 ad
1835 3307 2018 3390 ordinem,
2044 3307 2249 3376 atmodum

218 3417 309 3487 lium
335 3426 369 3482 et
393 3406 549 3481 honestis
571 3405 696 3478 officiis
712 3407 994 3478 cordunctorum.
1046 3401 1124 3477 Etsi
1144 3430 1209 3477 au·
1261 3421 1397 3480 certum
1412 3408 1520 3478 lactas
1535 3429 1619 3476 esse.
1670 3403 1745 3476 Has
1760 3406 1809 3478 ita
1825 3430 1963 3497 regere,
1987 3419 2164 3478 utearum
2186 3430 2249 3476 na-

218 3533 290 3592 tem
301 3513 430 3592 Stoicis
444 3509 634 3582 ridiculum
648 3505 872 3579 videturDeo
887 3510 1042 3579 tribuere
1057 3509 1210 3592 affectus,
1262 3525 1340 3582 tura
1360 3509 1534 3602 postulat,
1573 3507 1749 3578 iusticiam
1773 3529 1847 3578 erae
1869 3507 2121 3598 intelligamus.
2180 3506 2250 3579 Hic

221 3615 505 3710 tanp‘enlquoties
529 3612 568 3681 in
591 3609 790 3682 calamitate
815 3611 948 3680 sobolis
971 3623 1133 3704 parentes
1155 3610 1210 3679 sui
1262 3613 1292 3682 si
1314 3612 1358 3682 de
1380 3609 1529 3702 singulis
1551 3609 1710 3702 partibus
1733 3608 1925 3680 dicendum
1946 3621 2053 3695 essct,
2080 3633 2171 3704 quae
2193 3611 2249 3680 di·
2343 3599 2344 3616 ¹

221 3721 352 3793 amoris
368 3731 403 3787 et
419 3713 554 3789 doloris
574 3713 723 3783 vulnera
738 3712 916 3797 sentiunt,
940 3713 1093 3802 cogitent
1112 3711 1211 3780 simi·
1261 3737 1443 3784 versarum
1472 3713 1643 3784 virtutum
1663 3711 1788 3782 olliciis
1811 3713 1988 3797 serviunt,
2013 3712 2121 3782 nimis
2144 3712 2248 3802 longa

220 3825 292 3895 lem
314 3842 470 3892 autorem
490 3839 564 3888 esse
584 3815 623 3884 in
635 3813 713 3886 Deo
733 3837 815 3903 erga
836 3814 949 3883 lilium
977 3829 1011 3885 et
1032 3836 1112 3904 erga
1133 3835 1211 3898 uos,
1262 3817 1380 3886 sutura
1397 3827 1486 3884 esset
1502 3813 1628 3884 oratio.
1679 3811 1748 3886 Sed
1767 3826 1884 3883 nmen
1908 3838 1972 3884 vos
1994 3809 2184 3900 adhortor,
2210 3829 2249 3884 ut

221 3947 305 3996 nam
323 3925 368 3996 de
382 3921 455 3992 lilio
471 3913 630 4011 expresse
643 3917 747 3988 dicit:
772 3912 843 3987 Hic
859 3929 914 4018 est,
931 3915 1025 3987 lilius
1040 3939 1138 3985 meus
1154 3914 1211 3983 di·
1262 3919 1333 3987 iam
1346 3930 1481 3986 mentes
1494 3929 1629 3986 vestrae
1643 3914 1759 4007 ipsum
1774 3909 1954 3986 homiuem
1968 3915 2191 4000 intueantur,
2217 3929 2249 3986 et

174 4048 177 4064 ·
221 4027 351 4107 lectus,
379 4049 450 4120 quo
465 4021 638 4103 delector,
661 4013 758 4090 hunc
773 4016 903 4092 audite.
949 4015 1132 4088 Veranon
1147 4017 1212 4085 fri·
1264 4019 1302 4088 in
1325 4018 1480 4114 partium
1500 4017 1713 4088 substantiis
1738 4017 2065 4089 dissimilitudinem
2089 4031 2248 4088 contem-

223 4133 325 4223 gida,
350 4151 422 4198 non
439 4123 604 4194 simulata
622 4121 765 4190 dilectio
787 4131 838 4189 est
861 4119 900 4188 in
916 4117 989 4190 Deo
1015 4127 1211 4210 erga'rectc
1263 4120 1423 4212 plemini.
1483 4117 1560 4190 Stat
1584 4117 1719 4189 cerebri
1746 4117 1944 4208 fastigium,
1980 4131 2015 4189 et
2039 4141 2121 4189 suas
2142 4113 2249 4192 hahet

224 4235 430 4303 invocantes
446 4227 574 4318 ipsum,
599 4237 632 4294 et
649 4246 749 4302 vera,
775 4235 810 4292 et
823 4221 947 4312 ingens
960 4222 1030 4306 ira,
1055 4232 1213 4316 quaeest
1263 4221 1429 4292 cavitates
1446 4221 1634 4312 spirituum
1648 4220 1787 4310 plenas,
1813 4221 1959 4312 perinde
1975 4233 2015 4294 ut
2030 4215 2098 4292 hoc
2110 4223 2247 4292 coelum

223 4332 384 4406 iustitiae
406 4329 536 4397 vindex
556 4338 593 4395 et
612 4338 740 4397 custos.
791 4321 886 4394 Sunt
901 4323 940 4390 in
954 4323 1153 4417 aliquibus,
1178 4335 1213 4392 et
1263 4323 1423 4395 ambiens
1440 4323 1569 4392 molem
1585 4322 1759 4415 reliquam
1778 4321 1993 4394 universam.

223 4432 387 4508 heroicae
406 4430 576 4529 quaedam
598 4427 778 4508 llammae,
803 4425 860 4494 vel
881 4425 1091 4516 sapientiae,
1114 4423 1211 4494 utin
1366 4423 1499 4496 Natura
1521 4423 1627 4494 etiam
1651 4423 1787 4494 cerebri
1801 4423 1926 4494 similis
1939 4435 1992 4494 est
2007 4424 2159 4496 coelesti.
2204 4421 2248 4496 Et

223 4533 501 4612 vaticinantibus
529 4541 563 4601 et
596 4527 848 4598 excellentibus
875 4527 1089 4610 artificibus,
1121 4549 1213 4618 quo-
1263 4527 1354 4598 fiunt
1384 4527 1422 4596 in
1450 4549 1492 4596 eo
1517 4527 1674 4596 actiones
1698 4527 1898 4610 mirandae,
1931 4525 2107 4617 cognitio,
2140 4528 2248 4598 ratio·
2342 4571 2343 4618 p

224 4663 306 4712 rum
324 4635 454 4708 iudicia
473 4631 602 4702 similia
626 4643 708 4703 sunt
730 4627 926 4713 vaticiniis,
952 4629 1009 4700 vel
1029 4627 1212 4698 fortitudi-
1264 4627 1417 4713 cinatio,
1447 4627 1668 4700 conservatio
1694 4627 1889 4718 imaginum
1912 4627 1951 4696 in
1972 4627 2164 4714 memoria,
2195 4653 2249 4699 re·
2342 4619 2343 4622 ¹

223 4737 301 4822 nit,
327 4753 367 4810 ut
383 4739 422 4807 in
438 4731 653 4805 Alexandro.
703 4729 753 4804 Hi
768 4743 884 4800 motus
898 4731 1003 4802 etiam
1020 4730 1213 4802 ostendunt
1264 4729 1434 4802 cordatlo.
1487 4728 1586 4819 Quas
1601 4730 1755 4800 actiones
1779 4730 1855 4800 fieri
1877 4729 2066 4820 spirituum
2088 4753 2155 4822 ope
2177 4755 2247 4802 non

221 4841 500 4914 familiaritatem
524 4833 592 4904 Dei
614 4857 694 4908 cum
715 4827 934 4902 hominibus.
989 4831 1080 4903 Tam
1099 4831 1213 4906 multa
1262 4832 1414 4906 dubium
1438 4845 1508 4916 est,
1542 4845 1577 4903 et
1600 4853 1675 4902 esse
1698 4831 1799 4924 quasi
1821 4832 2038 4924 pulsationes
2060 4831 2247 4922 spirituum

223 4943 426 5018 testimonia
442 4939 603 5021 deDeo,
627 4959 707 5005 cum
724 4935 763 5002 in
783 4933 888 5006 uobis
909 4935 1106 5018 cernimus,
1125 4955 1213 5002 con·
1264 4937 1307 5004 ad
1332 4934 1467 5004 cerebri
1491 4955 1630 5024 corpus.
1697 4930 1864 5004 Nascitur
1889 4948 2006 5006 autem
2035 4933 2183 5026 spiritus
2213 4935 2247 5002 in
2341 4923 2342 4938 ¹

222 5045 358 5118 linnari
381 5041 619 5113 assensionem
644 5038 689 5105 de
708 5035 931 5128 providentia
948 5031 1043 5106 'nihil
1061 5033 1211 5106 dubium
1264 5037 1389 5121 corde,
1415 5050 1449 5106 et
1464 5049 1583 5125 postea
1608 5057 1718 5104 novas
1735 5035 1847 5120 vires,
1869 5059 1998 5106 novam
2020 5036 2134 5106 lucem
2160 5037 2248 5108 aeci·

223 5163 287 5224 est.
337 5145 566 5215 Haecantem
582 5140 736 5214 mansio
753 5137 834 5207 lons
850 5151 903 5212 est
915 5139 1106 5208 multarum
1124 5137 1213 5205 slia-
1265 5137 1376 5229 pitin
1398 5137 1553 5214 cerebro,
1604 5134 1700 5206 Haec
1715 5139 1779 5207 etsi
1796 5137 1957 5209 noudum
1976 5137 2249 5229 introspicimus,

222 5273 304 5321 rum
321 5249 504 5319 virtutum.
555 5241 603 5315 Ut
619 5255 734 5312 autem
752 5233 837 5308 haec
852 5240 1052 5312 testimonia
1072 5251 1213 5313 utcum-
1264 5253 1382 5310 tamen
1399 5239 1524 5314 existat
1540 5239 1579 5311 iu
1597 5239 1703 5308 nobis
1725 5253 1906 5312 tantonrm
1928 5263 2075 5330 operum
2097 5241 2250 5312 admire-

221 5375 292 5445 quc
307 5349 405 5422 cerni
424 5361 461 5418 et
484 5344 636 5435 intelligi
658 5341 812 5436 possint,
832 5339 1031 5414 aedilicium
1054 5336 1213 5419 hominis
1265 5341 1336 5424 tio,
1359 5353 1394 5413 et
1409 5341 1517 5412 simul
1534 5339 1666 5432 opificii
1682 5340 1927 5426 etconditoris
1942 5341 2140 5412 moerentia
2161 5342 2248 5412 erci-
2271 5399 2275 5406 .

222 5453 332 5545 aspici
349 5461 498 5543 oportet.
1265 5456 1392 5517 tetur..
1422 5441 1504 5516 Nou
1524 5442 1614 5516 coeli
1638 5437 1790 5535 puritas,
1823 5467 1898 5516 nou
1921 5443 2103 5516 stellarum
2124 5445 2247 5536 fulgor,
