4646 5824
70 237 136 315 m
294 265 298 268 -
403 183 405 188 ’
489 229 648 317 unca.
693 194 1658 324 nnnrcrorauxnurususrne
1752 297 1756 306 ,
2008 235 2140 332 rso'

155 405 243 501 Cum
267 407 381 500 igitur
405 421 476 482 tarn
495 410 612 482 dulcis
632 411 827 484 consolatio
850 410 890 482 in
909 411 1039 486 talibus
1094 406 1137 480 ln
1162 401 1219 479 his
1242 410 1411 504 exemplis
1433 407 1731 508 monstratjDeus
1752 417 1842 492 iram
1869 439 2000 494 suamc·
2023 430 2083 498 scd

70 509 158 582 dictis
182 511 359 604 proposita
381 511 444 592 sit,
477 511 642 602 inligatur
664 513 813 598 animis,
845 525 887 586 ut
908 537 975 584 nos
1000 512 1047 582 in*
1095 535 1140 580 ne
1155 523 1269 581 totum
1288 535 1397 602 genus
1416 505 1613 585 humanum
1636 517 1673 586 in
1695 521 1916 613 sempiternis
1932 527 2084 598 miseriis

70 625 159 690 cursu
174 606 401 684 honestorum
418 613 649 686 consiliorum
665 615 860 704 confirmet.
1094 611 1156 697 sit,
1181 613 1279 682 Deus
1290 611 1459 684 immensa
1470 616 1709 689 misericordia
1725 637 1869 714 propter
1881 627 1993 696 filium
2008 629 2082 699 col-

154 708 302 784 Addidit
318 727 435 784 autem
453 713 565 786 Divus
579 713 712 786 Paulus
729 715 967 788 eruditissime
983 739 1040 786 ra·
1092 713 1171 802 ligit
1184 709 1396 800 Ecclesiam,
1422 729 1456 786 et
1480 715 1595 802 iuvat,
1627 733 1668 790 ut
1683 721 1714 790 ei
1730 723 1848 817 aliqua
1869 739 1965 814 grata
1984 729 2081 806 fiant.

69 817 184 886 tionem
200 839 218 884 a
243 837 347 886 causa
365 815 461 884 finali
477 829 668 908 sumptam:
703 815 821 906 Quam
835 818 883 886 ob
899 839 1038 886 causam
1091 811 1184 884 Nero
1210 811 1324 884 Deum
1350 814 1496 885 immani
1516 818 1637 888 surore
1660 826 1869 896 contemnit:
1896 840 1932 898 at
1947 826 2080 902 Paulus
2099 843 2121 922 Q

69 915 186 1004 colligit
209 929 244 986 et
264 917 363 986 iuvat
388 915 483 988 Deus
505 913 723 990 Ecclesiam?
772 915 922 1009 Propter
938 911 1040 1003 hanc,
1090 913 1223 986 interea
1239 938 1356 986 veram
1370 914 1497 988 deDeo
1514 921 1712 992 doctrinam
1729 926 1877 1016 spargit,
1898 951 1981 998 vere
1997 955 2079 1004 eum

68 1015 183 1109 inquit,
207 1029 245 1088 ut
261 1017 380 1110 aliqua
396 1013 473 1086 Deo
489 1032 584 1107 grata
602 1019 698 1088 hant.
1091 1015 1252 1100 invocat,
1277 1029 1312 1086 et
1330 1031 1482 1108 praestat
1497 1035 1629 1092 caetera
1650 1024 1762 1094 officia
1780 1026 1846 1118 ipsi
1863 1043 1973 1117 grata.
2026 1029 2078 1102 lta

153 1117 245 1190 llaec
274 1113 370 1188 enim
405 1118 525 1190 nativa
552 1133 604 1192 est
635 1117 825 1197 verborum
854 1117 1040 1190 sententia.
1090 1141 1205 1201 nunc,
1240 1117 1303 1186 etsi
1328 1117 1430 1190 multi
1454 1122 1596 1214 tyranni
1622 1137 1656 1194 et
1674 1123 1736 1194 alii
1759 1119 1875 1200 hostes
1892 1125 2079 1220 Evangelii

66 1212 183 1312 Estque
200 1218 349 1290 eruditis
372 1217 568 1290 iucundum
591 1233 626 1293 et
651 1220 755 1290 valde
772 1221 886 1306 utile,
905 1221 1039 1294 intelli·
1088 1213 1203 1290 Deum
1227 1230 1477 1303 contemnunt,
1510 1234 1628 1294 tamen
1647 1225 1697 1317 pii
1714 1228 1980 1302 concionatores
1999 1231 2076 1306 Deo

68 1341 134 1408 gere
153 1313 326 1412 phrasim,
360 1334 394 1391 et
417 1323 607 1392 verborum
629 1323 813 1413 ponderas
858 1321 1038 1394 Discernit
1089 1331 1186 1408 grata
1203 1318 1352 1389 iaciunt:
1380 1333 1414 1390 et
1436 1321 1485 1412 pii
1507 1317 1705 1396 scholastici
1724 1329 1892 1418 sedulitas
1910 1332 2078 1406 discentis

67 1433 166 1490 autem
187 1417 353 1492 hocloco
372 1421 488 1492 Divus
503 1419 635 1492 Paulus
649 1422 774 1492 mundi
794 1422 948 1508 furores,
974 1421 1037 1516 qui
1060 1505 1064 1518 ‚
1087 1413 1341 1509 Evangelium,
1364 1422 1497 1511 gratius
1512 1448 1603 1514 opus
1616 1423 1695 1498 Deo
1710 1441 1783 1514 est,
1809 1455 1914 1524 quam
1936 1430 2077 1506 Hercu·
2102 1439 2112 1446 '

67 1518 141 1590 iram
157 1519 218 1590 Dei
234 1518 456 1594 horribiliter
479 1521 639 1608 irritant,
664 1523 912 1596 asalutarihus
927 1523 1037 1596 actio·
1060 1523 1063 1558 ¹
1086 1515 1151 1606 lis,
1183 1518 1397 1607 Alexandri,
1428 1537 1490 1594 aut
1515 1523 1597 1596 lulii
1621 1527 1758 1598 labores
1779 1530 1938 1621 ingentes
1961 1533 2001 1604 in
2023 1548 2076 1608 tot

66 1623 158 1692 nibus
181 1636 215 1693 et
235 1622 313 1694 Deo
329 1625 569 1714 placentibus,
601 1649 691 1717 quae
710 1623 799 1694 fiunt
815 1625 853 1694 in
868 1619 1036 1698 Ecclesia.
1060 1559 1064 1694 l
1086 1621 1246 1712 praeliis,
1278 1620 1317 1690 in
1337 1635 1390 1692 tot
1412 1624 1555 1696 urbium
1582 1629 1747 1712 excidiis,
1778 1629 1816 1702 iu
1830 1645 1893 1712 ,tot
1916 1634 2076 1727 gentium

68 1721 164 1810 Quasi
176 1724 285 1794 dicat:
319 1723 400 1795 Non
416 1725 492 1796 vult
504 1721 602 1796 Deus
620 1725 825 1796 uuiversum
842 1747 952 1815 genus
968 1719 1036 1794 hu·
1086 1721 1376 1813 dissipationibus
1391 1727 1602 1818 consumpti.

66 1847 192 1896 manum
207 1825 336 1896 frustra
352 1827 536 1896 conditum
552 1849 645 1907 esse,
669 1839 703 1898 et
724 1827 883 1898 furenter
897 1850 938 1895 ac
951 1825 1037 1896 assi·
1187 1819 1283 1893 llaec
1306 1825 1448 1896 collatio
1468 1851 1571 1918 saepe
1596 1831 1780 1922 cogitanda
1797 1848 1867 1924 cst,
1892 1849 1933 1910 ut
1947 1859 2012 1908 nos
2029 1839 2073 1908 ad

67 1923 124 1995 due
141 1922 254 1996 Deum
272 1928 486 1998 contumelia
509 1927 672 1998 adficere:
705 1927 768 1998 sed
795 1926 948 2019 excerpit
970 1927 1036 1996 ali·
1086 1923 1201 1996 studia
1218 1925 1313 1994 etad
1331 1920 1495 2001 honestas
1511 1929 1665 2004 actiones
1688 1929 1754 2005 hae
1772 1939 1862 2008 duae
1879 1961 2002 2010 causae
2016 1939 2075 2010 in-

68 2047 156 2118 quam
178 2040 332 2118 partem,
365 2052 455 2122 quae
478 2041 643 2118 agnoscat
665 2027 799 2120 ipsum,
825 2041 859 2100 et
881 2049 963 2098 vere
979 2051 1037 2098 ce·
1086 2026 1215 2096 vitent:
1249 2027 1344 2120 quod
1366 2029 1530 2104 videlicet
1557 2033 1729 2124 auxilium
1747 2033 1816 2106 Dei
1843 2039 2074 2130 promittitur.

68 2125 180 2214 lebret,
199 2129 281 2199 etei
299 2143 397 2220 grata
412 2129 526 2198 ollicia
541 2141 707 2221 praestet,
734 2129 897 2200 videlicet
911 2126 1037 2220 Eccle-
1085 2121 1132 2198 Et
1153 2128 1248 2220 quod
1272 2127 1433 2201 adfirmat
1454 2127 1551 2202 Deus
1571 2135 1685 2206 officia
1703 2133 1880 2209 Ecclesiae
1894 2141 1959 2211 sibi
1976 2149 2074 2230 grata

68 2229 150 2302 siam.
198 2233 243 2300 At
261 2231 301 2299 in
316 2231 452 2324 reliqua
468 2231 697 2302 multitudine
713 2230 835 2324 quales
851 2229 922 2304 sint
935 2231 1037 2308 iuro,-
1086 2250 1172 2300 esse.
1226 2225 1334 2317 Quod
1350 2255 1430 2302 curn
1445 2231 1492 2304 ita
1507 2233 1571 2318 sit,
1594 2249 1741 2328 propter
1754 2239 1813 2330 pia
1833 2241 1950 2312 studia
1964 2255 1999 2314 et
2014 2266 2074 2312 ve-

68 2351 128 2410 res,
150 2329 281 2402 indicat
295 2329 442 2402 Psalm.:
477 2331 575 2404 Dixit
595 2332 766 2424 insipiens
785 2333 823 2402 in
839 2335 944 2403 corde
961 2355 1038 2418 suo,
1085 2353 1161 2399 ram
1192 2327 1627 2424 invocationem‚.magna
1659 2339 1812 2429 praemia
1842 2342 1905 2416 dat
1925 2341 2075 2432 siugulis

68 2451 128 2502 nou
142 2443 190 2501 est
201 2429 309 2513 Deus.
347 2431 498 2502 Plurimi
514 2433 629 2524 palam
645 2446 730 2504 sunt
742 2428 927 2526 Epicurei,
950 2429 1038 2504 hor·
1086 2430 1270 2522 privatim,
1295 2444 1329 2501 et
1353 2433 1436 2506 totis
1457 2435 1620 2524 gentibus
1636 2440 1884 2517 communiter.
1933 2441 2076 2532 Pacem,

69 2529 149 2600 ribili
164 2533 313 2604 amentia
327 2535 588 2621 adseverantes,
614 2530 706 2604 nihil
722 2533 930 2620 esseDeum,
953 2536 1037 2606 nul·
1085 2531 1237 2614 victum,
1271 2533 1452 2606 moderata
1477 2535 1643 2627 imperia,
1681 2541 1924 2612 doctrinarum
1946 2544 2075 2628 lucem,

68 2629 125 2699 lam
144 2657 211 2704 esse
230 2635 513 2726 providentiam,
546 2636 667 2706 omnia
689 2657 770 2706 casu
786 2649 867 2706 nata
884 2659 976 2721 esse,
1001 2651 1035 2710 et
1086 2631 1123 2700 in
1140 2631 1298 2702 consiliis
1320 2646 1356 2704 et
1377 2635 1526 2724 negotiis
1549 2639 1697 2728 privatis
1711 2653 1745 2710 et
1759 2642 1910 2732 publicis
1931 2643 2075 2715 foelices

69 2730 193 2803 interire
214 2759 317 2820 casn,
353 2731 446 2808 nihil
466 2751 597 2808 restare
618 2731 774 2806 hominis
798 2737 893 2828 quod
923 2737 1037 2826 vigeat
1085 2754 1281 2812 successus,
1314 2737 1374 2804 dat
1395 2733 1509 2806 Deus:
1543 2739 1625 2830 quia
1648 2735 1825 2812 Ecclesiae
1850 2744 1963 2814 officia
1989 2769 2074 2835 pro-

69 2837 207 2925 etrapiat
229 2831 414 2927 posthanc
431 2838 549 2909 vitam.
600 2831 674 2906 Alii
696 2837 799 2906 multi
816 2837 953 2924 fingunt
967 2838 1035 2906 sibi
1085 2835 1156 2903 bat.
1214 2831 1311 2920 Quid
1335 2847 1384 2904 est
1408 2837 1564 2924 tristius,
1595 2863 1701 2932 quam
1731 2837 1913 2914 hominem
1946 2845 1994 2914 ita
2018 2846 2074 2912 vi-

68 2931 121 3022 ipsi
137 2940 299 3020 numina,
327 2951 360 3008 et
378 2939 443 3008 Dei
456 2933 628 3008 honorem
645 2935 811 3008 tribuunt
826 2939 962 3011 statuis.
1085 2957 1185 3017 vere,
1209 2947 1250 3004 ut
1272 2947 1409 3006 tantum
1431 2937 1545 3009 irritet
1567 2939 1656 3010 iram
1672 2937 1758 3027 Dei,
1783 2957 1819 3016 et
1831 2945 1987 3018 cumulet
2002 2946 2073 3016 sibi

151 3035 251 3110 Tales
286 3039 315 3107 si
347 3040 567 3122 consideres,
604 3039 707 3108 facile
732 3039 881 3127 intelligi
911 3052 1037 3130 potest,
1085 3034 1384 3126 etaliispoenasi
1432 3033 1709 3134 Econtraquid
1725 3045 1853 3116 melius
1870 3060 1940 3131 est,
1966 3069 2074 3138 quarn

69 3133 371 3212 curdicatl‘aulus:
400 3137 483 3209 ldeo
495 3136 688 3211 Ecclesiam
705 3139 842 3230 excerpi
856 3163 896 3208 ex
910 3163 1036 3226 genere
1085 3135 1132 3204 ita
1150 3136 1289 3221 vivere,
1314 3151 1354 3208 ¹¹²
1370 3135 1446 3210 Deo
1462 3163 1584 3212 curtus
1599 3155 1682 3214 lune
1702 3143 1862 3235 placeat?
1894 3160 1929 3220 et
1945 3139 2017 3218 libi
2039 3159 2072 3218 et

67 3229 221 3326 husmuo,
255 3253 291 3312 et
311 3241 447 3322 iuvari,
480 3254 520 3312 ut
544 3239 615 3310 sint
636 3239 748 3334 aliqui
770 3253 866 3329 grata
888 3237 1035 3312 Deoia·
1084 3235 1218 3326 patriae
1234 3251 1313 3306 tuae
1328 3238 1492 3310 salutaris
1506 3243 1576 3314 sit?

68 3335 187 3414 cientes.
237 3341 329 3413 Nam
347 3335 513 3432 Epicurei
529 3354 562 3412 et
577 3354 771 3414 statuarum
787 3339 938 3414 cultores
954 3353 1035 3416 tan·
1186 3333 1282 3408 llaec
1304 3338 1515 3429 cogitantes,
1547 3357 1580 3414 et
1602 3345 1670 3435 ipsi
1693 3347 1891 3420 ¹excitemur
1913 3347 1958 3422 ad
1979 3362 2072 3420 recte

68 3435 104 3506 tis
122 3443 338 3514 corrtumeliis
361 3443 504 3516 irritant
524 3442 613 3512 iram
631 3442 697 3514 Dei
717 3443 883 3516 adversus
902 3445 1035 3536 seipsos
1084 3439 1303 3524 laciendum,
1336 3455 1369 3512 et
1392 3455 1549 3529 petamus
1573 3447 1744 3516 auxilium
1761 3446 1848 3534 Dei,
1872 3447 1987 3520 uthie
2006 3451 2073 3520 do·
2099 3525 2103 3534 ,

69 3542 260 3616 etadversus
278 3557 388 3614 totam
402 3567 521 3616 rerum
534 3557 714 3625 naturam,
739 3559 781 3616 ut
799 3558 943 3636 propter
956 3569 1035 3616 exe-
1084 3539 1293 3612 cetPaulus:
1315 3539 1547 3626 Demetrius,
1571 3559 1610 3614 ut
1625 3547 1823 3636 perficiatis.
1876 3547 1935 3620 Tu
1953 3550 2073 3639 igitur,

69 3645 195 3712 crandos
224 3640 354 3715 laurum
382 3646 520 3716 furores
550 3645 667 3716 subito
695 3643 922 3716 interiturum
946 3659 1036 3716 esset
1085 3655 1223 3712 aeterne
1244 3639 1358 3730 Deus,
1392 3657 1491 3734 pater
1515 3642 1665 3716 Domini
1688 3649 1800 3720 nostri
1823 3646 1903 3722 lesu
1925 3647 2072 3734 Christi.
2137 3745 2140 3752 ι

68 3739 249 3816 universum
282 3767 393 3836 genus
423 3741 638 3830 humanum,
667 3743 738 3816 nisi
757 3743 854 3816 Deus
876 3767 959 3820 sose
982 3743 1036 3816 illi
1085 3743 1250 3812 conditor
1275 3743 1436 3838 omniurn
1467 3768 1586 3816 rerum
1616 3762 1651 3818 et
1671 3743 1847 3826 Ecclesiae
1868 3763 1969 3833 tuae,
1999 3775 2072 3823 una

68 3831 251 3919 haereditati
270 3861 444 3938 parceret,
464 3871 570 3940 quam
587 3845 762 3938 excerpit,
787 3860 820 3918 et
830 3871 920 3940 quae
933 3870 1036 3918 veros
1085 3868 1164 3914 cum
1179 3843 1251 3912 lilio
1268 3858 1330 3916 tuo
1353 3837 1511 3918 Domino
1530 3862 1652 3920 nostro
1672 3845 1750 3920 lesu
1765 3845 1908 3922 Christo
1932 3867 1967 3932 et
1989 3851 2072 3946 Spi-

67 3932 123 4012 Dei
142 3939 289 4020 honores
312 3947 403 4018 tueri
423 3949 557 4019 studet.
606 3945 703 4035 Quid
726 3945 830 4018 multi
854 3947 941 4018 alii?
973 3949 1035 4044 qui
1085 3943 1158 4015 ritu
1180 3958 1300 4036 sancto
1323 3959 1405 4030 tuo,
1437 3949 1603 4018 miserere
1625 3951 1756 4035 nostri,
1780 3965 1926 4046 propter
1938 3955 2073 4035 media-

69 4034 130 4112 Deo
145 4062 362 4140 anteponunt
378 4050 567 4133 libidines,
589 4048 828 4141 tyrannides,
868 4049 1035 4140 iniustam
1085 4060 1197 4116 torem
1214 4059 1375 4116 nostrum
1388 4046 1502 4116 lesum
1514 4043 1715 4135 Christum,
1742 4065 1776 4124 et
1790 4055 1940 4124 accende
1953 4069 2073 4147 pecto—

69 4141 262 4236 siudietant,
286 4150 453 4242 rapinas?
491 4147 559 4218 llis
573 4149 763 4229 sceleribus
778 4163 950 4242 quantum
964 4151 1036 4220 ira·
1085 4171 1123 4216 ra
1140 4159 1260 4214 nostra
1269 4143 1407 4236 Spiritu
1423 4161 1485 4218 tuo
1496 4163 1634 4235 sancto,
1661 4173 1839 4242 nossrege,
1864 4167 1898 4225 ct
1911 4153 2014 4239 iuva,
2034 4169 2073 4229 ut

67 4259 166 4316 scatur
183 4247 300 4340 Deus,
333 4249 489 4342 conspici
509 4251 547 4319 in
568 4272 760 4340 poenarum
782 4251 950 4342 exemplis
969 4275 1036 4342 po·
1085 4246 1201 4318 studia
1232 4260 1350 4317 nostra
1381 4262 1416 4318 ct
1439 4261 1551 4318 totum
1580 4264 1743 4322 nostrum
1766 4254 1983 4329 curriculum
2008 4255 2074 4326 tibl

67 4353 138 4430 test,
169 4375 248 4422 nam
279 4353 410 4422 multae
433 4372 580 4440 magnae
606 4365 726 4438 genter
749 4351 835 4420 inde
857 4373 969 4444 usque
989 4352 1035 4422 ab
1085 4361 1223 4437 gratum
1238 4345 1302 4432 sit,
1328 4361 1362 4418 et
1384 4349 1535 4422 celebret
1558 4351 1650 4422 veris
1664 4345 1881 4441 honoribus,
1903 4370 1937 4428 et
1952 4357 1997 4427 sit
2018 4380 2074 4428 sa·-

67 4439 153 4519 initio
173 4454 307 4542 generis
330 4447 477 4522 humani
501 4461 645 4543 propter
674 4443 738 4520 has
758 4469 880 4522 causas
900 4452 1035 4524 deletae
1084 4449 1199 4520 lutare
1213 4447 1318 4520 nobis
1333 4462 1367 4520 et
1381 4451 1566 4522 universae
1577 4447 1774 4541 Ecclesiae,
1795 4451 1924 4531 Arnen.
1955 4455 2052 4532 nisi.

67 4562 145 4622 tunt.
190 4551 264 4628 llas
288 4578 420 4648 poenas
448 4554 525 4624 vult
549 4551 654 4644 nubis
676 4547 773 4622 Deus
796 4553 1035 4624 commonefa-

68 4646 181 4722 stiones
194 4680 284 4741 esse,
311 4657 412 4726 utde
427 4653 672 4744 magnitudine
687 4653 759 4722 irae
778 4653 922 4724 divinae
939 4653 1034 4744 cogi·
1085 4665 1396 4681 ““““”“““’“·“““·
1416 4717 1419 4725 ,
1614 4670 2066 4689 *mm

68 4755 175 4828 temus.
206 4755 331 4849 Legis,
354 4769 482 4826 matres
497 4755 535 4824 in
551 4754 800 4825 obsidionibus
813 4768 931 4826 coctos
943 4755 1035 4826 lilios

68 4868 171 4922 mrsus
191 4857 283 4930 intra
307 4870 466 4928 materna
490 4847 622 4928 viscera
652 4854 864 4927 condidisse.
921 4853 1035 4946 Legis,
1093 4815 1264 4948 Q
1424 4871 1426 4878 ’
1681 4943 1685 4951 ¹
1891 4829 2066 4952 Q

68 4943 190 5026 inurbe
207 4951 446 5030 Xanthiorunt
463 4959 675 5048 pendentem
697 4958 741 5026 de
765 4969 856 5026 tecto
872 4971 1034 5043 matrem,
1317 5022 1328 5043 ,
1534 5007 1537 5014 ·
1794 5023 1804 5044 ,
1873 5023 1883 5045 ,

69 5061 96 5118 «Ι
115 5054 153 5123 de
184 5061 273 5132 collo
303 5060 430 5131 matris
453 5059 710 5147 strangulatum
733 5057 924 5128 infantem:
959 5059 1032 5128 imo
1166 5019 1242 5106 De
1273 5018 1418 5107 dmi
1455 5021 1664 5108 Amude
1693 5024 1880 5134 'mmm
1908 5033 1990 5112 m·

69 5169 147 5224 nuuc
161 5161 413 5254 videsgrassari
429 5155 466 5228 in
478 5159 662 5228 Pannonia
675 5157 830 5244 Turres,
856 5157 1033 5230 trucidare
1150 5180 1182 5236 t·
1203 5182 1298 5238 retest.
1317 5181 1398 5240 Dect.
1417 5185 1453 5238 τ.
1470 5181 1519 5240 tlt.
1538 5179 1639 5249 μω.
1681 5181 1862 5238 stererant.
1879 5182 2004 5256 paea,
2027 5182 2080 5238 tti-

70 5245 198 5330 ἰιιηιτ
211 5277 425 5356 ωτι
442 5260 627 5352 ηηιιιιι
641 5259 798 5330 ιιιηηι
825 5259 954 5330 ιηιιη
967 5285 1032 5354 ιη-
1184 5249 1281 5374 aa·
1297 5249 1576 5388 assatam:
1593 5218 2080 5393 ataraattr·..¹m:

70 5369 165 5430 rentes
183 5361 219 5433 in
238 5365 464 5448 servitutem,
496 5375 610 5440 morte
632 5360 824 5432 tristiorem
844 5363 1029 5437 abducere.
1182 5383 1308 5452 (wast.
1324 5389 1402 5460 rste.
1422 5389 1487 5456 tot)
1503 5401 1530 5454 p.
1546 5383 1627 5454 sos..
1652 5383 1699 5441 est
1720 5387 1751 5444 tx
1772 5385 1826 5444 tue
1845 5389 1957 5446 ηάιιιι
1979 5389 2082 5448 tisim
