4688 5826
151 219 317 300 .csm
535 175 539 186 ’
685 183 1810 330 necnonoccurreruasraonoums
2153 219 2286 302 ‘aas

233 395 478 472 maecum
494 368 623 466 ox'uaao
638 393 765 488 aliquo
778 409 878 486 gestu
891 408 952 466 aut
965 390 1153 468 aacbiuno.
1181 393 1234 466 lta
1283 393 1443 478 effectas,
1463 393 1850 486 planemnsedendauu
1863 393 1944 482 erit,
1970 388 2064 469 banc
2077 407 2189 468 artem
2201 415 2284 466 esse

232 525 326 574 eum
336 512 454 570 certae
469 511 574 568 uotae
588 495 812 591 merendam
829 500 1098 590 praecipuarum
1114 519 1233 568 rerum
1285 493 1453 592 Pbysices
1475 507 1631 588 partem,
1654 497 1803 590 perinde
1822 511 1862 570 ut
1883 498 2143 591 praedictiones
2157 495 2285 570 Medi-

235 604 316 674 -sint
333 601 523 693 impressae
537 611 703 682 naturae,
729 601 862 671 multae
884 625 925 670 ex
941 595 998 670 bis
1015 615 1133 693 postea
1149 625 1235 670 con·
1285 623 1420 672 eorum.
1464 597 1615 688 Necego
1630 601 1786 670 uuucde
1801 593 1868 671 bac
1883 613 1983 694 parte
1998 601 2136 694 prolixe
2150 599 2287 694 dispu-

109 783 111 788 ,
234 705 399 776 ‘iacturae
415 715 615 775 sumuntur.
663 699 837 773 Fortassis
851 717 1060 774 autemnon
1076 717 1165 773 eost
1179 725 1236 772 ars
1287 704 1390 782 tabo,
1416 702 1611 771 sedunum
1624 698 1757 772 Caleni
1771 704 1955 774 oraculum
1970 703 2009 774 in
2025 698 2208 774 baccama
2225 727 2289 776 ce-

123 833 126 841 ·
245 807 407 879 ducenda
423 797 636 896 Astrologia,
660 805 691 874 si
707 818 845 876 tantum
862 819 1042 876 constaret
1055 806 1235 894 coniectu·
1286 805 1415 889 citabo,
1439 803 1591 897 quinon
1607 805 1723 876 solum
1739 799 1978 898 reprehendit,
2001 807 2064 876 sed
2079 806 2186 878 etiam
2198 827 2288 896 gra-

195 939 198 950 *
237 910 314 996 =ris3
341 931 423 983 nam
439 929 495 978 ars
510 921 562 978 est
578 926 701 978 eorum
717 931 807 1001 quae
821 930 896 978 non
920 908 1061 982 fallunt.
1103 905 1235 978 Verum
1288 907 1380 976 viter
1398 907 1562 996 obiurgat
1583 907 1681 992 illos,
1703 908 1768 1000 qui
1791 923 1923 998 negant
1943 907 2114 980 inferiora
2129 931 2288 1003 corpora

124 1029 141 1097 J
238 1025 282 1083 -et
297 1007 383 1081 baec
399 1009 475 1102 ipsa
489 1031 564 1096 ars,
586 1025 627 1081 ut
642 1007 823 1079 Medicina
838 1024 873 1080 et
887 1009 1056 1094 Politice,
1080 1009 1235 1102 primum
1289 1007 1381 1079 silici
1396 1032 1415 1078 a
1432 1008 1569 1078 lumine
1583 1009 1736 1096 coelesti,
1747 1023 1783 1080 et
1797 1010 1926 1104 inquit,
1949 1005 2182 1103 sophisticum
2197 1033 2289 1094 esse,

246 1113 352 1185 certis
365 1109 673 1194 observationibus
690 1125 844 1192 constat,
870 1126 990 1203 postea
1005 1136 1046 1181 ex
1068 1107 1124 1181 bis
1144 1111 1238 1181 mul·
1289 1133 1417 1200 negare
1436 1110 1658 1182 manifestam
1673 1112 1937 1204 experientiam.
1986 1109 2085 1202 Ergo
2100 1125 2136 1182 et
2151 1111 2290 1182 latetur

248 1228 306 1286 tae
320 1214 488 1284 oriuntur
502 1213 735 1287 coniecturae.
787 1211 887 1285 Vidit
900 1212 1110 1304 Astrologus
1125 1214 1164 1282 in
1179 1237 1240 1304 ge-
1290 1235 1326 1282 se
1347 1213 1563 1304 experientia
1585 1213 1738 1296 victum,
1770 1215 1929 1286 tribuere
1943 1237 2108 1305 magnam
2130 1214 2205 1284 vim
2228 1215 2290 1286 lu-

248 1317 325 1388 nesi
342 1313 521 1388 Catilinae
540 1316 637 1386 diros
656 1316 792 1406 positus
817 1327 924 1410 atque
938 1331 1096 1408 aspectus
1110 1313 1239 1386 Plane-
1290 1315 1381 1384 mini
1396 1318 1434 1386 in
1450 1315 1681 1387 inferioribus
1695 1317 1918 1408 corporibus,
1942 1331 1977 1388 et
1992 1317 2130 1410 eosqui
2144 1316 2291 1389 dissen-

111 1441 114 1446 ·
238 1432 388 1504 *terum,
412 1417 476 1512 qui
492 1417 737 1508 significabant
750 1417 863 1488 animi
887 1419 1152 1504 crudelitatem,
1177 1443 1244 1489 au«
1291 1419 1405 1504 liunt,
1443 1417 1661 1488 severissime
1687 1427 1792 1492 taxat.
1850 1417 1910 1492 An
1932 1419 2085 1492 dubium
2113 1431 2166 1490 est
2189 1419 2290 1488 vices

249 1521 405 1606 daciam,
429 1534 672 1613 praeposteros
687 1537 814 1606 mores,
839 1520 998 1614 inquieta
1013 1533 1048 1592 et
1063 1519 1240 1591 infoelicia
1292 1519 1432 1591 aestatis
1449 1533 1555 1614 atque
1572 1515 1710 1614 hyemis
1725 1522 1817 1592 effici
1832 1521 1928 1593 Solis
1941 1544 2081 1593 aecoesu
2101 1535 2136 1592 et
2146 1520 2293 1592 disces-

252 1623 411 1696 consilia.
463 1618 534 1694 Fac
548 1644 622 1692 uon
644 1623 801 1715 potuisse
817 1637 910 1694 certo
928 1623 1147 1714 praedicere,
1171 1619 1240 1693 Ca·
1292 1647 1350 1708 su,
1380 1621 1477 1694 Solis
1498 1623 1620 1692 lumen
1646 1622 1837 1694 calefacere
1860 1639 1901 1694 et.
1916 1623 2109 1708 desiccare,
2141 1622 2291 1694 Lunam

250 1725 392 1799 tilinam
415 1720 588 1818 Cicerone
609 1721 765 1796 Consule
787 1739 974 1811 moturum,
991 1747 1064 1794 esse
1093 1725 1241 1796 seditio·
1292 1721 1507 1798 humectare.
1553 1721 1651 1794 Haec
1665 1725 1696 1794 si
1711 1727 1894 1796 manifesta
1908 1738 1943 1796 et
1960 1738 2129 1818 perpetua
2144 1737 2234 1796 sunt
2249 1724 2291 1792 in

251 1851 356 1912 nem,
380 1826 511 1896 deinde
526 1827 708 1912 futurum,
728 1839 769 1897 ut
784 1827 823 1896 in
839 1828 913 1896 acie
928 1827 965 1896 in
983 1823 1165 1917 Apennini
1183 1849 1242 1895 ra·
1293 1822 1350 1896 bis
1365 1828 1504 1896 duobus
1525 1826 1727 1896 clarissimis
1742 1829 1946 1922 syderibus,
1970 1851 2036 1898 cur
2057 1839 2193 1914 caetera
2219 1849 2293 1918 pu-

252 1929 394 2000 dicibus
417 1927 688 2015 interficeretur3
714 1942 750 1999 at
765 1929 1018 1998 animadversis
1033 1929 1105 1997 illis
1124 1929 1242 1998 infru·
1293 1943 1408 2000 temus
1429 1930 1558 1998 frustra
1580 1929 1722 1998 condita
1745 1930 1843 2000 esse?
1879 1927 1953 2000 lam
1983 1941 2153 2021 perpetua
2177 1951 2292 2019 expe-

254 2029 317 2103 stis
344 2029 680 2120 significationibus,
719 2055 809 2124 quae
828 2031 971 2124 quidem
1002 2045 1086 2101 sunt
1116 2045 1242 2116 certae,
1293 2029 1423 2103 rientia
1440 2031 1782 2120 testetur,·insignes
1797 2031 2066 2104 coniunctiones
2078 2025 2213 2102 tubere
2230 2030 2294 2100 iu-

202 2167 206 2174 ·
253 2132 575 2224 coniicerepotuit,
600 2133 760 2202 futurum
774 2131 885 2202 civem
899 2133 1162 2220 turbulentum,
1187 2155 1241 2202 se·
1294 2134 1409 2223 signes
1427 2133 1589 2217 effectus,
1614 2133 1723 2226 idque
1743 2133 1781 2202 in
1804 2133 2072 2226 tempestatibus
2088 2132 2207 2224 palem
2224 2155 2295 2222 ap-

252 2235 426 2307 ditiosnm
444 2247 481 2305 et
496 2234 591 2305 vitae
613 2235 773 2306 iuturum
795 2233 929 2306 exitum
951 2234 1136 2324 tragicum.
1188 2232 1241 2305 lta
1293 2249 1402 2328 paret
1442 2233 1592 2304 Vidistis
1602 2257 1815 2314 ¹concursum
1833 2235 2061 2306 Planetarum
2076 2235 2116 2304 in
2133 2229 2294 2306 humido

254 2337 407 2428 insignia
433 2338 606 2429 quaedam
634 2336 674 2404 in
703 2337 988 2428 temperamentis
1014 2361 1055 2406 ae
1081 2337 1243 2406 moribus
1293 2337 1409 2428 signo,
1434 2359 1530 2406 anno
1544 2335 1712 2406 vicesimo
1728 2353 1866 2430 quarto,
1888 2337 2134 2408 intumuerunt
2148 2335 2294 2429 ubique

254 2433 576 2533 παχυμερέστερον
600 2437 751 2516 iudicari
774 2453 939 2530 possunt,
967 2461 1057 2534 quae
1078 2461 1155 2508 non
1174 2438 1243 2508 iel·
1294 2461 1417 2509 omnes
1438 2461 1568 2532 septae,
1594 2433 1760 2509 humidae
1779 2435 2001 2531 tempestates
2016 2439 2126 2511 totius
2144 2437 2295 2508 biennii

253 2542 348 2612 lunt.
383 2539 467 2610 Non
482 2541 590 2631 igitur
605 2565 647 2610 eo
663 2543 883 2633 aspernanda
898 2535 1048 2610 cethaee
1064 2563 1134 2625 ars,
1160 2540 1242 2633 quia
1294 2542 1450 2613 luerunt.
1501 2537 1578 2609 Hac
1601 2553 1730 2610 aestate
1750 2541 1890 2632 pluvias
1904 2540 2100 2612 crebriores
2119 2539 2294 2612 omnium

254 2666 330 2716 non
353 2642 474 2712 omnia
494 2643 687 2733 praevidet.
738 2641 855 2732 Quam
871 2665 982 2734 pauca
996 2655 1089 2713 certa
1105 2655 1188 2712 sunt
1204 2642 1242 2710 iu
1294 2643 1463 2735 opinione
1480 2655 1482 2662 ’
1497 2655 1533 2712 et
1563 2641 1760 2712 insalubres
1791 2655 2035 2736 tempestatum
2068 2641 2296 2713 variationes

178 2727 197 2760 ‘
255 2743 552 2835 caeterisoptimis
566 2744 714 2830 artibus,
728 2759 763 2816 et
777 2757 818 2815 ut
832 2745 902 2814 iarn
917 2766 992 2814 non
1007 2746 1050 2815 de
1060 2741 1242 2814 Medicina
1294 2746 1508 2828 attulerunt,
1533 2741 1694 2836 luppiter
1714 2744 1753 2816 iu
1768 2743 1946 2830 Piscibus,
1971 2741 2072 2815 Mars
2094 2741 2296 2820 iuTauro.

205 2863 208 2868 “
240 2860 317 2918 ·aut
339 2847 383 2916 de
401 2843 549 2916 Politice
572 2847 748 2917 dicamus:
772 2870 859 2916 num
882 2847 964 2918 ideo
986 2846 1241 2932 totadoctrina
1294 2847 1437 2917 Possem
1459 2846 1527 2915 alia
1553 2847 1666 2916 multa
1689 2849 1847 2941 exempla
1870 2847 2037 2933 recitare,
2060 2846 2090 2915 si
2114 2845 2296 2936 temporis

232 2951 300 3032 ¹de
320 2947 492 3020 Metauris
512 2950 745 3041 vituperanda
770 2963 839 3034 est,
870 2949 953 3042 quia
980 2971 1110 3041 paucas
1140 2943 1244 3018 babet
1294 2950 1454 3039 angustia
1473 2972 1548 3018 non
1571 2943 1787 3038 prohiberet
1837 2947 1911 3022 Nec
1933 2974 2018 3020 vero
2046 2945 2199 3020 dubium
2223 2961 2296 3032 est,

239 3049 584 3134 demonstrationes,
602 3064 721 3142 postea
739 3051 892 3142 plurima
909 3051 1051 3122 conficit
1064 3050 1244 3120 coniectu·
1294 3066 1336 3122 ut
1353 3051 1446 3122 Solis
1462 3064 1498 3119 et
1511 3047 1653 3130 Lunae,
1678 3051 1726 3120 ita
1741 3063 1959 3121 caeterorum
1977 3047 2205 3121 Planetarum
2230 3049 2296 3121 lu-

240 3151 328 3222 ·risi
355 3149 399 3221 ln
414 3151 491 3242 ipsa
502 3152 716 3242 agricultura
730 3175 839 3246 quam
853 3175 956 3244 saepe
968 3151 1138 3237 fallimur,
1155 3176 1241 3221 num
1295 3177 1376 3222 men
1392 3151 1529 3222 variare
1542 3163 1781 3243 tempestates,
1799 3167 1837 3224 et
1855 3167 1973 3226 aerem
1995 3165 2029 3222 et
2052 3174 2201 3244 corpora
2217 3175 2296 3222 no-

253 3253 336 3325 ideo
357 3277 433 3324 uon
453 3267 537 3323 sunt
555 3255 697 3324 colendi
716 3254 816 3345 agri?
848 3253 947 3344 Quin
969 3254 1244 3347 potiusutemur
1295 3269 1365 3325 stra
1383 3255 1532 3324 afficere.
1581 3251 1655 3326 Res
1671 3253 1745 3346 ipsa
1762 3255 1922 3348 loquitur
1937 3249 2130 3339 inberbis,
2154 3253 2196 3322 in
2212 3277 2295 3323 me-

249 3356 386 3428 ·artiurn
406 3355 604 3436 beneficiis,
627 3369 662 3427 et
684 3358 946 3426 consideremus
968 3379 1152 3451 quousque
1173 3351 1242 3426 bu·
1294 3355 1401 3438 tellis,
1423 3357 1578 3449 deniqne
1593 3355 1632 3424 in
1647 3357 1957 3448 contemptissimis
1970 3356 2078 3428 rebus
2094 3354 2294 3424 mximam

253 3481 360 3529 mana
375 3479 478 3528 mens
491 3458 657 3548 progredi
676 3461 795 3550 possit.
847 3457 911 3527 Me
924 3459 1066 3553 quidem
1088 3481 1163 3529 non
1184 3483 1239 3530 so·
1294 3460 1366 3530 vim
1384 3481 1476 3537 esse,
1502 3473 1536 3528 et
1552 3457 1628 3528 iure
1644 3459 1808 3530 laudatur
1821 3459 1911 3528 illud
1930 3458 2058 3530 veteris
2073 3455 2223 3530 Poetae:

253 3563 330 3632 lum
346 3561 483 3632 utilitas
504 3561 542 3628 in
559 3555 615 3628 bis
639 3560 776 3632 artibus
791 3561 958 3646 delectat,
985 3583 1091 3654 quam
1111 3561 1150 3629 in
1168 3583 1242 3629 me·
1359 3553 1425 3621 ὃττι
1446 3557 1497 3620 sol
1515 3555 1549 3620 ἐν
1569 3553 1698 3642 μαλάχῃ
1716 3556 1769 3620 acl
1791 3553 1958 3643 tapetam
1978 3554 2059 3640 μέγα
2076 3551 2192 3642 ὄνειαρ.

242 3665 373 3735 dendo
397 3661 492 3734 etin
514 3663 594 3732 aliis
620 3664 727 3733 rebus
750 3663 1013 3748 animadverto,
1045 3665 1104 3732 sed
1129 3664 1241 3732 multo
1295 3661 1403 3752 Quod
1426 3687 1507 3732 cum
1532 3663 1580 3732 ita
1601 3663 1669 3746 sit,
1702 3685 1766 3732 cur
1794 3678 1959 3754 putemus
1982 3663 2113 3732 frustra
2140 3661 2296 3732 condita

159 3845 163 3852 ,
246 3765 365 3856 magis
378 3759 464 3848 boc,
490 3766 587 3858 quod
607 3789 688 3834 enm
704 3760 802 3835 bunc
824 3765 1011 3834 mirificum
1032 3787 1242 3834 consensum
1294 3789 1368 3834 esse
1393 3763 1454 3832 illa
1479 3759 1715 3854 pulcherrime
1740 3765 1895 3850 lumina,
1920 3789 1999 3838 eum
2017 3764 2162 3858 quidem
2183 3763 2294 3836 nulle

251 3879 443 3959 corporum
472 3865 676 3936 coelestium
704 3880 741 3937 et
772 3865 982 3935 inferiorum
1010 3867 1243 3960 contemplor,
1293 3867 1339 3936 sit
1352 3879 1477 3935 natura
1495 3865 1728 3957 praestantior
1740 3879 1802 3937 aut
1814 3866 1989 3936 efficacior
1999 3864 2161 3936 lumine?
2183 3863 2296 3953 Quin

227 4007 233 4016 ·
251 3970 329 4062 ipse
343 3991 401 4037 me
415 3969 504 4039 ordo
520 3983 555 4039 et
568 3963 754 4038 harmonia
770 3970 956 4052 admonet,
978 3970 1152 4039 mundum
1167 3991 1241 4038 non
1294 3969 1368 4060 ipse
1385 3969 1478 4057 leges
1498 3982 1660 4038 motuum
1674 3991 1795 4038 nonne
1813 3968 2012 4058 significant
2025 3966 2214 4058 temperari
2229 3965 2296 4040 lu-

252 4093 335 4142 casu
356 4071 462 4157 ferri,
495 4072 557 4140 sed
580 4069 654 4160 regi
676 4071 859 4142 divinitus.
910 4067 1006 4140 Haec
1028 4073 1242 4161 respondere
1294 4093 1374 4140 men
1390 4067 1533 4141 Soliset
1548 4068 1682 4155 Lunae,
1708 4085 1924 4152 caeterorum
1940 4069 2167 4142 Plaoeterum
2183 4091 2294 4160 aspe-

251 4172 350 4244 volui
365 4175 410 4246 ad
427 4173 571 4264 vulgare
584 4173 792 4254 convitium,
818 4172 1023 4266 priusquam
1041 4173 1085 4242 de
1098 4185 1173 4241 arte
1186 4173 1242 4242 di·
1293 4173 1378 4244 ctu?
1411 4169 1613 4242 Mercurius
1629 4185 1663 4242 et
1681 4169 1802 4242 Ventis
1817 4190 2002 4266 uunquam
2018 4171 2143 4263 procul
2163 4169 2295 4242 aSole

209 4297 379 4347 ·-eerent.
427 4271 494 4345 Est
510 4289 627 4346 autem
644 4275 750 4346 initio
767 4275 876 4346 veluti
894 4275 1054 4345 definitio
1070 4277 1242 4368 quaedam
1294 4275 1492 4346 discedunt.
1542 4271 1750 4365 Superiores
1767 4273 1996 4346 Planetaeita
2009 4274 2215 4358 discedunt,
2248 4287 2295 4345 ut

201 4451 209 4462 ,
252 4377 499 4447 constituenda
522 4374 765 4467 Astrologiae,
790 4390 831 4447 ut
854 4401 930 4446 earn
952 4401 971 4446 a
992 4376 1242 4469 superstitiosis
1292 4367 1410 4447 umen
1433 4377 1472 4444 in
1493 4375 1658 4470 epicyclis
1679 4379 1724 4446 ad
1741 4378 1900 4447 medium
1922 4398 2082 4468 epogeon
2103 4397 2184 4444 curn
2199 4372 2294 4446 Sole

250 4467 548 4563 divinationibus,
573 4501 660 4573 quas
678 4477 902 4551 Ptolemaeus
918 4471 1243 4578 ἅναιτιολογήτους
1292 4501 1431 4571 semper
1444 4493 1650 4566 congruant.
1681 4477 1865 4549 Postremo
1881 4491 1915 4549 et
1927 4475 2163 4570 Hippocrates
2176 4487 2294 4548 testa-

236 4595 372 4666 -nocat,
405 4603 618 4674 separemus.
677 4579 877 4672 Astrologia
900 4603 981 4672 pars
1000 4595 1052 4651 est
1066 4577 1242 4676 Pbysices,
1293 4595 1353 4652 tur
1368 4591 1590 4669 tempestates
1604 4582 1747 4652 excitari
1765 4595 1800 4652 et
1813 4581 1943 4651 variari
1959 4581 1994 4650 vi
2010 4581 2189 4674 syderum.
2237 4575 2294 4652 Et

250 4705 342 4778 quae
354 4685 474 4769 docet,
499 4707 587 4778 quos
611 4684 754 4755 effectus
771 4699 945 4754 astrorum
967 4683 1089 4754 lumen
1108 4683 1147 4751 in
1169 4684 1242 4752 ele·
1292 4682 1617 4752 dissimilitudinem
1638 4707 1712 4753 non
1735 4683 1849 4754 solum
1868 4683 2083 4774 regionum,
2099 4681 2160 4750 sed
2176 4680 2292 4752 etiam

249 4786 379 4856 mentis
393 4799 427 4856 et
442 4787 561 4856 mixtis
578 4787 787 4878 corporibus
801 4779 946 4865 babeat,
973 4786 1091 4880 qualia
1108 4797 1243 4876 tempe-
1292 4785 1515 4874 ingeniorum
1532 4807 1573 4855 ae
1587 4807 1728 4855 morum
1740 4785 1781 4854 in
1795 4785 1945 4856 diversis
1960 4782 2166 4876 regionibus
2180 4783 2294 4854 docet

249 4901 428 4974 ramenta,
469 4911 556 4982 quas
589 4889 832 4972 alterationes,
874 4907 963 4982 quas
991 4885 1242 4958 inclinationes
1292 4887 1378 4959 oriri
1404 4910 1423 4956 a
1450 4887 1660 4958 coelestibus
1680 4887 1803 4958 causis.
1855 4883 1954 4958 Haec
1974 4907 2058 4958 cum
2082 4885 2157 4955 sint
2178 4897 2293 4970 certa,

247 4990 375 5081 pariet.
418 4986 464 5060 Et
482 4991 565 5085 quia
580 4990 877 5062 inclinationibus
891 5011 992 5083 saepe
1006 5013 1140 5075 mores,
1166 5004 1242 5061 stu·
1292 5003 1429 5060 constat
1444 4989 1529 5058 artis
1546 4989 1689 5059 initium
1707 5013 1830 5059 verum
1854 5001 2046 5061 aetertum
2064 5011 2156 5071 esse,
2180 4983 2292 5057 vide-

245 5091 327 5179 dia,
341 5093 517 5186 tconsilia,
543 5115 642 5163 casus
656 5095 891 5183 respondent,
917 5105 957 5164 ut
972 5093 1033 5164 ille
1046 5093 1181 5188 inquit:
1291 5091 1390 5176 lieet,
1416 5094 1511 5184 quod
1527 5091 1649 5162 lumen
1667 5092 1816 5163 coeleste
1829 5114 1992 5182 magnam
2006 5090 2080 5158 vim
2099 5084 2230 5159 babeat
2246 5089 2291 5160 in

376 5194 513 5264 Naturae
529 5206 664 5286 sequitur
680 5205 792 5263 senuna
809 5206 937 5287 quisque
951 5223 1033 5268 suae.
1292 5194 1475 5264 elementis
1514 5207 1549 5264 et
1582 5193 1702 5264 mixtis
1726 5191 1977 5289 'temperandis
2013 5205 2049 5264 el
2079 5191 2291 5262 alterandi&

243 5290 333 5362 *ldeo
358 5289 488 5366 borum
512 5321 653 5390 quoque
674 5298 949 5386 significationes
976 5299 1112 5392 aliquas
1135 5321 1241 5367 mon·
1291 5293 1430 5367 Deinde
1445 5309 1480 5367 et
1498 5291 1565 5365 boc
1578 5295 1762 5368 manifesta
1784 5296 2012 5389 temperantia
2032 5306 2201 5378 testatur,
2225 5293 2291 5369 ltt-

242 5406 344 5470 stret.
396 5395 505 5486 Quod
536 5399 565 5468 si
596 5401 772 5472 constabit
794 5402 918 5496 sydera
948 5395 1080 5470 babere
1103 5401 1252 5494 aliquos
1291 5421 1376 5468 rnen
1397 5396 1628 5471 Plauetarum
1652 5399 1825 5472 dissimile
1846 5421 1938 5470 esse:
1974 5395 2123 5470 Saturni
2143 5394 2290 5468 melan-
