4616 5816
884 13 892 48 i
948 57 952 64 .

60 217 148 294 scs-
531 205 710 310 ,uren
740 206 816 284 nn
847 197 1295 286 nnsrlrounnrs
1328 197 1594 281 sonorus.
2012 207 2091 282 coo

57 412 93 460 ac
113 383 290 480 promittit
313 383 509 466 mereseium
533 381 717 476 inquiens:
743 376 860 458 Amen
883 382 963 452 dico
979 395 1043 452 vo-
1093 397 1159 446 nec
1184 385 1298 466 potest
1321 374 1464 468 quidem
1493 375 1557 447 diu
1580 377 1782 446 conservari
1805 378 1985 462 doctriua,
2014 379 2085 450 nisi

57 491 122 572 bis,
160 487 192 558 si
220 487 301 580 quis
326 485 464 558 dederit
489 487 546 556 vel
569 508 682 579 aquae
707 499 832 580 potum
859 483 967 556 alieni
1001 507 1041 554 cx
1094 471 1291 552 scholastici
1309 491 1427 549 coctus
1441 478 1681 568 adiungantur
1697 481 1740 548 ad
1754 475 1941 556 Ecclesiae.
1976 477 2085 552 Haud

56 589 207 662 minimis
234 601 378 679 propter
410 587 628 672 doctrinam,
658 589 857 658 mercedem
883 585 1041 678 accipiet.
1094 579 1202 650 dubie
1221 578 1346 670 primis
1366 579 1526 670 patribus
1546 576 1665 666 Adae,
1695 575 1838 668 Nohae,
1870 579 1970 666 Sem,
2002 581 2083 652 idco

58 693 168 782 Quare
184 702 219 759 et
235 689 338 760 vobis
359 712 460 780 spero
474 685 589 760 Deum
612 689 879 760 benefacturum
895 711 987 774 csse,
1012 686 1044 757 si
1093 693 1284 774 propagata
1309 693 1359 750 est
1381 681 1452 750 vica
1475 694 1528 750 tot
1550 681 1691 766 seculis,
1715 683 1951 760 utauditorcs
1974 678 2085 752 habe-

57 817 115 866 uos
141 791 319 883 complexi
345 791 502 876 fueritis,
535 791 597 884 qui
620 793 882 884 qualescunque
911 811 1043 874 sumus,
1093 797 1173 854 rent
1197 795 1298 852 testes
1322 777 1556 864 ἀξιοπίστους
1580 785 1624 852 dc
1651 785 1765 875 prima
1788 785 1925 876 origiue
1948 785 2087 876 generis

57 911 166 968 tamen
183 917 228 962 ex
242 892 307 962 illo
320 907 422 964 coetu
437 915 577 984 sumus,
601 895 645 964 de
662 917 732 986 quo
746 880 910 966 Christus
924 891 1043 986 loqui·
1095 881 1260 964 humani,
1284 886 1397 976 deque
1420 885 1523 954 initio
1539 887 1732 957 doctrinae.
1783 885 1909 958 Postea
1929 887 2085 958 iamiliae

57 1010 127 1077 tur,
149 990 388 1083 Evangelium
409 995 828 1079 euim-circumferimus,
842 994 917 1064 ⁴etsi
932 994 1044 1066 fateor
1095 969 1278 1071 Abrahae,
1306 983 1421 1076 13333,
1449 985 1573 1068 iacob,
1598 1009 1743 1079 prorsus
1767 984 1907 1060 scholae
1929 989 2085 1060 fuerunt·

57 1120 203 1168 merere
219 1119 294 1165 csse
309 1095 470 1166 omniurn
489 1095 552 1190 qui
567 1098 713 1178 docent,
739 1096 941 1168 minimum.
1094 1086 1233 1160 Deinde
1249 1087 1398 1158 curules
1415 1087 1533 1182 Moysi
1554 1092 1634 1159 data
1649 1104 1719 1176 est,
1745 1091 1816 1160 iam
1832 1091 1967 1162 clarum
1983 1113 2086 1160 mau-

148 1196 222 1268 Scd
251 1221 332 1268 cum
359 1189 585 1282 ordinis,'ac
609 1197 804 1270 functionis
830 1197 1039 1288 dignitatem
1095 1193 1217 1262 datum
1240 1191 1283 1258 de
1304 1183 1434 1260 scholis
1458 1191 1619 1262 additum
1644 1205 1708 1262 est.
1768 1190 2009 1264 Constitutum
2034 1203 2088 1262 est

59 1297 464 1388 Christusmaguifaciat,
489 1298 556 1370 erit
571 1312 707 1372 vestrae
722 1300 872 1390 pietatis,
898 1321 1042 1370 menon
1095 1293 1211 1376 euim,
1248 1303 1289 1362 ut
1307 1293 1351 1362 ad
1376 1291 1643 1372 tabernaculum
1670 1317 1808 1385 semper
1830 1308 1944 1364 essent
1967 1306 2088 1364 coetus

58 1401 220 1492 gravatim
238 1401 374 1474 andire.
428 1399 583 1474 Maiores
599 1403 704 1472 vestri
721 1415 924 1472 reverenter
944 1424 1044 1472 exce·
1095 1393 1297 1466 docentium
1315 1394 1586 1469 etdiscentium.
1639 1393 1690 1466 lta
1714 1394 1859 1466 Samuel
1871 1395 2022 1466 traditus
2035 1405 2088 1464 cst

58 1517 175 1594 perunt
193 1501 326 1572 multos
340 1525 381 1570 cx
396 1501 512 1572 insula
527 1501 730 1576 Scottorum
754 1525 930 1599 egressos,
954 1499 1044 1572 Gal·
1095 1494 1374 1586 indisciplinam
1397 1495 1451 1564 ilii
1470 1497 1636 1585 collegio,
1662 1497 1809 1587 perinde
1826 1521 1865 1567 ac
1882 1498 1913 1567 si
1937 1509 2025 1568 esset
2047 1495 2087 1564 in

59 1607 145 1690 lum,
176 1601 424 1688 Bonifacinm,
455 1617 489 1674 et
511 1604 620 1686 alios,
653 1605 716 1699 qui
747 1607 786 1676 in
812 1603 1053 1676 Germaniam¹
1095 1593 1322 1672 Academiam
1338 1599 1427 1666 bene
1444 1599 1669 1669 conscientem
1683 1599 1821 1674 missus.
1863 1597 1989 1670 Postea
2006 1621 2089 1668 cum

60 1707 251 1778 intulerunt
266 1701 514 1794 Evangelium,
540 1699 669 1776 horum
686 1732 748 1778 vos
764 1703 910 1778 honesta
928 1729 1044 1776 exem.
1096 1699 1313 1790 negligerent
1329 1699 1445 1770 studia
1464 1701 1678 1784 sacerdotes,
1701 1699 1796 1772 Deus
1816 1700 1981 1772 excitavit
1997 1697 2087 1770 Pro-
2160 1777 2164 1788 ·

61 1809 110 1900 pla
130 1807 262 1878 imitari
281 1808 399 1890 decet,
427 1809 630 1898 praesertim
654 1805 816 1880 cum'his
840 1806 1044 1878 miserrimis
1096 1795 1231 1896 phetas,
1255 1799 1318 1892 qui
1332 1821 1475 1890 magnas
1491 1815 1645 1871 catervas
1658 1803 1868 1874 discentium
1882 1825 2001 1874 secum
2016 1814 2090 1870 tra-

61 1909 274 1999 temporibus
296 1909 495 1979 doctrinam
511 1903 751 1980 Christianam
779 1911 913 2002 ubique
934 1923 1045 1980 terra·
1095 1916 1243 1986 xerunt,
1268 1911 1308 1972 ut
1330 1913 1470 1972 tantum
1493 1926 1617 1993 agmen
1641 1917 1716 1974 erat
1739 1903 1940 1976 auditorum
1965 1899 2092 1986 Elisei,

62 2033 132 2082 mm
153 2005 323 2080 horribili
346 2010 498 2082 amentia
516 2008 706 2082 Pontifices
729 2037 768 2082 ac
789 2009 903 2102 Reges
928 2013 1044 2080 delere
1096 2018 1232 2076 uicum
1256 2015 1358 2073 autea
1377 2005 1416 2072 iu
1433 1999 1570 2074 Iericho
1595 2001 1829 2092 habitassent,
1852 2017 1997 2096 propter
2014 2003 2090 2072 eius

63 2124 238 2184 conentur.
294 2108 337 2180 ln
360 2124 459 2184 tanto
487 2113 630 2203 publico
655 2113 812 2202 periculo
836 2111 1046 2182 creditevos
1096 2107 1167 2177 loci
1181 2105 1392 2194 augustiam,
1417 2119 1629 2199 quaererent
1644 2109 1689 2178 ad
1706 2105 1893 2178 lordanem
1910 2107 2014 2176 aliam
2034 2127 2090 2174 se-

65 2211 129 2287 Deo
152 2213 392 2302 gratissimum
411 2214 567 2284 officium
589 2214 717 2299 facere,
743 2217 837 2308 qnod
857 2210 1045 2302 Evangelii
1096 2211 1190 2280 dem.
1249 2203 1324 2276 Nec
1353 2219 1473 2299 putate
1505 2209 1642 2280 ociosos
1672 2231 1793 2300 greges
1825 2203 2090 2280 Monachorum

64 2311 221 2386 Doctores
255 2316 407 2404 benigne
434 2314 613 2406 excipitis,
645 2317 813 2402 tuemini,
845 2330 879 2386 ct
904 2315 1046 2384 auditis.
1096 2309 1225 2388 fuisse,
1250 2307 1312 2376 scd
1335 2305 1416 2378 illos
1440 2329 1597 2380 summos
1611 2311 1707 2381 viros
1729 2312 1923 2382 audiebant
1939 2311 1983 2380 de
2003 2331 2090 2400 pro·

65 2414 149 2486 llaec
167 2421 211 2486 de
238 2415 395 2506 meipso
419 2418 595 2507 praefatus
613 2439 712 2504 sum,
738 2418 894 2488 nuncin
919 2437 1045 2505 genere
1097 2409 1327 2483 missionibus
1342 2409 1567 2496 disserentes,
1592 2413 1636 2480 de
1651 2435 1759 2501 regno
1771 2407 1920 2497 Christi,
1946 2413 1990 2480 de
2007 2433 2090 2502 pec·

65 2520 102 2588 de
116 2513 244 2587 scholis
266 2531 301 2586 et
319 2519 363 2586 de
388 2519 605 2608 professione
630 2543 705 2590 mea
723 2521 849 2588 dicam.
899 2515 991 2588 Nam
1017 2517 1046 2585 si
1098 2525 1193 2596 cato,
1219 2513 1265 2581 de
1280 2511 1373 2600 lege,
1396 2513 1441 2580 de
1457 2511 1581 2602 gratia,
1606 2514 1650 2582 dc
1668 2513 1819 2598 iusticia,
1845 2516 1889 2583 de
1904 2513 1998 2582 veris
2013 2509 2090 2582 cul·

67 2621 136 2711 quis
154 2620 345 2710 cogitabit,
376 2633 547 2710 quantum
569 2619 715 2704 referat,
749 2616 815 2690 hoc
841 2619 1046 2710 praesertim
1099 2615 1195 2688 tibus
1217 2612 1303 2696 Dei,
1330 2615 1374 2680 de
1395 2614 1557 2684 maximis
1578 2616 1838 2686 mutationibus
1859 2614 1958 2688 orbis
1975 2628 2090 2686 terra·

67 2733 231 2812 tempore,
269 2720 407 2790 restitui
428 2722 629 2792 emendatas
650 2716 808 2801 scholas,
832 2717 930 2792 hsrnc
957 2715 1046 2788 mihi
1099 2739 1191 2786 mm.
1241 2711 1374 2784 Extant
1393 2710 1509 2786 adhuc
1529 2729 1647 2786 vetera
1669 2719 1842 2810 quaedam
1862 2716 1975 2800 dicta,
1999 2735 2092 2808 quae

68 2847 194 2915 qnoque
215 2835 251 2891 et
270 2821 415 2890 caeteris
436 2821 508 2892 mei
523 2821 659 2896 ordinis
677 2818 884 2894 hominibus
901 2821 1045 2915 aequio-
1100 2820 1145 2887 ab
1170 2814 1242 2884 illis
1267 2809 1408 2911 scholis¹
1421 2817 1522 2908 quasi
1546 2841 1610 2910 per
1629 2841 1756 2889 manus
1775 2831 1913 2909 accepta
1935 2817 2093 2904 fuerunt,

68 2926 354 3014 remiorespero.
407 2920 520 2992 Nemo
537 2936 675 2992 tamesi
696 2925 886 3015 impudens
907 2947 947 2993 ac
970 2923 1047 2991 sine
1100 2933 1139 2991 ut
1156 2917 1290 2987 dictum
1304 2917 1348 2986 de
1365 2939 1424 2988 sex
1439 2917 1600 2990 millibus
1614 2943 1790 2992 annorum
1804 2919 1951 3005 mundi,
1971 2919 2009 2988 id
2025 2911 2091 2988 ha·

68 3026 182 3110 lroute,
204 3027 270 3118 qui
287 3047 416 3113 negare
430 3025 522 3096 ausit
537 3025 670 3096 multos
686 3050 760 3095 non
773 3026 1048 3096 dissimulandos
1100 3022 1161 3092 bet
1181 3019 1326 3089 titulum
1349 3019 1477 3090 domus
1490 3015 1610 3106 Eliae,
1635 3017 1703 3092 hoc
1724 3035 1792 3108 est,
1816 3016 1957 3094 scholae
1978 3014 2092 3090 littae.

69 3149 191 3197 errores
218 3151 240 3196 a
263 3123 497 3198 Pontificibus
523 3137 557 3196 et
578 3122 768 3198 Monachis
792 3127 831 3198 iu
854 3123 1047 3197 Ecclesiam
1102 3120 1317 3194 Meministis
1338 3121 1433 3192 euim
1451 3123 1682 3196 sententiamr
1706 3121 1775 3194 Sex
1790 3123 1952 3194 millibus
1974 3143 2091 3192 auno·

69 3227 212 3300 invectos
225 3249 312 3298 esse.
364 3225 482 3314 Quam
497 3227 601 3298 multi
615 3229 704 3300 boni
726 3241 760 3300 et
772 3229 868 3300 docti
883 3228 954 3298 viri
967 3240 1049 3298 ante
1101 3246 1181 3294 rum
1197 3223 1342 3292 durabit
1353 3225 1521 3310 mundus,
1540 3238 1658 3316 postea
1675 3226 1891 3296 destruetur:
1918 3225 1991 3294 duo
2007 3221 2091 3291 mil·

70 3328 192 3422 aliquot
213 3329 333 3399 secula
353 3327 629 3420 deploraverunt
645 3329 837 3400 Missamm
867 3329 1048 3400 nundina·
1103 3325 1149 3394 lia
1164 3323 1282 3405 inane,
1303 3325 1376 3394 duo
1391 3326 1501 3394 millia
1515 3326 1590 3411 lex,
1614 3328 1687 3398 duo
1701 3327 1813 3398 millia
1828 3325 1999 3412 Messiae;
2025 3321 2091 3396 etsi

70 3429 212 3516 donem,
238 3429 497 3504 idolomaniam
517 3429 556 3499 iu
576 3431 801 3503 invocatione
823 3431 1050 3502 sanctorum?
1102 3426 1164 3520 qui
1184 3425 1271 3494 anni
1287 3428 1456 3511 deerunt,
1483 3441 1628 3517 propter,
1640 3442 1778 3517 peccata
1794 3443 1913 3501 nostra
1931 3429 2091 3500 deerunt.
2204 3484 2209 3492 .

71 3525 346 3624 Reprehendunt
363 3531 431 3622 ipsi
453 3543 587 3602 veteres
601 3529 813 3604 Ambmsius
830 3546 863 3604 et
877 3529 1050 3622 Augusti-
1102 3525 1156 3600 Ex
1179 3521 1386 3596 huiusmodi
1400 3527 1503 3598 dictis
1520 3529 1713 3600 existimari
1735 3543 1868 3622 potest,
1889 3529 1930 3600 in
1946 3527 2019 3600 illis
2033 3545 2092 3596 sa·

71 3654 129 3704 nus
142 3656 278 3704 errores
291 3633 590 3716 satisfactionum,
616 3649 651 3706 et
664 3648 837 3706 renovant
852 3633 1049 3704 doctrinam
1102 3627 1331 3722 pientissimis
1346 3629 1519 3704 sodalitiis
1533 3630 1640 3709 fuisse
1654 3631 1911 3720 disputationes
1928 3629 2093 3698 derebus

74 3733 110 3804 de
122 3735 357 3826 poenitentia,
390 3748 424 3806 et
441 3737 485 3806 de
501 3735 581 3806 fide.
632 3733 750 3824 Quam
767 3735 868 3807 multi
886 3735 1051 3828 deplora·
1102 3729 1275 3818 maximis.
1319 3729 1372 3800 Ac
1388 3731 1538 3822 cogitate
1552 3745 1684 3826 quauta
1698 3733 1869 3802 foeliciter
1884 3731 2004 3814 fuerit,
2026 3727 2093 3800 etsi

72 3851 188 3908 vcmnt
217 3837 388 3906 libidines
422 3837 726 3908 sacrificulorum?
765 3833 935 3930 Episcopi
963 3836 1050 3930 quid
1102 3843 1203 3904 crant
1224 3829 1339 3920 Reges
1360 3831 1478 3924 impii,
1503 3833 1568 3904 etsi
1592 3847 1692 3904 crant
1709 3835 1829 3904 omnia
1851 3834 1956 3925 plena
1978 3831 2093 3902 bello-

73 3952 168 4026 aguut
181 3940 332 4030 dignum
350 3961 415 4009 suo
430 3939 601 4008 munere?
630 3929 729 4010 Haec
743 3963 823 4012 cum
838 3939 908 4008 iam
922 3940 1049 4009 iterum
1103 3957 1182 4008 rum
1197 3956 1237 4004 ac
1252 3933 1482 4020 seditionum,
1505 3935 1558 4006 illi
1575 3951 1694 4008 coetus
1707 3931 1899 4006 Ecclesiam
1912 3935 2095 4024 regebant,

74 4035 274 4130 reprehendi
289 4037 386 4125 Deus
400 4040 566 4126 voluerit,
585 4065 625 4110 ac
639 4041 835 4114 instaurare
847 4035 1052 4126 Ecclesiam,
1103 4060 1186 4107 uam
1202 4035 1248 4108 ita
1266 4035 1328 4104 alii
1343 4036 1423 4106 aliis
1435 4037 1679 4121 succedebant,
1697 4039 1798 4130 quasi
1815 4038 1855 4108 in
1869 4037 1956 4123 acie,
1971 4049 2012 4106 ut
2026 4034 2093 4106 ali·

75 4161 112 4207 uc
126 4165 267 4233 prorsus
284 4163 407 4213 omncs
425 4136 587 4212 homines
606 4157 766 4234 pereant,
792 4143 921 4213 vidctis
936 4165 1052 4236 quau·
1103 4162 1175 4232 quo
1188 4137 1371 4216 excellenti
1387 4133 1562 4228 Propheta
1577 4139 1741 4224 extincto,
1759 4137 1858 4210 Deus
1870 4161 1953 4208 mox
1968 4138 2095 4235 alium,

75 4249 139 4310 turn
155 4259 331 4316 commen
347 4257 508 4317 exortum
525 4243 586 4314 sit:
612 4239 803 4334 Epicuraei
816 4241 1004 4316 Pontifices
1018 4256 1053 4313 et
1103 4239 1204 4334 quasi
1227 4239 1265 4305 in
1288 4238 1323 4306 id
1353 4239 1536 4328 vestigium
1556 4239 1754 4327 collocaret.
1802 4239 1893 4312 Cum
1912 4235 2011 4312 Elias
2027 4241 2094 4310 do-

76 4335 250 4432 Mouachi,
275 4345 391 4415 ventri
413 4357 623 4430 metuentes,
648 4349 751 4417 adeo
769 4347 1051 4418 fremuntsere-
1104 4341 1232 4436 suisset
1257 4359 1370 4410 anuos
1396 4341 1537 4412 circiter
1562 4341 1711 4431 viginti,
1750 4343 1913 4413 successit
1940 4339 2095 4424 Eliseu's‚

76 4439 252 4534 prehendi,
277 4461 317 4520 ut
340 4447 452 4517 deleri
473 4469 603 4516 nomen
618 4443 771 4534 Christi,
796 4463 830 4520 et
848 4447 1051 4518 nniversam
1103 4441 1166 4538 qui
1186 4463 1300 4512 annos
1330 4441 1469 4512 circiter
1494 4444 1713 4534 septuaginta
1737 4445 1948 4534 gubernavit
1969 4439 2094 4514 Eccle-

78 4542 259 4620 doctrinam
274 4544 482 4638 Evangelii,
507 4562 542 4619 et
555 4573 679 4620 omncs
693 4545 869 4622 Ecclesiae
890 4549 930 4618 in
946 4548 1071 4622 vasti»
1102 4545 1189 4618 siam
1206 4543 1243 4613 iu
1262 4541 1379 4614 lsrael.
1430 4541 1525 4614 Huic
1542 4537 1706 4616 successit
1718 4547 1843 4628 lonas,
1868 4569 1974 4640 quem
1996 4543 2096 4615 arbi-

77 4653 170 4718 tatcm
191 4651 304 4742 redigi
328 4651 487 4742 cupiant·
538 4647 612 4722 Res
640 4651 714 4743 ipsa
742 4652 905 4746 loquitur
921 4674 981 4722 eos
1003 4651 1052 4720 sic
1103 4657 1245 4720 trantur
1259 4645 1367 4716 fuisse
1387 4646 1500 4717 lilium
1517 4647 1679 4718 mulieris
1694 4643 1929 4739 Sareptenae,
1953 4647 1998 4718 ab
2012 4641 2095 4716 Elia

79 4745 214 4822 affectos.
276 4751 433 4843 Perguut
458 4751 554 4824 euim
580 4754 770 4826 defendere
793 4776 877 4825 suos
903 4775 1053 4837 errores,
1103 4748 1305 4824 revocatum
1323 4771 1365 4817 ex
1381 4762 1507 4822 morte,
1555 4745 1697 4818 Deinde
1712 4750 1872 4826 abductis
1891 4751 2010 4819 decem
2026 4745 2094 4818 tri·

80 4849 185 4921 moliri
206 4855 302 4939 bella
323 4853 463 4940 civilia,
488 4855 673 4928 cumulant
696 4855 844 4945 flagitia,
868 4856 1052 4945 negligunt
1102 4848 1240 4933 bubus,
1264 4850 1429 4920 successit
1452 4845 1576 4920 Esaias
1601 4850 1639 4920 iu
1664 4849 1772 4936 luda,
1803 4850 1866 4944 qui
1888 4848 2011 4930 docuit
2028 4871 2095 4918 au-

81 4941 237 5030 Ecclesias
271 4971 307 5029 et
332 4951 484 5028 scholas.
548 4953 629 5032 Tali
653 4969 813 5049 tempore
837 4979 978 5028 necesse
1000 4968 1050 5024 est
1102 4973 1170 5024 uos
1186 4951 1324 5020 circiter
1344 4952 1541 5041 octoginta,
1566 4965 1600 5024 et
1616 4975 1763 5042 regnum
1781 4952 1946 5023 liberavit
1967 4951 2095 5042 iugen-

82 5046 178 5125 bouos
193 5073 224 5130 ct
241 5062 318 5152 pios
334 5057 517 5152 Principes
527 5059 727 5150 providere,
753 5083 799 5128 ne
815 5059 977 5130 funditus
993 5057 1066 5132 in-,
1102 5055 1198 5126 tibus
1222 5051 1341 5131 bellis,
1367 5078 1448 5123 narn
1468 5052 1617 5148 quilibet
1632 5049 1808 5142 Propheta
1830 5048 1938 5124 hahet
1958 5052 2095 5146 sliquos

83 5161 175 5238 feteat
188 5163 310 5254 religio
327 5157 552 5232 Christianae
578 5185 688 5256 quare
704 5175 744 5233 ut
759 5156 933 5232 Ecclesiae
947 5159 1052 5230 resti-
1102 5155 1241 5244 insigne
1263 5149 1480 5248 πολίτευμα.
1531 5153 1617 5226 Post
1630 5152 1772 5226 Esaiam
1789 5154 1959 5226 excitatus
1972 5156 2023 5226 est'
2039 5151 2096 5224 le-

86 5261 181 5344 tuere,
203 5264 249 5336 ita
262 5279 296 5336 et
314 5257 452 5334 scholas
472 5263 672 5334 instaurare
688 5265 839 5346 debent3
865 5285 1051 5356 nunquam
1101 5257 1263 5350 remiss,¹
1284 5258 1346 5349 qui
1364 5281 1477 5327 annos
1494 5257 1634 5328 circiter
1651 5257 1884 5349 quadraginta
1907 5257 2104 5328 conciona-

85 5353 162 5426 issim
179 5387 257 5439 vera
271 5362 430 5440 Ecclesia
446 5366 524 5438 siue
546 5359 677 5439 scholis
699 5365 880 5462 aliquibus
898 5365 986 5450 fuit,
1011 5387 1054 5434 ac
1101 5375 1158 5436 tus
1174 5371 1237 5430 est.
1277 5356 1431 5455 Fuitque
1446 5359 1522 5431 eius
1542 5353 1748 5453 πολίτευμα
1762 5359 1801 5430 iu
1816 5359 1966 5452 speciem
1985 5359 2098 5444 triste,
