4718 5828
1160 55 1168 95 l

245 241 294 316 ro
914 242 915 248 ¹
986 229 1546 328 nacuuuuuotsus
1763 209 1765 214 ’
2234 233 2285 304 ao
2352 341 2353 352 Ν

160 419 163 424 ’
244 413 344 486 nulla
366 409 473 482 suerit
493 407 654 502 Respnh.
679 429 770 501 quae
798 417 860 484 aut
888 403 991 497 plura
1020 405 1145 496 nobis,
1177 423 1239 482 aot
1288 401 1328 480 in
1344 407 1423 478 loro
1441 406 1536 498 apud
1556 426 1623 476 nos
1640 428 1715 476 uon
1731 419 1955 478 venarentur
1970 403 2156 480 Romanae
2177 407 2286 498 leges,
2352 483 2353 494 2

135 505 139 512 ’
245 511 439 586 illustriora
470 513 611 584 virtutis
641 507 942 600 humanitatisque
970 511 1150 602 exempla,
1177 525 1240 583 aut
1289 513 1329 582 io
1358 503 1585 580 bibliothecis
1615 531 1674 578 eas
1701 510 1900 596 adservari,
1933 524 1973 581 ut
1997 511 2081 580 inde
2110 511 2287 602 gerendae
2352 523 2353 556 ³

246 615 474 688 humaniores
496 616 588 704 leges
608 634 805 704 proponere
829 611 1006 700 potuerit?
1042 610 1127 680 Fuit
1148 613 1238 697 illud
1291 613 1445 704 Reipub.
1469 611 1644 680 rationem
1668 611 1773 704 aequi
1799 623 1834 682 et
1859 611 1975 706 iniqui
1998 611 2131 682 iustum
2158 611 2288 683 discri-
2352 615 2353 618 ’

247 720 396 790 omuino
419 717 564 786 unicum
582 714 724 784 virtutis
745 726 850 804 atquc
868 707 1097 784 humanitatis
1115 715 1153 782 in
1169 729 1241 784 ter·
1292 738 1374 783 men
1390 727 1570 805 peterent,
1597 711 1800 806 quicunque
1819 716 1864 784 ad
1889 713 2029 806 publica
2046 737 2196 784 munera
2211 727 2289 788 tra·
2352 731 2353 804 ᾗ

247 821 298 892 ris
314 819 546 889 domicilium.
583 815 746 904 Longum
762 813 868 884 luerit
879 837 1079 907 recensere,
1107 817 1170 910 qui
1189 816 1241 886 ibi
1293 817 1420 886 ctanda
1436 813 1597 885 animum
1618 812 1835 889 adiecerunt.
1887 814 1986 904 Quid
2006 814 2101 884 enim
2116 813 2290 886 furiosius

249 925 345 994 iuxta
370 933 405 989 et
425 921 463 986 in
487 933 566 1008 toga
590 931 625 988 et
645 916 750 1000 loris,
784 915 945 984 omnium
968 916 1052 985 belli
1078 917 1242 1011 pacisque
1294 931 1364 1002 est,
1388 939 1517 1009 quarn,
1540 917 1635 1008 quod
1660 913 1733 984 fere
1758 917 1893 998 evenit,
1920 919 2084 988 accedere
2106 919 2152 987 ad
2174 913 2289 988 Rern-
2352 965 2353 970 η

250 1024 380 1094 artium
400 1021 515 1110 periti,
542 1019 627 1088 clari
642 1019 752 1088 luere.
791 1013 874 1085 Noti
891 1031 974 1088 suut
991 1017 1143 1103 Camilli,
1169 1021 1242 1091 Cu·
1296 1020 1380 1112 pub.
1395 1017 1506 1086 nullis
1522 1017 1713 1088 instructos
1730 1015 1860 1102 literis,
1885 1017 1983 1088 nulla
2002 1020 2196 1109 praeditos,
2224 1041 2290 1085 ne-

250 1125 317 1208 rii,
343 1122 522 1204 Fabricii,
548 1119 670 1204 Fabii,
702 1115 864 1200 Claudii,
890 1111 1091 1209 Scipiones,
1115 1119 1244 1204 Crassi,
1295 1139 1364 1214 qne
1392 1113 1643 1202 humanitatis,
1675 1139 1793 1210 neque
1820 1119 2006 1212 aequitatis
2034 1117 2206 1190 scientia?
2247 1117 2291 1186 ln

253 1225 349 1308 lulli,
374 1222 574 1306 Cicerones,
601 1219 779 1292 Scevolae.
812 1216 1245 1316 Didiceranthil'tespub.
1297 1243 1435 1291 scenam
1453 1243 1558 1288 nemo
1574 1219 1712 1312 prodit,
1738 1220 1808 1288 nisi
1825 1216 2071 1290 histrionicam
2088 1222 2199 1312 probe
2213 1243 2292 1289 rne-

180 1334 183 1342 ’
254 1350 395 1416 regere,
419 1349 492 1394 non
509 1325 546 1391 in
562 1325 708 1401 umbra,
732 1333 766 1390 et
781 1321 819 1388 in
834 1320 930 1406 ocio,
954 1337 995 1392 ut
1010 1319 1158 1410 Graeci,
1184 1325 1245 1394 sed
1298 1324 1445 1392 ditatus:
1473 1343 1580 1390 nemo
1598 1320 1728 1390 lidibus
1748 1321 1858 1407 ludit,
1884 1321 1954 1390 nisi
1972 1322 2145 1392 Marsicam
2162 1334 2292 1393 teneat.
2352 1329 2353 1412 J

257 1431 297 1498 in
320 1429 393 1496 sole
411 1451 450 1496 ac
469 1425 635 1516 pulvere,
661 1445 766 1492 usum
787 1423 972 1512 magistro,
999 1423 1095 1509 vim,
1120 1424 1247 1496 incon·
1299 1423 1443 1512 Quanto
1459 1422 1571 1511 magis
1585 1435 1724 1513 oportet
1739 1445 1816 1507 eos,
1842 1423 1902 1516 qui
1920 1421 2077 1516 Respub.
2093 1435 2294 1516 capessunt,

257 1528 439 1612 stantiam,
465 1527 649 1617 variasque
669 1523 868 1594 voluntates
885 1524 1002 1612 vulgi,
1028 1525 1125 1594 domi
1141 1527 1248 1598 foris·
1299 1526 1362 1619 qui
1380 1524 1582 1608 consilium,
1607 1522 1670 1616 qui
1687 1547 1790 1614 opem
1804 1525 2053 1594 innocentibus
2066 1527 2294 1618 pollicentur,
2352 1549 2353 1604 t

258 1655 327 1724 qne
345 1630 447 1700 toties
463 1628 607 1718 experti,
634 1637 765 1694 norant
782 1626 913 1716 quibus
929 1626 1064 1695 artibus
1080 1629 1117 1696 in
1131 1629 1248 1698 ollirio
1300 1621 1461 1696 honestis
1485 1625 1620 1694 artibus
1643 1625 1803 1694 dedolati
1827 1641 1945 1710 antea,
1971 1625 2062 1698 etin
2087 1621 2207 1695 schola
2227 1628 2295 1693 bo·
2352 1617 2353 1678 ἶ

260 1732 443 1802 retinenda
459 1729 711 1820 tractandaque
727 1727 772 1795 sit
789 1727 993 1810 multitudo,
1016 1743 1146 1800 norant
1160 1753 1249 1823 qnae
1302 1750 1565 1796 narumrernm
1580 1727 1716 1810 studio,
1742 1727 1965 1815 gravioribus
1982 1727 2136 1818 negociis
2150 1726 2295 1818 praelu-
2324 1775 2328 1784 .
2352 1805 2353 1820 2

260 1830 448 1926 pharmaco
471 1830 654 1902 civitatum
676 1828 810 1896 morbis
832 1829 1076 1902 convenirent.
1130 1830 1251 1925 ltaque
1302 1827 1411 1898 dere?
1444 1825 1538 1898 Sunt
1562 1826 1658 1896 enim
1682 1822 1877 1898 hebetiores
1901 1831 1974 1898 lere
1995 1831 2033 1920 in
2051 1827 2297 1906 discernendis
2352 1903 2353 1912 ἵ

182 2017 183 2020 ¹
260 1933 439 2024 Vergilius
460 1957 540 2000 cum
564 1930 651 2000 alias
675 1942 767 1998 artes
788 1929 866 1998 aliis
888 1931 1052 2017 gentibus
1072 1935 1252 2016 concedat,
1303 1931 1409 2000 rebus
1425 1928 1689 2013 communibus,
1714 1953 1867 2022 quorum
1890 1931 2062 2012 iudicium
2078 1931 2199 2000 nullae
2214 1929 2298 1998 lite-

259 2033 436 2110 Romanis
449 2031 629 2102 scientiam
647 2031 820 2120 gerendae
836 2029 991 2121 Reipub.
1007 2035 1151 2105 tribuit:
1305 2055 1364 2102 rae
1381 2042 1568 2114 acuerunt,
1594 2043 1655 2099 aut
1668 2031 1944 2117 confirmarunt,
1968 2045 2003 2102 et
2017 2031 2083 2102 leri
2099 2032 2209 2121 magis
2226 2029 2298 2098 im-
2352 2077 2353 2116 ;

365 2175 416 2238 Tu
431 2196 532 2256 regere
546 2177 675 2254 imperio
691 2173 823 2254 populor
838 2144 975 2234 Romani
990 2189 1141 2238 mem„
1307 2131 1609 2226 potentioresque,
1634 2155 1786 2224 quorum
1803 2145 1941 2223 pectora
1957 2133 2174 2204 mansuetior
2189 2130 2298 2200 disci·

1306 2235 1404 2326 plina
1421 2255 1494 2301 uon
1510 2231 1653 2322 molliit.
1702 2229 1864 2302 Belluam
1880 2234 2035 2328 aliquam
2053 2233 2201 2303 immani
2218 2255 2300 2301 sae·
2352 2245 2353 2324 l

1308 2335 1392 2404 vitia
1405 2358 1446 2404 ex
1463 2357 1565 2402 cavea
1578 2333 1615 2401 in
1632 2333 1783 2402 mediam
1800 2335 2063 2406 multitudinem
2079 2337 2174 2407 iures
2190 2334 2301 2404 emis-
2352 2333 2353 2390 l

267 2446 383 2528 Porro
395 2466 474 2511 cum
493 2435 531 2508 hi
548 2439 610 2531 qni
625 2435 785 2507 Musicae
801 2462 943 2528 operam
961 2440 1079 2518 daturi
1097 2453 1190 2524 sunt,
1210 2440 1254 2506 ad
1307 2459 1380 2505 sam
1406 2457 1494 2519 esse,
1520 2458 1593 2502 non
1621 2433 1795 2524 imperare
1814 2431 2015 2523 hominem,
2042 2438 2155 2507 sicubi
2180 2435 2219 2504 in
2239 2436 2301 2502 in·
2352 2439 2353 2482 ἒ

267 2543 507 2616 nobilissimos
528 2564 565 2609 se
580 2539 765 2626 magistros
787 2541 987 2625 conferant,
1009 2566 1089 2610 cum
1104 2542 1256 2633 pictores
1308 2536 1394 2606 culti
1418 2535 1643 2630 imperitique
1669 2533 1897 2626 Magistratus
1927 2552 2095 2629 potestate
2117 2536 2302 2628 Rempub.

268 2649 400 2739 optima
417 2643 484 2712 sibi
498 2641 654 2730 exempla
673 2655 890 2735 proponant,
917 2635 979 2712 cur
995 2666 1068 2710 nou
1088 2657 1122 2712 et
1142 2643 1179 2710 in
1196 2665 1258 2732 ge·
1309 2662 1382 2708 esse
1404 2637 1548 2720 videris.
1601 2633 1721 2724 Quare
1745 2663 1766 2727 g
1791 2639 2003 2709 doctissimis
2025 2635 2231 2710 hominibus
2252 2639 2301 2705 de

177 2785 182 2796 ·
269 2750 378 2821 tenda
392 2743 532 2835 Repub.
551 2741 683 2832 optime
703 2741 912 2813 constitutae
936 2744 1036 2816 urbis
1053 2758 1126 2813 tum
1142 2767 1258 2812 exom—
1310 2740 1472 2830 regendis
1485 2737 1700 2822 civitatibus,
1721 2739 1765 2809 de
1780 2740 1870 2825 iure,
1887 2765 1999 2834 aequo
2015 2767 2054 2812 ac
2072 2744 2166 2812 bono
2184 2740 2302 2810 multa

270 2853 347 2944 pla,
374 2861 449 2916 tum
474 2845 566 2933 leges
588 2843 864 2934 usrrrparemus?
895 2842 1054 2915 Milesias
1078 2847 1183 2914 credo
1198 2858 1258 2914 aut
1310 2838 1506 2930 conscripta
1523 2852 1625 2919 sunt,
1650 2853 1692 2910 ut
1707 2839 1780 2909 rim
1798 2842 1939 2912 virtutis
1958 2857 1993 2913 et
2015 2843 2175 2914 iusticiae
2191 2840 2302 2910 Priu-

270 2949 476 3024 Sibariticas
491 2945 583 3034 leges
597 2943 667 3028 isti,
695 2957 732 3014 ut
746 2958 829 3014 sunt
844 2944 992 3036 impuri,
1016 2947 1121 3024 nobis
1133 2947 1259 3030 serent,
1311 2943 1427 3033 cipum
1446 2940 1556 3009 oculis
1573 2940 1798 3022 subiicerent,
1839 2939 1971 3016 Extant
1986 2943 2146 3015 Platonis
2160 2942 2303 3036 politici
2352 2981 2353 2988 κ

183 3049 185 3056 ’
273 3053 335 3146 qni
351 3049 531 3121 Romanas
545 3058 729 3136 tantopere
743 3050 908 3119 oderunt.
947 3046 996 3117 M.
1011 3045 1155 3130 Cicero,
1177 3071 1257 3116 cum
1312 3043 1394 3113 libri
1414 3066 1486 3110 non
1505 3041 1627 3132 partci',
1652 3057 1770 3113 extant
1791 3046 1917 3114 eodem
1939 3059 2145 3135 argumento
2162 3059 2196 3116 et
2215 3042 2305 3113 Ari·
2352 3043 2353 3054 ’

272 3159 317 3224 de
342 3150 475 3240 optimo
499 3146 649 3216 ciuitatis
670 3159 762 3215 statu
784 3149 958 3238 disputat,
984 3171 1058 3216 non
1083 3150 1169 3217 alias
1191 3147 1260 3216 nisi
1311 3143 1481 3226 stotelici,
1504 3141 1664 3234 depinxit
1685 3139 1848 3236 graphice
1866 3143 2067 3239 Principem
2084 3141 2305 3238 Xenophon,

274 3253 455 3326 &marnas
495 3248 588 3336 leges
627 3249 715 3327 lert,
758 3271 885 3340 easque
923 3263 1070 3318 naturae
1110 3249 1261 3320 maxime
1313 3269 1417 3339 quem
1441 3241 1560 3334 Scipio
1583 3243 1632 3312 sic
1660 3269 1792 3316 amasse
1820 3247 1952 3331 lectur,
1986 3263 2028 3320 ut
2050 3271 2234 3339 nunqnam
2256 3254 2305 3320 de

274 3353 437 3425 omnium
453 3361 704 3418 consentaneas
720 3371 794 3416 esse
810 3363 942 3419 censet:
968 3351 1023 3420 cui
1039 3351 1069 3420 si
1085 3351 1170 3443 quid
1186 3375 1261 3420 cre·
1313 3370 1422 3414 mann
1451 3359 1606 3436 poneret.
1663 3343 1792 3417 Fateor
1817 3349 1861 3418 de
1888 3351 1995 3419 rebus
2020 3345 2186 3419 humanis
2212 3351 2304 3422 istos

275 3457 406 3536 dimus,
431 3463 590 3520 anatura
607 3450 803 3529 discedunt,
828 3447 1110 3542 quiallomanis
1127 3451 1262 3542 legibus
1314 3445 1550 3516 benemeritos
1586 3469 1678 3532 esse,
1720 3464 1755 3520 et
1786 3451 1897 3520 multa
1930 3451 2067 3522 utiliter
2102 3455 2306 3538 monuisse,

275 3556 460 3628 dissident.
513 3549 712 3619 Vernaculo
742 3553 897 3643 quodam
921 3551 992 3622 iuri
1017 3552 1173 3624 Saxones
1199 3553 1263 3621 ad·
1314 3549 1510 3640 dignosque
1527 3549 1618 3618 duco
1634 3571 1725 3634 esse,
1748 3551 1809 3644 qni
1828 3551 1866 3620 in
1883 3553 2066 3640 manibus,
2091 3555 2130 3624 in
2145 3554 2227 3624 sinu
2242 3577 2306 3644 ge-

276 3652 678 3735 hucalicubiutuutur,
709 3651 748 3720 iu
771 3677 969 3744 quoquam
995 3655 1107 3725 multa
1127 3651 1263 3726 exlio·
1315 3663 1453 3722 stentnr
1476 3649 1519 3718 nb'
1542 3649 1726 3734 omnibus,
1758 3653 1852 3742 apud
1876 3677 1964 3744 quos
1986 3653 2024 3722 in
2049 3656 2166 3746 precio
2189 3657 2308 3727 virtus
2352 3737 2353 3740 Ἴ

200 3762 204 3768 ’
278 3758 392 3830 manis
418 3754 553 3842 legibus
575 3753 759 3820 emendata
783 3753 889 3821 sunt?
922 3751 1020 3840 Quid
1049 3757 1117 3824 luit
1145 3754 1264 3823 minus
1316 3764 1382 3819 est:
1408 3773 1529 3818 vestrm
1544 3750 1662 3819 nescio
1677 3776 1748 3844 quo
1765 3755 1870 3823 modo
1884 3750 1970 3822 mibi
1987 3757 2212 3826 adumbrasse
2228 3783 2307 3830 rua-

279 3857 490 3944 humanum,
517 3875 622 3946 qnam
639 3853 733 3945 quod
751 3865 890 3920 vetuere
905 3851 1072 3939 Saxones,
1096 3879 1140 3924 ne
1155 3877 1265 3946 nepo·
1317 3851 1386 3941 gis,
1413 3875 1519 3942 quam
1537 3851 1627 3919 vivis
1650 3853 1829 3922 coloribus
1853 3857 2059 3945 expressisse
2074 3856 2233 3949 Respub.
2249 3863 2308 3928 vi-

244 3963 375 4032 'tibus
390 3958 518 4028 amisso
535 3967 641 4046 patre,
667 3952 760 4022 avita
778 3947 975 4023 haereditas
992 3956 1153 4028 veniret-i
1176 3953 1267 4026 Cor·
1318 3957 1465 4036 dentur,
1497 3953 1583 4020 dum
1607 3977 1627 4020 a
1649 3955 1830 4024 communi
1851 3960 2105 4030 consuetudine
2132 3975 2165 4030 et
2187 3961 2308 4033 civili·
2352 4013 2353 4016 ,

281 4076 374 4134 recta
398 4062 454 4128 lex
477 4069 528 4127 est
558 4057 595 4124 in
625 4054 777 4124 comitiis
801 4055 1015 4146 populorum
1042 4055 1268 4152 Germaniae,
1319 4057 1385 4124 bus
1402 4051 1560 4124 moribus
1575 4053 1715 4148 longius
1731 4059 1916 4140 recedunt,
1942 4075 1975 4131 et
1992 4085 2057 4152 pro
2071 4087 2135 4132 suo
2155 4057 2311 4156 quisque

282 4167 482 4254 latumque,
507 4171 547 4227 ut
561 4157 726 4246 deinceps
743 4155 945 4228 Romanum
961 4158 1015 4227 ius
1031 4183 1069 4228 ea
1088 4172 1185 4249 parte
1202 4157 1268 4230 Sa-
1319 4148 1498 4226 stomacho
1523 4155 1699 4225 civitatem
1722 4157 1789 4226 sibi
1808 4161 1971 4232 somniat.
2023 4160 2145 4248 Plato,
2168 4177 2209 4233 ut
2227 4189 2310 4234 cae-

283 4287 392 4338 xones
406 4247 649 4354 sequerentur.
684 4255 730 4327 Et
744 4258 971 4350 municipalia
987 4261 1115 4350 passim
1129 4273 1268 4345 statuta,
1320 4273 1391 4326 tera
1411 4255 1583 4340 omittam,
1608 4257 1772 4327 mulieres
1789 4261 1893 4330 etiam
1911 4262 2187 4337 militareinbet.
2221 4263 2311 4334 Ari-

366 2275 488 2340 l'ercere
503 2279 664 2354 subiectis,
690 2286 720 2336 et
733 2273 880 2334 debellare
893 2277 1045 2358 superbos.

283 4367 420 4460 quoties
441 4359 598 4454 aequitas
622 4359 751 4450 poscit,
784 4372 867 4428 sunt
889 4361 983 4428 enim
1008 4362 1081 4430 fere
1105 4363 1267 4445 barbara,
1321 4357 1462 4429 stoteles
1493 4359 1650 4441 dubitat,
1683 4384 1728 4427 an
1755 4362 1886 4452 oppida
1917 4365 2104 4436 moenibus
2133 4367 2311 4456 cingendo

283 4465 457 4542 Romanis
481 4461 615 4551 legibus
639 4462 883 4532 emendantur.
942 4458 1112 4555 Adeoque
1142 4485 1268 4552 magno
1321 4461 1402 4532 siut.
1456 4459 1513 4530 Ad
1529 4455 1614 4529 haec
1628 4459 1764 4550 frigidis
1780 4463 1925 4551 argutiis
1946 4461 2017 4535 lere
2042 4469 2229 4538 immodice
2245 4470 2312 4536 de-

282 4591 456 4641 consensu
480 4565 535 4634 ius
555 4559 759 4632 Romanum
783 4575 951 4653 tanquam
974 4563 1180 4646 oraculum,
1207 4589 1270 4634 na·
1322 4563 1505 4631 lactantur.
1556 4559 1718 4632 Socrates
1751 4568 1842 4655 apud
1877 4563 2061 4640 Platonem
2095 4595 2136 4640 ex
2169 4570 2313 4640 iusticia

284 4674 399 4743 tiones
417 4689 543 4738 omues
558 4665 601 4731 de
622 4663 796 4756 aequitate
813 4665 1021 4750 consulunt,
1041 4667 1270 4760 sentiuntque
1321 4657 1516 4755 attenuaris
1538 4663 1632 4736 facit.
1683 4661 1891 4734 Aristoteles
1908 4669 2035 4757 partim
2057 4671 2096 4740 iu
2120 4673 2313 4761 geometri-

285 4776 378 4864 lrges
401 4785 435 4839 et
460 4766 584 4858 placita
607 4765 727 4834 omnia
750 4765 793 4832 ad
812 4759 904 4835 hanc
927 4767 1083 4855 regulam
1102 4768 1191 4856 exigi
1209 4769 1272 4836 de·
1324 4767 1371 4834 cis
1397 4764 1704 4856 proportionibus,
1742 4767 1869 4858 partim
1898 4769 1938 4836 in
1962 4767 2191 4844 arithmeticis
2222 4797 2315 4844 con-

286 4879 388 4958 bere,
414 4871 501 4940 etin
523 4862 590 4936 hoc
613 4878 730 4934 extare
746 4867 891 4946 volrmt,
918 4881 958 4936 ut
979 4869 1016 4936 in
1035 4867 1272 4939 diiudicandis
1324 4867 1444 4936 sistere
1463 4865 1637 4938 iusticiam
1655 4867 1789 4943 scribit.
1807 4867 1927 4939 'Laus
1947 4871 2080 4961 ingenii
2104 4877 2235 4968 petitur
2254 4872 2316 4946 his

286 4971 575 5070 pensitandisque
594 4968 870 5058 omnibusquae
887 4968 925 5036 in
945 4971 1098 5062 publicis
1116 4971 1272 5041 consiliis
1325 4967 1494 5058 parergis,
1519 4970 1562 5036 ad
1581 4993 1654 5036 rem
1670 4993 1744 5037 non
1761 4969 1808 5038 ita
1826 4971 1977 5042 multum
1995 4975 2140 5048 faciunt.
2191 4972 2317 5048 Abso-

288 5082 543 5157 deccrnuntur,
579 5067 764 5159 gnomonis
789 5070 864 5138 vice
886 5071 942 5140 sit.
1001 5071 1090 5141 Tam
1116 5085 1271 5142 sanctam
1324 5071 1434 5140 lutam
1452 5093 1534 5140 vero
1548 5069 1699 5139 civitatis
1715 5071 1863 5159 effigiem
1878 5088 1929 5143 est
1943 5101 2086 5149 cernere
2100 5079 2138 5148 iu
2151 5076 2208 5148 his
2223 5080 2318 5171 legi-

287 5179 521 5274 plurimarum
558 5170 715 5261 gentium
750 5171 1049 5262 conspirationem
1083 5169 1274 5266 reprehen-
1326 5173 1518 5263 bus,quae
1537 5195 1608 5238 non
1627 5171 1664 5238 in
1683 5167 1812 5242 scholis
1831 5189 1933 5246 natae
1948 5193 2043 5263 auru,
2070 5181 2184 5252 sedin
2202 5186 2318 5265 curia,

287 5285 387 5365 dere,
411 5279 495 5370 quid
512 5273 675 5366 aliudlest
694 5272 760 5339 nisi
778 5272 957 5342 insanire?
982 5271 1027 5343 Et
1046 5299 1122 5344 meo
1142 5275 1274 5344 iudicio
1326 5273 1363 5340 in
1381 5273 1478 5355 loro,
1502 5286 1542 5341 ut
1557 5250 1660 5340 bonis
1677 5275 1895 5365 profugium,
1921 5293 1954 5348 et
1974 5295 2114 5370 portus,
2135 5285 2317 5366 etadver-

287 5408 370 5457 sane
387 5403 491 5474 quam
513 5375 665 5444 multum
684 5374 886 5444 interfuerit
901 5372 1053 5467 Reipub.
1068 5390 1108 5488 ut
1124 5377 1274 5447 maxime
1326 5374 1905 5464 sumirnprobosteliviceessent.
1939 5377 1986 5450 Ut
2003 5383 2190 5457 offendunt
2206 5385 2321 5459 Mirni
