<?xml version="1.0" encoding="UTF-8"?>
<!DOCTYPE html PUBLIC "-//W3C//DTD XHTML 1.0 Transitional//EN"
    "http://www.w3.org/TR/xhtml1/DTD/xhtml1-transitional.dtd">
<html xmlns="http://www.w3.org/1999/xhtml" xml:lang="en" lang="en">
 <head>
  <title>
</title>
<meta http-equiv="Content-Type" content="text/html;charset=utf-8" />
  <meta name='ocr-system' content='tesseract 3.04.00' />
  <meta name='ocr-capabilities' content='ocr_page ocr_carea ocr_par ocr_line ocrx_word'/>
</head>
<body>
  <div class='ocr_page' id='page_1' title='image "./corpusreformato23melagoog_0220.png"; bbox 0 0 4616 5816; ppageno 0'>
   <div class='ocr_carea' id='block_1_1' title="bbox 70 259 2078 358">
    <p class='ocr_par' dir='ltr' id='par_1_1' title="bbox 70 259 2078 358">
     <span class='ocr_line' id='line_1_1' title="bbox 70 259 2078 358; baseline 0.002 -4"><span class='ocrx_word' id='word_1_1' title='bbox 70 277 131 356; x_wconf 82' lang='lat' dir='ltr'><strong>tat</strong></span> <span class='ocrx_word' id='word_1_2' title='bbox 768 267 935 350; x_wconf 75' lang='lat' dir='ltr'>BECL</span> <span class='ocrx_word' id='word_1_3' title='bbox 952 267 1051 348; x_wconf 77' lang='lat' dir='ltr'><strong>DE:</strong></span> <span class='ocrx_word' id='word_1_4' title='bbox 1074 259 1366 348; x_wconf 70' lang='lat' dir='ltr'><strong>PLATOND</strong></span> <span class='ocrx_word' id='word_1_5' title='bbox 2004 282 2078 358; x_wconf 79' lang='lat'><strong>418</strong></span> 
     </span>
    </p>
   </div>
   <div class='ocr_carea' id='block_1_2' title="bbox 35 439 2148 3497">
    <p class='ocr_par' dir='ltr' id='par_1_2' title="bbox 35 439 2148 3497">
     <span class='ocr_line' id='line_1_2' title="bbox 65 439 2075 544; baseline 0.007 -28"><span class='ocrx_word' id='word_1_6' title='bbox 65 477 118 544; x_wconf 70' lang='lat'><strong>08⁰</strong></span> <span class='ocrx_word' id='word_1_7' title='bbox 138 465 254 522; x_wconf 77' lang='lat' dir='ltr'><strong>umen</strong></span> <span class='ocrx_word' id='word_1_8' title='bbox 277 443 342 518; x_wconf 89' lang='lat' dir='ltr'><strong>bas</strong></span> <span class='ocrx_word' id='word_1_9' title='bbox 362 439 766 536; x_wconf 77' lang='lat' dir='ltr'><strong>sententiasErangelio</strong></span> <span class='ocrx_word' id='word_1_10' title='bbox 786 445 928 534; x_wconf 75' lang='lat' dir='ltr'><strong>m‘nce&#39;ri</strong></span> <span class='ocrx_word' id='word_1_11' title='bbox 942 445 1036 526; x_wconf 75' lang='lat' dir='ltr'><strong>vnio,</strong></span> <span class='ocrx_word' id='word_1_12' title='bbox 1088 439 1245 532; x_wconf 82' lang='lat' dir='ltr'><strong>eternplo</strong></span> <span class='ocrx_word' id='word_1_13' title='bbox 1269 453 1344 514; x_wconf 88' lang='lat' dir='ltr'><strong>erat</strong></span> <span class='ocrx_word' id='word_1_14' title='bbox 1371 441 1574 518; x_wconf 89' lang='lat' dir='ltr'><strong>admonitus</strong></span> <span class='ocrx_word' id='word_1_15' title='bbox 1600 441 1718 534; x_wconf 90' lang='lat' dir='ltr'><strong>Plato,</strong></span> <span class='ocrx_word' id='word_1_16' title='bbox 1753 473 1829 520; x_wconf 87' lang='lat' dir='ltr'><strong>non</strong></span> <span class='ocrx_word' id='word_1_17' title='bbox 1856 453 1957 542; x_wconf 73' lang='lat' dir='ltr'><strong>posse</strong></span> <span class='ocrx_word' id='word_1_18' title='bbox 1980 457 2075 530; x_wconf 77' lang='lat' dir='ltr'><strong>coire</strong></span> 
     </span>
     <span class='ocr_line' id='line_1_3' title="bbox 62 539 2072 646; baseline -0 -20"><span class='ocrx_word' id='word_1_19' title='bbox 62 558 112 627; x_wconf 89' lang='lat' dir='ltr'><strong>scd</strong></span> <span class='ocrx_word' id='word_1_20' title='bbox 139 567 283 624; x_wconf 83' lang='lat' dir='ltr'><strong>teneant</strong></span> <span class='ocrx_word' id='word_1_21' title='bbox 307 575 414 622; x_wconf 20' lang='lat' dir='ltr'><strong>*sunm</strong></span> <span class='ocrx_word' id='word_1_22' title='bbox 452 549 760 625; x_wconf 82' lang='lat' dir='ltr'><strong>lotum&#39;dnctrina</strong></span> <span class='ocrx_word' id='word_1_23' title='bbox 785 549 942 620; x_wconf 82' lang='lat' dir='ltr'><strong>rationis</strong></span> <span class='ocrx_word' id='word_1_24' title='bbox 976 561 1037 632; x_wconf 84' lang='lat' dir='ltr'><strong>est,</strong></span> <span class='ocrx_word' id='word_1_25' title='bbox 1068 544 1275 615; x_wconf 71' lang='lat' dir='ltr'><strong>amicitiam</strong></span> <span class='ocrx_word' id='word_1_26' title='bbox 1300 544 1394 614; x_wconf 91' lang='lat' dir='ltr'><strong>inter</strong></span> <span class='ocrx_word' id='word_1_27' title='bbox 1416 539 1653 639; x_wconf 67' lang='lat' dir='ltr'><strong>Philosophus</strong></span> <span class='ocrx_word' id='word_1_28' title='bbox 1680 563 1928 646; x_wconf 22' lang='lat' dir='ltr'><strong>et&#39;tyrannen</strong></span> <span class='ocrx_word' id='word_1_29' title='bbox 1956 558 2072 630; x_wconf 66' lang='lat' dir='ltr'><strong>¹eie-,tus</strong></span> 
     </span>
     <span class='ocr_line' id='line_1_4' title="bbox 61 639 2072 751; baseline 0.006 -30"><span class='ocrx_word' id='word_1_30' title='bbox 61 679 231 751; x_wconf 76' lang='lat' dir='ltr'><strong>quaecum</strong></span> <span class='ocrx_word' id='word_1_31' title='bbox 253 667 347 724; x_wconf 91' lang='lat' dir='ltr'><strong>recte</strong></span> <span class='ocrx_word' id='word_1_32' title='bbox 367 645 658 744; x_wconf 79' lang='lat' dir='ltr'><strong>philosophatur,</strong></span> <span class='ocrx_word' id='word_1_33' title='bbox 685 652 923 739; x_wconf 80' lang='lat' dir='ltr'><strong>cumrestigia</strong></span> <span class='ocrx_word' id='word_1_34' title='bbox 942 650 1036 720; x_wconf 57' lang='lat' dir='ltr'><strong>divis·</strong></span> <span class='ocrx_word' id='word_1_35' title='bbox 1086 660 1206 719; x_wconf 87' lang='lat' dir='ltr'><strong>tamen</strong></span> <span class='ocrx_word' id='word_1_36' title='bbox 1239 639 1490 718; x_wconf 74' lang='lat' dir='ltr'><strong>adhortatione</strong></span> <span class='ocrx_word' id='word_1_37' title='bbox 1519 647 1663 736; x_wconf 90' lang='lat' dir='ltr'><strong>Dionis,</strong></span> <span class='ocrx_word' id='word_1_38' title='bbox 1708 653 1746 722; x_wconf 89' lang='lat' dir='ltr'><strong>in</strong></span> <span class='ocrx_word' id='word_1_39' title='bbox 1776 655 1933 726; x_wconf 89' lang='lat' dir='ltr'><strong>Siciliam</strong></span> <span class='ocrx_word' id='word_1_40' title='bbox 1968 663 2072 740; x_wconf 89' lang='lat' dir='ltr'><strong>redit.</strong></span> 
     </span>
     <span class='ocr_line' id='line_1_5' title="bbox 61 744 2073 848; baseline 0.009 -34"><span class='ocrx_word' id='word_1_41' title='bbox 61 759 167 828; x_wconf 67' lang='lat' dir='ltr'><strong>„isatis</strong></span> <span class='ocrx_word' id='word_1_42' title='bbox 182 757 222 824; x_wconf 82' lang='lat' dir='ltr'><strong>in</strong></span> <span class='ocrx_word' id='word_1_43' title='bbox 239 757 345 826; x_wconf 89' lang='lat' dir='ltr'><strong>rebus</strong></span> <span class='ocrx_word' id='word_1_44' title='bbox 359 754 517 848; x_wconf 88' lang='lat' dir='ltr'><strong>quaerit,</strong></span> <span class='ocrx_word' id='word_1_45' title='bbox 544 777 626 823; x_wconf 84' lang='lat' dir='ltr'><strong>cuna</strong></span> <span class='ocrx_word' id='word_1_46' title='bbox 639 755 838 824; x_wconf 88' lang='lat' dir='ltr'><strong>considerat</strong></span> <span class='ocrx_word' id='word_1_47' title='bbox 859 749 1036 822; x_wconf 82' lang='lat' dir='ltr'><strong>hnmanae</strong></span> <span class='ocrx_word' id='word_1_48' title='bbox 1085 744 1199 818; x_wconf 84' lang='lat' dir='ltr'><strong>Erant</strong></span> <span class='ocrx_word' id='word_1_49' title='bbox 1221 749 1375 839; x_wconf 90' lang='lat' dir='ltr'><strong>auspicia</strong></span> <span class='ocrx_word' id='word_1_50' title='bbox 1398 749 1532 820; x_wconf 79' lang='lat' dir='ltr'><strong>aulicae</strong></span> <span class='ocrx_word' id='word_1_51' title='bbox 1554 757 1820 826; x_wconf 74' lang='lat' dir='ltr'><strong>consuetudinis</strong></span> <span class='ocrx_word' id='word_1_52' title='bbox 1846 759 1954 844; x_wconf 87' lang='lat' dir='ltr'><strong>laeta,</strong></span> <span class='ocrx_word' id='word_1_53' title='bbox 1980 763 2073 835; x_wconf 89' lang='lat' dir='ltr'><strong>cives</strong></span> 
     </span>
     <span class='ocr_line' id='line_1_6' title="bbox 60 851 2075 953; baseline 0.026 -69"><span class='ocrx_word' id='word_1_54' title='bbox 60 861 174 930; x_wconf 47' lang='lat' dir='ltr'><strong>mentis</strong></span> <span class='ocrx_word' id='word_1_55' title='bbox 198 873 382 942; x_wconf 54' lang='lat' dir='ltr'>naturam,</span> <span class='ocrx_word' id='word_1_56' title='bbox 404 852 571 946; x_wconf 45' lang='lat' dir='ltr'><strong>&#39;menn</strong></span> <span class='ocrx_word' id='word_1_57' title='bbox 595 858 639 924; x_wconf 61' lang='lat' dir='ltr'><strong>ad</strong></span> <span class='ocrx_word' id='word_1_58' title='bbox 662 851 726 924; x_wconf 63' lang='lat' dir='ltr'><strong>h„</strong></span> <span class='ocrx_word' id='word_1_59' title='bbox 745 869 874 940; x_wconf 58' lang='lat' dir='ltr'><strong>mam,</strong></span> <span class='ocrx_word' id='word_1_60' title='bbox 903 853 1035 924; x_wconf 72' lang='lat' dir='ltr'><strong>divini.</strong></span> <span class='ocrx_word' id='word_1_61' title='bbox 1085 867 1207 920; x_wconf 86' lang='lat' dir='ltr'><strong>omnes</strong></span> <span class='ocrx_word' id='word_1_62' title='bbox 1229 873 1376 920; x_wconf 89' lang='lat' dir='ltr'><strong>aureum</strong></span> <span class='ocrx_word' id='word_1_63' title='bbox 1397 854 1576 945; x_wconf 88' lang='lat' dir='ltr'><strong>quoddam</strong></span> <span class='ocrx_word' id='word_1_64' title='bbox 1591 865 1595 872; x_wconf 83' lang='grc'><strong>’</strong></span> <span class='ocrx_word' id='word_1_65' title='bbox 1611 856 1766 925; x_wconf 87' lang='lat' dir='ltr'><strong>seculum</strong></span> <span class='ocrx_word' id='word_1_66' title='bbox 1789 860 1857 928; x_wconf 90' lang='lat' dir='ltr'><strong>sibi</strong></span> <span class='ocrx_word' id='word_1_67' title='bbox 1888 865 2075 953; x_wconf 84' lang='lat' dir='ltr'><strong>promitte-</strong></span> 
     </span>
     <span class='ocr_line' id='line_1_7' title="bbox 60 953 2073 1058; baseline 0.014 -49"><span class='ocrx_word' id='word_1_68' title='bbox 60 977 107 1034; x_wconf 53' lang='grc' dir='ltr'><strong>ως</strong></span> <span class='ocrx_word' id='word_1_69' title='bbox 128 961 333 1052; x_wconf 60' lang='lat' dir='ltr'><strong>propositae,</strong></span> <span class='ocrx_word' id='word_1_70' title='bbox 382 957 474 1028; x_wconf 77' lang='lat' dir='ltr'><strong>Nam</strong></span> <span class='ocrx_word' id='word_1_71' title='bbox 498 953 1035 1048; x_wconf 81' lang='lat' dir='ltr'><strong>Epicuiideliramenta-procul</strong></span> <span class='ocrx_word' id='word_1_72' title='bbox 1085 953 1189 1035; x_wconf 86' lang='lat' dir='ltr'><strong>bant,</strong></span> <span class='ocrx_word' id='word_1_73' title='bbox 1222 965 1406 1044; x_wconf 85' lang='lat' dir='ltr'><strong>postquam</strong></span> <span class='ocrx_word' id='word_1_74' title='bbox 1435 956 1625 1042; x_wconf 90' lang='lat' dir='ltr'><strong>gubernari</strong></span> <span class='ocrx_word' id='word_1_75' title='bbox 1656 959 1857 1058; x_wconf 81' lang='lat' dir='ltr'><strong>adolescens</strong></span> <span class='ocrx_word' id='word_1_76' title='bbox 1880 985 1899 1031; x_wconf 90' lang='lat' dir='ltr'><strong>a</strong></span> <span class='ocrx_word' id='word_1_77' title='bbox 1924 961 2073 1038; x_wconf 88' lang='lat' dir='ltr'><strong>Platone</strong></span> 
     </span>
     <span class='ocr_line' id='line_1_8' title="bbox 60 1051 2072 1154; baseline 0.003 -21"><span class='ocrx_word' id='word_1_78' title='bbox 60 1065 143 1134; x_wconf 83' lang='lat' dir='ltr'><strong>avia</strong></span> <span class='ocrx_word' id='word_1_79' title='bbox 174 1064 354 1144; x_wconf 76' lang='lat' dir='ltr'><strong>destrunt,</strong></span> <span class='ocrx_word' id='word_1_80' title='bbox 386 1073 421 1130; x_wconf 88' lang='lat' dir='ltr'><strong>et</strong></span> <span class='ocrx_word' id='word_1_81' title='bbox 449 1059 583 1130; x_wconf 90' lang='lat' dir='ltr'><strong>tollunt</strong></span> <span class='ocrx_word' id='word_1_82' title='bbox 610 1058 785 1149; x_wconf 89' lang='lat' dir='ltr'><strong>principia</strong></span> <span class='ocrx_word' id='word_1_83' title='bbox 807 1053 971 1153; x_wconf 86' lang='lat' dir='ltr'><strong>physica,</strong></span> <span class='ocrx_word' id='word_1_84' title='bbox 1002 1071 1036 1128; x_wconf 90' lang='lat' dir='ltr'><strong>et</strong></span> <span class='ocrx_word' id='word_1_85' title='bbox 1085 1054 1210 1143; x_wconf 88' lang='lat' dir='ltr'><strong>coepit.</strong></span> <span class='ocrx_word' id='word_1_86' title='bbox 1262 1051 1441 1126; x_wconf 84' lang='lat' dir='ltr'><strong>Audiebat</strong></span> <span class='ocrx_word' id='word_1_87' title='bbox 1464 1057 1559 1126; x_wconf 89' lang='lat' dir='ltr'><strong>enim</strong></span> <span class='ocrx_word' id='word_1_88' title='bbox 1574 1053 1832 1150; x_wconf 85' lang='lat' dir='ltr'><strong>Philosophum</strong></span> <span class='ocrx_word' id='word_1_89' title='bbox 1855 1083 2072 1154; x_wconf 88' lang='lat' dir='ltr'><strong>magnostn-</strong></span> 
     </span>
     <span class='ocr_line' id='line_1_9' title="bbox 59 1151 2074 1252; baseline 0.004 -17"><span class='ocrx_word' id='word_1_90' title='bbox 59 1169 202 1236; x_wconf 79' lang='lat' dir='ltr'><strong>obruunt</strong></span> <span class='ocrx_word' id='word_1_91' title='bbox 235 1163 404 1232; x_wconf 89' lang='lat' dir='ltr'><strong>n&#39;oticiam</strong></span> <span class='ocrx_word' id='word_1_92' title='bbox 437 1163 483 1230; x_wconf 90' lang='lat' dir='ltr'><strong>de</strong></span> <span class='ocrx_word' id='word_1_93' title='bbox 516 1161 597 1230; x_wconf 89' lang='lat' dir='ltr'><strong>Deo</strong></span> <span class='ocrx_word' id='word_1_94' title='bbox 629 1161 834 1251; x_wconf 87' lang='lat' dir='ltr'><strong>impressam</strong></span> <span class='ocrx_word' id='word_1_95' title='bbox 870 1157 1035 1230; x_wconf 88' lang='lat' dir='ltr'><strong>humanis</strong></span> <span class='ocrx_word' id='word_1_96' title='bbox 1084 1155 1203 1226; x_wconf 85' lang='lat' dir='ltr'><strong>diocle</strong></span> <span class='ocrx_word' id='word_1_97' title='bbox 1225 1151 1319 1234; x_wconf 87' lang='lat' dir='ltr'><strong>De&#39;o,</strong></span> <span class='ocrx_word' id='word_1_98' title='bbox 1344 1157 1458 1249; x_wconf 89' lang='lat' dir='ltr'><strong>deque</strong></span> <span class='ocrx_word' id='word_1_99' title='bbox 1480 1157 2006 1252; x_wconf 87' lang='lat' dir='ltr'><strong>immortalitatedisserentem,</strong></span> <span class='ocrx_word' id='word_1_100' title='bbox 2032 1186 2074 1244; x_wconf 90' lang='lat' dir='ltr'><strong>ut</strong></span> 
     </span>
     <span class='ocr_line' id='line_1_10' title="bbox 59 1255 2071 1355; baseline 0.002 -17"><span class='ocrx_word' id='word_1_101' title='bbox 59 1267 236 1338; x_wconf 87' lang='lat' dir='ltr'><strong>mentibus.</strong></span> <span class='ocrx_word' id='word_1_102' title='bbox 284 1262 354 1335; x_wconf 91' lang='lat' dir='ltr'><strong>Sed</strong></span> <span class='ocrx_word' id='word_1_103' title='bbox 369 1265 475 1332; x_wconf 91' lang='lat' dir='ltr'><strong>redeo</strong></span> <span class='ocrx_word' id='word_1_104' title='bbox 490 1263 534 1331; x_wconf 93' lang='lat' dir='ltr'><strong>ad</strong></span> <span class='ocrx_word' id='word_1_105' title='bbox 554 1257 752 1332; x_wconf 83' lang='lat' dir='ltr'><strong>historiam.</strong></span> <span class='ocrx_word' id='word_1_106' title='bbox 802 1259 857 1332; x_wconf 87' lang='lat' dir='ltr'><strong>Ex</strong></span> <span class='ocrx_word' id='word_1_107' title='bbox 874 1259 1034 1355; x_wconf 87' lang='lat' dir='ltr'><strong>Aegypto</strong></span> <span class='ocrx_word' id='word_1_108' title='bbox 1085 1255 1252 1348; x_wconf 88' lang='lat' dir='ltr'><strong>epistolae</strong></span> <span class='ocrx_word' id='word_1_109' title='bbox 1267 1269 1439 1328; x_wconf 88' lang='lat' dir='ltr'><strong>testantur</strong></span> <span class='ocrx_word' id='word_1_110' title='bbox 1454 1283 1544 1352; x_wconf 88' lang='lat' dir='ltr'><strong>quae</strong></span> <span class='ocrx_word' id='word_1_111' title='bbox 1559 1255 1675 1331; x_wconf 89' lang='lat' dir='ltr'><strong>adhuc</strong></span> <span class='ocrx_word' id='word_1_112' title='bbox 1691 1260 1827 1336; x_wconf 57' lang='lat' dir='ltr'><strong>extant,</strong></span> <span class='ocrx_word' id='word_1_113' title='bbox 1855 1265 1967 1341; x_wconf 89' lang='lat' dir='ltr'><strong>Porro</strong></span> <span class='ocrx_word' id='word_1_114' title='bbox 1985 1266 2071 1343; x_wconf 89' lang='lat' dir='ltr'><strong>haec</strong></span> 
     </span>
     <span class='ocr_line' id='line_1_11' title="bbox 60 1360 2073 1454; baseline 0.009 -16"><span class='ocrx_word' id='word_1_115' title='bbox 60 1391 207 1438; x_wconf 86' lang='lat' dir='ltr'><strong>reversus</strong></span> <span class='ocrx_word' id='word_1_116' title='bbox 221 1365 343 1450; x_wconf 89' lang='lat' dir='ltr'><strong>Plato,</strong></span> <span class='ocrx_word' id='word_1_117' title='bbox 367 1365 483 1434; x_wconf 83' lang='lat' dir='ltr'><strong>adfuit</strong></span> <span class='ocrx_word' id='word_1_118' title='bbox 498 1362 638 1434; x_wconf 89' lang='lat' dir='ltr'><strong>Socrati</strong></span> <span class='ocrx_word' id='word_1_119' title='bbox 654 1364 860 1434; x_wconf 79' lang='lat' dir='ltr'><strong>iniudicior</strong></span> <span class='ocrx_word' id='word_1_120' title='bbox 885 1385 1035 1454; x_wconf 90' lang='lat' dir='ltr'><strong>cumque</strong></span> <span class='ocrx_word' id='word_1_121' title='bbox 1084 1360 1315 1430; x_wconf 77' lang='lat' dir='ltr'><strong>fundamenta</strong></span> <span class='ocrx_word' id='word_1_122' title='bbox 1337 1372 1419 1428; x_wconf 90' lang='lat' dir='ltr'><strong>sunt</strong></span> <span class='ocrx_word' id='word_1_123' title='bbox 1441 1385 1541 1430; x_wconf 88' lang='lat' dir='ltr'><strong>verae</strong></span> <span class='ocrx_word' id='word_1_124' title='bbox 1562 1363 1723 1445; x_wconf 76' lang='lat' dir='ltr'><strong>virturis,</strong></span> <span class='ocrx_word' id='word_1_125' title='bbox 1749 1379 1868 1438; x_wconf 64' lang='lat' dir='ltr'><strong>lenm</strong></span> <span class='ocrx_word' id='word_1_126' title='bbox 1884 1383 2013 1443; x_wconf 64' lang='lat' dir='ltr'><strong>teclam</strong></span> <span class='ocrx_word' id='word_1_127' title='bbox 2028 1375 2073 1444; x_wconf 67' lang='lat' dir='ltr'><strong>de</strong></span> 
     </span>
     <span class='ocr_line' id='line_1_12' title="bbox 60 1457 2074 1562; baseline 0.008 -32"><span class='ocrx_word' id='word_1_128' title='bbox 60 1471 184 1562; x_wconf 79' lang='lat' dir='ltr'><strong>publice</strong></span> <span class='ocrx_word' id='word_1_129' title='bbox 206 1477 271 1557; x_wconf 86' lang='lat' dir='ltr'><strong>prb</strong></span> <span class='ocrx_word' id='word_1_130' title='bbox 294 1491 336 1536; x_wconf 87' lang='lat' dir='ltr'><strong>co</strong></span> <span class='ocrx_word' id='word_1_131' title='bbox 354 1467 472 1536; x_wconf 80' lang='lat' dir='ltr'><strong>dicere</strong></span> <span class='ocrx_word' id='word_1_132' title='bbox 494 1465 683 1556; x_wconf 87' lang='lat' dir='ltr'><strong>coepisset,</strong></span> <span class='ocrx_word' id='word_1_133' title='bbox 709 1466 861 1535; x_wconf 89' lang='lat' dir='ltr'><strong>clamore</strong></span> <span class='ocrx_word' id='word_1_134' title='bbox 873 1463 1035 1535; x_wconf 89' lang='lat' dir='ltr'><strong>factionis</strong></span> <span class='ocrx_word' id='word_1_135' title='bbox 1084 1457 1161 1528; x_wconf 91' lang='lat' dir='ltr'><strong>Deo</strong></span> <span class='ocrx_word' id='word_1_136' title='bbox 1189 1474 1224 1530; x_wconf 92' lang='lat' dir='ltr'><strong>et</strong></span> <span class='ocrx_word' id='word_1_137' title='bbox 1254 1461 1298 1530; x_wconf 84' lang='lat' dir='ltr'><strong>de</strong></span> <span class='ocrx_word' id='word_1_138' title='bbox 1330 1459 1592 1534; x_wconf 85' lang='lat' dir='ltr'><strong>immortalitate</strong></span> <span class='ocrx_word' id='word_1_139' title='bbox 1617 1467 1818 1538; x_wconf 81' lang='lat' dir='ltr'><strong>animorum</strong></span> <span class='ocrx_word' id='word_1_140' title='bbox 1847 1476 2074 1546; x_wconf 86' lang='lat' dir='ltr'><strong>sententiam:</strong></span> 
     </span>
     <span class='ocr_line' id='line_1_13' title="bbox 60 1556 2074 1667; baseline 0.002 -25"><span class='ocrx_word' id='word_1_141' title='bbox 60 1570 328 1642; x_wconf 89' lang='lat' dir='ltr'><strong>adversariorum</strong></span> <span class='ocrx_word' id='word_1_142' title='bbox 347 1567 538 1658; x_wconf 88' lang='lat' dir='ltr'><strong>impeditus</strong></span> <span class='ocrx_word' id='word_1_143' title='bbox 555 1582 622 1639; x_wconf 85' lang='lat' dir='ltr'><strong>est:</strong></span> <span class='ocrx_word' id='word_1_144' title='bbox 649 1589 758 1659; x_wconf 89' lang='lat' dir='ltr'><strong>quare</strong></span> <span class='ocrx_word' id='word_1_145' title='bbox 780 1591 859 1638; x_wconf 80' lang='lat' dir='ltr'><strong>cum</strong></span> <span class='ocrx_word' id='word_1_146' title='bbox 875 1590 950 1636; x_wconf 83' lang='lat' dir='ltr'><strong>non</strong></span> <span class='ocrx_word' id='word_1_147' title='bbox 972 1591 1035 1635; x_wconf 73' lang='lat' dir='ltr'><strong>au.</strong></span> <span class='ocrx_word' id='word_1_148' title='bbox 1084 1559 1180 1632; x_wconf 88' lang='lat' dir='ltr'><strong>Haec</strong></span> <span class='ocrx_word' id='word_1_149' title='bbox 1194 1556 1420 1653; x_wconf 82' lang='lat' dir='ltr'><strong>philosophia</strong></span> <span class='ocrx_word' id='word_1_150' title='bbox 1437 1565 1578 1654; x_wconf 88' lang='lat' dir='ltr'><strong>regibus</strong></span> <span class='ocrx_word' id='word_1_151' title='bbox 1594 1568 1699 1656; x_wconf 86' lang='lat' dir='ltr'><strong>digna</strong></span> <span class='ocrx_word' id='word_1_152' title='bbox 1715 1583 1778 1644; x_wconf 90' lang='lat' dir='ltr'><strong>est.</strong></span> <span class='ocrx_word' id='word_1_153' title='bbox 1832 1571 1989 1644; x_wconf 81' lang='lat' dir='ltr'><strong>Tantum</strong></span> <span class='ocrx_word' id='word_1_154' title='bbox 2007 1577 2074 1667; x_wconf 73' lang='lat' dir='ltr'><strong>igi-</strong></span> 
     </span>
     <span class='ocr_line' id='line_1_14' title="bbox 61 1661 2074 1769; baseline 0.003 -27"><span class='ocrx_word' id='word_1_155' title='bbox 61 1676 197 1754; x_wconf 88' lang='lat' dir='ltr'><strong>diretur‚</strong></span> <span class='ocrx_word' id='word_1_156' title='bbox 229 1670 391 1739; x_wconf 88' lang='lat' dir='ltr'><strong>desinere</strong></span> <span class='ocrx_word' id='word_1_157' title='bbox 424 1679 586 1753; x_wconf 89' lang='lat' dir='ltr'><strong>coactns,</strong></span> <span class='ocrx_word' id='word_1_158' title='bbox 615 1670 791 1758; x_wconf 89' lang='lat' dir='ltr'><strong>praestitit</strong></span> <span class='ocrx_word' id='word_1_159' title='bbox 822 1669 861 1738; x_wconf 88' lang='lat' dir='ltr'><strong>in</strong></span> <span class='ocrx_word' id='word_1_160' title='bbox 892 1667 1035 1738; x_wconf 88' lang='lat' dir='ltr'><strong>caeteris</strong></span> <span class='ocrx_word' id='word_1_161' title='bbox 1085 1676 1143 1732; x_wconf 90' lang='lat' dir='ltr'><strong>tur</strong></span> <span class='ocrx_word' id='word_1_162' title='bbox 1158 1662 1333 1757; x_wconf 84' lang='lat' dir='ltr'><strong>promovit</strong></span> <span class='ocrx_word' id='word_1_163' title='bbox 1350 1661 1461 1750; x_wconf 90' lang='lat' dir='ltr'><strong>Plato,</strong></span> <span class='ocrx_word' id='word_1_164' title='bbox 1480 1680 1519 1736; x_wconf 92' lang='lat' dir='ltr'><strong>ut</strong></span> <span class='ocrx_word' id='word_1_165' title='bbox 1533 1667 1595 1737; x_wconf 91' lang='lat' dir='ltr'><strong>illa</strong></span> <span class='ocrx_word' id='word_1_166' title='bbox 1613 1683 1712 1740; x_wconf 87' lang='lat' dir='ltr'><strong>atrox</strong></span> <span class='ocrx_word' id='word_1_167' title='bbox 1729 1675 1928 1766; x_wconf 81' lang='lat' dir='ltr'><strong>tyrannidis</strong></span> <span class='ocrx_word' id='word_1_168' title='bbox 1942 1681 2074 1769; x_wconf 89' lang='lat' dir='ltr'><strong>specics</strong></span> 
     </span>
     <span class='ocr_line' id='line_1_15' title="bbox 60 1765 2073 1864; baseline 0.003 -18"><span class='ocrx_word' id='word_1_169' title='bbox 60 1774 168 1846; x_wconf 83' lang='lat' dir='ltr'><strong>officiis</strong></span> <span class='ocrx_word' id='word_1_170' title='bbox 186 1771 326 1844; x_wconf 87' lang='lat' dir='ltr'><strong>Socrati</strong></span> <span class='ocrx_word' id='word_1_171' title='bbox 350 1771 456 1840; x_wconf 85' lang='lat' dir='ltr'><strong>tidem</strong></span> <span class='ocrx_word' id='word_1_172' title='bbox 480 1783 515 1840; x_wconf 93' lang='lat' dir='ltr'><strong>et</strong></span> <span class='ocrx_word' id='word_1_173' title='bbox 538 1771 773 1840; x_wconf 71' lang='lat' dir='ltr'><strong>wnstantia‘m</strong></span> <span class='ocrx_word' id='word_1_174' title='bbox 792 1772 937 1860; x_wconf 83' lang='lat' dir='ltr'><strong>dignam</strong></span> <span class='ocrx_word' id='word_1_175' title='bbox 957 1770 1034 1838; x_wconf 71' lang='lat' dir='ltr'><strong>v&#39;iro</strong></span> <span class='ocrx_word' id='word_1_176' title='bbox 1084 1787 1228 1856; x_wconf 88' lang='lat' dir='ltr'><strong>prorsus</strong></span> <span class='ocrx_word' id='word_1_177' title='bbox 1243 1765 1437 1852; x_wconf 90' lang='lat' dir='ltr'><strong>tolleretur,</strong></span> <span class='ocrx_word' id='word_1_178' title='bbox 1462 1769 1628 1860; x_wconf 89' lang='lat' dir='ltr'><strong>prodibat</strong></span> <span class='ocrx_word' id='word_1_179' title='bbox 1646 1772 1685 1840; x_wconf 89' lang='lat' dir='ltr'><strong>in</strong></span> <span class='ocrx_word' id='word_1_180' title='bbox 1702 1775 1894 1864; x_wconf 86' lang='lat' dir='ltr'><strong>publicum,</strong></span> <span class='ocrx_word' id='word_1_181' title='bbox 1909 1781 2073 1852; x_wconf 68' lang='lat' dir='ltr'><strong>versaba-</strong></span> 
     </span>
     <span class='ocr_line' id='line_1_16' title="bbox 60 1867 2074 1967; baseline 0.01 -33"><span class='ocrx_word' id='word_1_182' title='bbox 60 1880 153 1946; x_wconf 76' lang='lat' dir='ltr'><strong>bono.</strong></span> <span class='ocrx_word' id='word_1_183' title='bbox 203 1871 254 1944; x_wconf 89' lang='lat' dir='ltr'><strong>Et</strong></span> <span class='ocrx_word' id='word_1_184' title='bbox 276 1886 509 1966; x_wconf 87' lang='lat' dir='ltr'><strong>quantarum</strong></span> <span class='ocrx_word' id='word_1_185' title='bbox 530 1873 700 1961; x_wconf 77' lang='lat' dir='ltr'><strong>gravitate</strong></span> <span class='ocrx_word' id='word_1_186' title='bbox 716 1871 1035 1944; x_wconf 85' lang='lat' dir='ltr'><strong>Socratemdefen-</strong></span> <span class='ocrx_word' id='word_1_187' title='bbox 1084 1881 1144 1938; x_wconf 90' lang='lat' dir='ltr'><strong>tur</strong></span> <span class='ocrx_word' id='word_1_188' title='bbox 1158 1891 1237 1940; x_wconf 84' lang='lat' dir='ltr'><strong>eure</strong></span> <span class='ocrx_word' id='word_1_189' title='bbox 1255 1868 1391 1938; x_wconf 87' lang='lat' dir='ltr'><strong>civibus</strong></span> <span class='ocrx_word' id='word_1_190' title='bbox 1406 1867 1501 1950; x_wconf 84' lang='lat' dir='ltr'><strong>Rex,</strong></span> <span class='ocrx_word' id='word_1_191' title='bbox 1527 1895 1601 1942; x_wconf 90' lang='lat' dir='ltr'><strong>non</strong></span> <span class='ocrx_word' id='word_1_192' title='bbox 1624 1877 1809 1967; x_wconf 82' lang='lat' dir='ltr'><strong>tyrannico</strong></span> <span class='ocrx_word' id='word_1_193' title='bbox 1824 1880 1990 1951; x_wconf 87' lang='lat' dir='ltr'><strong>satellitio</strong></span> <span class='ocrx_word' id='word_1_194' title='bbox 2010 1886 2074 1954; x_wconf 92' lang='lat' dir='ltr'><strong>sti-</strong></span> 
     </span>
     <span class='ocr_line' id='line_1_17' title="bbox 60 1971 2075 2066; baseline 0.011 -31"><span class='ocrx_word' id='word_1_195' title='bbox 60 2001 147 2048; x_wconf 64' lang='lat' dir='ltr'><strong>emus</strong></span> <span class='ocrx_word' id='word_1_196' title='bbox 167 1977 295 2059; x_wconf 81' lang='lat' dir='ltr'><strong>fuerit,</strong></span> <span class='ocrx_word' id='word_1_197' title='bbox 321 1975 350 2043; x_wconf 88' lang='lat' dir='ltr'><strong>si</strong></span> <span class='ocrx_word' id='word_1_198' title='bbox 374 1974 549 2058; x_wconf 84' lang='lat' dir='ltr'><strong>licuisset,</strong></span> <span class='ocrx_word' id='word_1_199' title='bbox 574 1975 709 2043; x_wconf 91' lang='lat' dir='ltr'><strong>indicat</strong></span> <span class='ocrx_word' id='word_1_200' title='bbox 724 1971 920 2065; x_wconf 81' lang='lat' dir='ltr'><strong>Apologia,</strong></span> <span class='ocrx_word' id='word_1_201' title='bbox 947 1997 1035 2066; x_wconf 88' lang='lat' dir='ltr'><strong>quae</strong></span> <span class='ocrx_word' id='word_1_202' title='bbox 1085 1983 1198 2060; x_wconf 86' lang='lat' dir='ltr'><strong>patus,</strong></span> <span class='ocrx_word' id='word_1_203' title='bbox 1224 1972 1284 2038; x_wconf 88' lang='lat' dir='ltr'><strong>sed</strong></span> <span class='ocrx_word' id='word_1_204' title='bbox 1301 1971 1513 2040; x_wconf 87' lang='lat' dir='ltr'><strong>doctissimis</strong></span> <span class='ocrx_word' id='word_1_205' title='bbox 1529 1987 1564 2043; x_wconf 89' lang='lat' dir='ltr'><strong>et</strong></span> <span class='ocrx_word' id='word_1_206' title='bbox 1579 1977 1810 2047; x_wconf 88' lang='lat' dir='ltr'><strong>nobilissimis</strong></span> <span class='ocrx_word' id='word_1_207' title='bbox 1825 1981 1972 2055; x_wconf 87' lang='lat' dir='ltr'><strong>civibus.</strong></span> <span class='ocrx_word' id='word_1_208' title='bbox 1997 1983 2075 2056; x_wconf 86' lang='lat' dir='ltr'><strong>Do·</strong></span> 
     </span>
     <span class='ocr_line' id='line_1_18' title="bbox 61 2071 2073 2176; baseline 0.005 -28"><span class='ocrx_word' id='word_1_209' title='bbox 61 2077 160 2148; x_wconf 88' lang='lat' dir='ltr'><strong>adbuc</strong></span> <span class='ocrx_word' id='word_1_210' title='bbox 173 2091 290 2159; x_wconf 86' lang='lat' dir='ltr'><strong>extat,</strong></span> <span class='ocrx_word' id='word_1_211' title='bbox 315 2076 353 2144; x_wconf 91' lang='lat' dir='ltr'><strong>in</strong></span> <span class='ocrx_word' id='word_1_212' title='bbox 372 2099 441 2168; x_wconf 90' lang='lat' dir='ltr'><strong>qua</strong></span> <span class='ocrx_word' id='word_1_213' title='bbox 455 2077 565 2145; x_wconf 90' lang='lat' dir='ltr'><strong>multa</strong></span> <span class='ocrx_word' id='word_1_214' title='bbox 580 2075 836 2166; x_wconf 86' lang='lat' dir='ltr'><strong>sapientissime</strong></span> <span class='ocrx_word' id='word_1_215' title='bbox 854 2077 1034 2159; x_wconf 88' lang='lat' dir='ltr'><strong>dicuntur,</strong></span> <span class='ocrx_word' id='word_1_216' title='bbox 1085 2072 1226 2142; x_wconf 86' lang='lat' dir='ltr'><strong>mestica</strong></span> <span class='ocrx_word' id='word_1_217' title='bbox 1246 2071 1320 2140; x_wconf 90' lang='lat' dir='ltr'><strong>vita</strong></span> <span class='ocrx_word' id='word_1_218' title='bbox 1341 2073 1574 2144; x_wconf 88' lang='lat' dir='ltr'><strong>adolescentis</strong></span> <span class='ocrx_word' id='word_1_219' title='bbox 1598 2099 1672 2146; x_wconf 90' lang='lat' dir='ltr'><strong>non</strong></span> <span class='ocrx_word' id='word_1_220' title='bbox 1697 2081 1805 2148; x_wconf 91' lang='lat' dir='ltr'><strong>modo</strong></span> <span class='ocrx_word' id='word_1_221' title='bbox 1826 2082 1902 2152; x_wconf 90' lang='lat' dir='ltr'><strong>sine</strong></span> <span class='ocrx_word' id='word_1_222' title='bbox 1917 2086 2073 2176; x_wconf 86' lang='lat' dir='ltr'><strong>turpitu-</strong></span> 
     </span>
     <span class='ocr_line' id='line_1_19' title="bbox 60 2171 2074 2274; baseline 0.004 -24"><span class='ocrx_word' id='word_1_223' title='bbox 60 2196 166 2251; x_wconf 89' lang='lat' dir='ltr'><strong>contra</strong></span> <span class='ocrx_word' id='word_1_224' title='bbox 193 2178 434 2272; x_wconf 81' lang='lat' dir='ltr'><strong>arrogantiam</strong></span> <span class='ocrx_word' id='word_1_225' title='bbox 464 2171 672 2256; x_wconf 90' lang='lat' dir='ltr'><strong>hominum,</strong></span> <span class='ocrx_word' id='word_1_226' title='bbox 709 2171 773 2271; x_wconf 90' lang='lat' dir='ltr'><strong>qni</strong></span> <span class='ocrx_word' id='word_1_227' title='bbox 804 2177 920 2248; x_wconf 59' lang='lat' dir='ltr'><strong>Mum</strong></span> <span class='ocrx_word' id='word_1_228' title='bbox 950 2199 1036 2245; x_wconf 90' lang='lat' dir='ltr'><strong>con·</strong></span> <span class='ocrx_word' id='word_1_229' title='bbox 1084 2173 1169 2242; x_wconf 90' lang='lat' dir='ltr'><strong>dine</strong></span> <span class='ocrx_word' id='word_1_230' title='bbox 1194 2185 1287 2257; x_wconf 84' lang='lat' dir='ltr'><strong>erat,</strong></span> <span class='ocrx_word' id='word_1_231' title='bbox 1314 2175 1374 2242; x_wconf 85' lang='lat' dir='ltr'><strong>sed</strong></span> <span class='ocrx_word' id='word_1_232' title='bbox 1396 2174 1499 2244; x_wconf 89' lang='lat' dir='ltr'><strong>etiam</strong></span> <span class='ocrx_word' id='word_1_233' title='bbox 1523 2176 1562 2244; x_wconf 91' lang='lat' dir='ltr'><strong>in</strong></span> <span class='ocrx_word' id='word_1_234' title='bbox 1582 2179 1726 2268; x_wconf 89' lang='lat' dir='ltr'><strong>optimis</strong></span> <span class='ocrx_word' id='word_1_235' title='bbox 1749 2183 1876 2252; x_wconf 90' lang='lat' dir='ltr'><strong>studiis</strong></span> <span class='ocrx_word' id='word_1_236' title='bbox 1893 2187 2074 2274; x_wconf 91' lang='lat' dir='ltr'><strong>agebatur.</strong></span> 
     </span>
     <span class='ocr_line' id='line_1_20' title="bbox 62 2270 2148 2372; baseline 0.004 -20"><span class='ocrx_word' id='word_1_237' title='bbox 62 2295 226 2364; x_wconf 88' lang='lat' dir='ltr'><strong>temnunt,</strong></span> <span class='ocrx_word' id='word_1_238' title='bbox 252 2281 314 2372; x_wconf 91' lang='lat' dir='ltr'><strong>qui</strong></span> <span class='ocrx_word' id='word_1_239' title='bbox 336 2291 466 2367; x_wconf 88' lang='lat' dir='ltr'><strong>negant</strong></span> <span class='ocrx_word' id='word_1_240' title='bbox 485 2279 743 2367; x_wconf 87' lang='lat' dir='ltr'><strong>providentiam</strong></span> <span class='ocrx_word' id='word_1_241' title='bbox 760 2301 845 2352; x_wconf 87' lang='lat' dir='ltr'><strong>esse.</strong></span> <span class='ocrx_word' id='word_1_242' title='bbox 897 2276 1036 2348; x_wconf 89' lang='lat' dir='ltr'><strong>Deinde</strong></span> <span class='ocrx_word' id='word_1_243' title='bbox 1085 2273 1128 2342; x_wconf 89' lang='lat' dir='ltr'><strong>ln</strong></span> <span class='ocrx_word' id='word_1_244' title='bbox 1150 2275 1299 2364; x_wconf 85' lang='lat' dir='ltr'><strong>imperio</strong></span> <span class='ocrx_word' id='word_1_245' title='bbox 1323 2270 1647 2367; x_wconf 84' lang='lat' dir='ltr'><strong>nibilcrndeliter,</strong></span> <span class='ocrx_word' id='word_1_246' title='bbox 1680 2277 1773 2350; x_wconf 92' lang='lat' dir='ltr'><strong>nibil</strong></span> <span class='ocrx_word' id='word_1_247' title='bbox 1801 2283 1949 2372; x_wconf 86' lang='lat' dir='ltr'><strong>iniuste,</strong></span> <span class='ocrx_word' id='word_1_248' title='bbox 1981 2285 2075 2358; x_wconf 88' lang='lat' dir='ltr'><strong>nibil</strong></span> <span class='ocrx_word' id='word_1_249' title='bbox 2144 2333 2148 2342; x_wconf 92' lang='lat'>·</span> 
     </span>
     <span class='ocr_line' id='line_1_21' title="bbox 61 2376 2076 2471; baseline 0.025 -63"><span class='ocrx_word' id='word_1_250' title='bbox 61 2386 146 2456; x_wconf 50' lang='lat' dir='ltr'>addit</span> <span class='ocrx_word' id='word_1_251' title='bbox 176 2383 289 2450; x_wconf 63' lang='lat' dir='ltr'><strong>mum</strong></span> <span class='ocrx_word' id='word_1_252' title='bbox 315 2383 359 2450; x_wconf 61' lang='lat' dir='ltr'><strong>de</strong></span> <span class='ocrx_word' id='word_1_253' title='bbox 385 2380 665 2450; x_wconf 54' lang='lat' dir='ltr'><strong>immortalitate,</strong></span> <span class='ocrx_word' id='word_1_254' title='bbox 698 2380 848 2471; x_wconf 58' lang='lat' dir='ltr'><strong>„pienti</strong></span> <span class='ocrx_word' id='word_1_255' title='bbox 878 2379 1037 2469; x_wconf 55' lang='lat' dir='ltr'><strong>gaariffii.</strong></span> <span class='ocrx_word' id='word_1_256' title='bbox 1083 2376 1161 2446; x_wconf 88' lang='lat' dir='ltr'><strong>sine</strong></span> <span class='ocrx_word' id='word_1_257' title='bbox 1176 2376 1324 2446; x_wconf 87' lang='lat' dir='ltr'><strong>consilio</strong></span> <span class='ocrx_word' id='word_1_258' title='bbox 1347 2377 1524 2447; x_wconf 90' lang='lat' dir='ltr'><strong>bonorum</strong></span> <span class='ocrx_word' id='word_1_259' title='bbox 1539 2381 1698 2454; x_wconf 89' lang='lat' dir='ltr'><strong>virorum</strong></span> <span class='ocrx_word' id='word_1_260' title='bbox 1716 2379 1844 2454; x_wconf 91' lang='lat' dir='ltr'><strong>Dionis</strong></span> <span class='ocrx_word' id='word_1_261' title='bbox 1861 2401 1894 2456; x_wconf 93' lang='lat' dir='ltr'><strong>et</strong></span> <span class='ocrx_word' id='word_1_262' title='bbox 1912 2387 2076 2461; x_wconf 87' lang='lat' dir='ltr'><strong>Heracli-</strong></span> 
     </span>
     <span class='ocr_line' id='line_1_22' title="bbox 62 2475 2097 2584; baseline 0.009 -40"><span class='ocrx_word' id='word_1_263' title='bbox 62 2509 143 2554; x_wconf 80' lang='lat' dir='ltr'><strong>mum</strong></span> <span class='ocrx_word' id='word_1_264' title='bbox 163 2507 259 2568; x_wconf 78' lang='lat' dir='ltr'><strong>esse,</strong></span> <span class='ocrx_word' id='word_1_265' title='bbox 292 2483 469 2552; x_wconf 86' lang='lat' dir='ltr'><strong>discedere</strong></span> <span class='ocrx_word' id='word_1_266' title='bbox 491 2503 532 2550; x_wconf 81' lang='lat' dir='ltr'><strong>er</strong></span> <span class='ocrx_word' id='word_1_267' title='bbox 554 2476 729 2566; x_wconf 71' lang='lat' dir='ltr'><strong>haesita,</strong></span> <span class='ocrx_word' id='word_1_268' title='bbox 761 2484 807 2553; x_wconf 90' lang='lat' dir='ltr'><strong>ad</strong></span> <span class='ocrx_word' id='word_1_269' title='bbox 830 2482 912 2551; x_wconf 89' lang='lat' dir='ltr'><strong>illos</strong></span> <span class='ocrx_word' id='word_1_270' title='bbox 931 2483 1036 2564; x_wconf 89' lang='lat' dir='ltr'><strong>viros,</strong></span> <span class='ocrx_word' id='word_1_271' title='bbox 1084 2477 1278 2559; x_wconf 85' lang='lat' dir='ltr'><strong>daefiebat.</strong></span> <span class='ocrx_word' id='word_1_272' title='bbox 1317 2475 1412 2551; x_wconf 89' lang='lat' dir='ltr'><strong>Haec</strong></span> <span class='ocrx_word' id='word_1_273' title='bbox 1428 2492 1525 2550; x_wconf 92' lang='lat' dir='ltr'><strong>tanta</strong></span> <span class='ocrx_word' id='word_1_274' title='bbox 1541 2481 1635 2552; x_wconf 92' lang='lat' dir='ltr'><strong>bona</strong></span> <span class='ocrx_word' id='word_1_275' title='bbox 1651 2507 1724 2554; x_wconf 93' lang='lat' dir='ltr'><strong>non</strong></span> <span class='ocrx_word' id='word_1_276' title='bbox 1742 2498 1813 2556; x_wconf 90' lang='lat' dir='ltr'><strong>tam</strong></span> <span class='ocrx_word' id='word_1_277' title='bbox 1828 2484 1994 2584; x_wconf 91' lang='lat' dir='ltr'><strong>Dionysii</strong></span> <span class='ocrx_word' id='word_1_278' title='bbox 2011 2513 2097 2562; x_wconf 54' lang='lat' dir='ltr'><strong>na:</strong></span> 
     </span>
     <span class='ocr_line' id='line_1_23' title="bbox 63 2580 2075 2676; baseline 0.005 -22"><span class='ocrx_word' id='word_1_279' title='bbox 63 2588 113 2655; x_wconf 91' lang='lat' dir='ltr'><strong>ubi</strong></span> <span class='ocrx_word' id='word_1_280' title='bbox 128 2589 169 2655; x_wconf 91' lang='lat' dir='ltr'><strong>de</strong></span> <span class='ocrx_word' id='word_1_281' title='bbox 181 2585 330 2656; x_wconf 88' lang='lat' dir='ltr'><strong>summis</strong></span> <span class='ocrx_word' id='word_1_282' title='bbox 345 2584 451 2653; x_wconf 90' lang='lat' dir='ltr'><strong>rebus</strong></span> <span class='ocrx_word' id='word_1_283' title='bbox 465 2582 594 2652; x_wconf 89' lang='lat' dir='ltr'><strong>certius</strong></span> <span class='ocrx_word' id='word_1_284' title='bbox 610 2585 730 2652; x_wconf 89' lang='lat' dir='ltr'><strong>doceri</strong></span> <span class='ocrx_word' id='word_1_285' title='bbox 745 2585 865 2675; x_wconf 83' lang='lat' dir='ltr'><strong>possit.</strong></span> <span class='ocrx_word' id='word_1_286' title='bbox 919 2582 1036 2652; x_wconf 91' lang='lat' dir='ltr'><strong>Inter·</strong></span> <span class='ocrx_word' id='word_1_287' title='bbox 1084 2593 1182 2664; x_wconf 92' lang='lat' dir='ltr'><strong>tura,</strong></span> <span class='ocrx_word' id='word_1_288' title='bbox 1208 2599 1312 2672; x_wconf 90' lang='lat' dir='ltr'><strong>quarn</strong></span> <span class='ocrx_word' id='word_1_289' title='bbox 1331 2580 1485 2668; x_wconf 86' lang='lat' dir='ltr'><strong>vulgaris</strong></span> <span class='ocrx_word' id='word_1_290' title='bbox 1501 2583 1662 2654; x_wconf 90' lang='lat' dir='ltr'><strong>aularum</strong></span> <span class='ocrx_word' id='word_1_291' title='bbox 1679 2589 1784 2676; x_wconf 89' lang='lat' dir='ltr'><strong>pestis</strong></span> <span class='ocrx_word' id='word_1_292' title='bbox 1800 2588 1936 2661; x_wconf 87' lang='lat' dir='ltr'><strong>invidia</strong></span> <span class='ocrx_word' id='word_1_293' title='bbox 1951 2617 2075 2666; x_wconf 88' lang='lat' dir='ltr'><strong>corru-</strong></span> 
     </span>
     <span class='ocr_line' id='line_1_24' title="bbox 62 2680 2076 2786; baseline 0.028 -75"><span class='ocrx_word' id='word_1_294' title='bbox 62 2687 136 2757; x_wconf 58' lang='lat' dir='ltr'><strong>sfflo</strong></span> <span class='ocrx_word' id='word_1_295' title='bbox 160 2687 321 2768; x_wconf 47' lang='lat' dir='ltr'><strong>Socrate,</strong></span> <span class='ocrx_word' id='word_1_296' title='bbox 347 2707 429 2786; x_wconf 59' lang='lat' dir='ltr'><strong>epm</strong></span> <span class='ocrx_word' id='word_1_297' title='bbox 450 2697 668 2758; x_wconf 52' lang='lat' dir='ltr'><strong>accusatores</strong></span> <span class='ocrx_word' id='word_1_298' title='bbox 688 2685 801 2777; x_wconf 55' lang='lat' dir='ltr'><strong>ipsiu,</strong></span> <span class='ocrx_word' id='word_1_299' title='bbox 822 2685 1036 2754; x_wconf 63' lang='lat' dir='ltr'><strong>insidiam.</strong></span> <span class='ocrx_word' id='word_1_300' title='bbox 1085 2681 1155 2772; x_wconf 83' lang='lat' dir='ltr'><strong>pit,</strong></span> <span class='ocrx_word' id='word_1_301' title='bbox 1187 2680 1341 2772; x_wconf 87' lang='lat' dir='ltr'><strong>improbi</strong></span> <span class='ocrx_word' id='word_1_302' title='bbox 1365 2682 1530 2774; x_wconf 88' lang='lat' dir='ltr'><strong>quidam,</strong></span> <span class='ocrx_word' id='word_1_303' title='bbox 1562 2686 1624 2779; x_wconf 82' lang='lat' dir='ltr'><strong>qni</strong></span> <span class='ocrx_word' id='word_1_304' title='bbox 1646 2701 1687 2759; x_wconf 91' lang='lat' dir='ltr'><strong>ut</strong></span> <span class='ocrx_word' id='word_1_305' title='bbox 1702 2689 1881 2760; x_wconf 88' lang='lat' dir='ltr'><strong>licentiam</strong></span> <span class='ocrx_word' id='word_1_306' title='bbox 1902 2688 2076 2768; x_wconf 90' lang='lat' dir='ltr'><strong>haberent</strong></span> 
     </span>
     <span class='ocr_line' id='line_1_25' title="bbox 61 2783 2074 2884; baseline 0.005 -26"><span class='ocrx_word' id='word_1_307' title='bbox 61 2803 109 2858; x_wconf 87' lang='lat' dir='ltr'><strong>tur</strong></span> <span class='ocrx_word' id='word_1_308' title='bbox 127 2790 243 2858; x_wconf 89' lang='lat' dir='ltr'><strong>amicis</strong></span> <span class='ocrx_word' id='word_1_309' title='bbox 273 2788 390 2870; x_wconf 91' lang='lat' dir='ltr'><strong>illius,</strong></span> <span class='ocrx_word' id='word_1_310' title='bbox 424 2784 525 2855; x_wconf 90' lang='lat' dir='ltr'><strong>Plato</strong></span> <span class='ocrx_word' id='word_1_311' title='bbox 550 2809 672 2856; x_wconf 89' lang='lat' dir='ltr'><strong>rursus</strong></span> <span class='ocrx_word' id='word_1_312' title='bbox 704 2789 937 2857; x_wconf 89' lang='lat' dir='ltr'><strong>secedendum</strong></span> <span class='ocrx_word' id='word_1_313' title='bbox 967 2785 1035 2854; x_wconf 92' lang='lat' dir='ltr'><strong>sibi</strong></span> <span class='ocrx_word' id='word_1_314' title='bbox 1085 2783 1273 2867; x_wconf 89' lang='lat' dir='ltr'><strong>scelerum,</strong></span> <span class='ocrx_word' id='word_1_315' title='bbox 1300 2783 1546 2858; x_wconf 89' lang='lat' dir='ltr'><strong>desiderabant</strong></span> <span class='ocrx_word' id='word_1_316' title='bbox 1568 2801 1698 2858; x_wconf 90' lang='lat' dir='ltr'><strong>statum</strong></span> <span class='ocrx_word' id='word_1_317' title='bbox 1716 2794 1953 2884; x_wconf 87' lang='lat' dir='ltr'><strong>tyrannicum,</strong></span> <span class='ocrx_word' id='word_1_318' title='bbox 1979 2799 2074 2868; x_wconf 90' lang='lat' dir='ltr'><strong>etad</strong></span> 
     </span>
     <span class='ocr_line' id='line_1_26' title="bbox 61 2878 2074 2977; baseline 0.006 -19"><span class='ocrx_word' id='word_1_319' title='bbox 61 2913 120 2960; x_wconf 87' lang='lat' dir='ltr'><strong>esse</strong></span> <span class='ocrx_word' id='word_1_320' title='bbox 140 2891 284 2960; x_wconf 89' lang='lat' dir='ltr'><strong>censuit.</strong></span> <span class='ocrx_word' id='word_1_321' title='bbox 341 2888 526 2957; x_wconf 83' lang='lat' dir='ltr'><strong>Profectus</strong></span> <span class='ocrx_word' id='word_1_322' title='bbox 544 2887 652 2977; x_wconf 89' lang='lat' dir='ltr'><strong>igitur</strong></span> <span class='ocrx_word' id='word_1_323' title='bbox 672 2888 711 2956; x_wconf 92' lang='lat' dir='ltr'><strong>in</strong></span> <span class='ocrx_word' id='word_1_324' title='bbox 733 2887 910 2976; x_wconf 87' lang='lat' dir='ltr'><strong>Siciliam,</strong></span> <span class='ocrx_word' id='word_1_325' title='bbox 937 2888 1036 2956; x_wconf 87' lang='lat' dir='ltr'><strong>venit</strong></span> <span class='ocrx_word' id='word_1_326' title='bbox 1084 2909 1120 2958; x_wconf 86' lang='lat' dir='ltr'><strong>se</strong></span> <span class='ocrx_word' id='word_1_327' title='bbox 1149 2904 1267 2954; x_wconf 87' lang='lat' dir='ltr'><strong>rerum</strong></span> <span class='ocrx_word' id='word_1_328' title='bbox 1300 2878 1456 2954; x_wconf 88' lang='lat' dir='ltr'><strong>habenas</strong></span> <span class='ocrx_word' id='word_1_329' title='bbox 1488 2883 1625 2958; x_wconf 86' lang='lat' dir='ltr'><strong>trahere</strong></span> <span class='ocrx_word' id='word_1_330' title='bbox 1652 2893 1889 2976; x_wconf 88' lang='lat' dir='ltr'><strong>conabantur,</strong></span> <span class='ocrx_word' id='word_1_331' title='bbox 1932 2922 2074 2970; x_wconf 77' lang='lat' dir='ltr'><strong>exscisso</strong></span> 
     </span>
     <span class='ocr_line' id='line_1_27' title="bbox 61 2983 2075 3086; baseline 0.008 -31"><span class='ocrx_word' id='word_1_332' title='bbox 61 2995 95 3060; x_wconf 87' lang='lat' dir='ltr'><strong>ad</strong></span> <span class='ocrx_word' id='word_1_333' title='bbox 110 2993 316 3086; x_wconf 88' lang='lat' dir='ltr'><strong>Dionysium</strong></span> <span class='ocrx_word' id='word_1_334' title='bbox 340 3003 552 3084; x_wconf 89' lang='lat' dir='ltr'><strong>tyrannum,</strong></span> <span class='ocrx_word' id='word_1_335' title='bbox 577 3003 714 3080; x_wconf 85' lang='lat' dir='ltr'><strong>patrem</strong></span> <span class='ocrx_word' id='word_1_336' title='bbox 728 2991 880 3062; x_wconf 87' lang='lat' dir='ltr'><strong>iunioris</strong></span> <span class='ocrx_word' id='word_1_337' title='bbox 897 2990 1036 3082; x_wconf 87' lang='lat' dir='ltr'><strong>Diony·</strong></span> <span class='ocrx_word' id='word_1_338' title='bbox 1084 2983 1215 3056; x_wconf 88' lang='lat' dir='ltr'><strong>Dione.</strong></span> <span class='ocrx_word' id='word_1_339' title='bbox 1268 2983 1451 3072; x_wconf 88' lang='lat' dir='ltr'><strong>Quantum</strong></span> <span class='ocrx_word' id='word_1_340' title='bbox 1466 3001 1582 3058; x_wconf 90' lang='lat' dir='ltr'><strong>autem</strong></span> <span class='ocrx_word' id='word_1_341' title='bbox 1600 2993 1739 3063; x_wconf 90' lang='lat' dir='ltr'><strong>valeant</strong></span> <span class='ocrx_word' id='word_1_342' title='bbox 1761 2991 1975 3085; x_wconf 82' lang='lat' dir='ltr'><strong>calumniae,</strong></span> <span class='ocrx_word' id='word_1_343' title='bbox 1999 3025 2075 3070; x_wconf 91' lang='lat' dir='ltr'><strong>non</strong></span> 
     </span>
     <span class='ocr_line' id='line_1_28' title="bbox 62 3087 2076 3186; baseline 0.007 -26"><span class='ocrx_word' id='word_1_344' title='bbox 62 3095 112 3183; x_wconf 86' lang='lat' dir='ltr'><strong>sii,</strong></span> <span class='ocrx_word' id='word_1_345' title='bbox 143 3095 235 3184; x_wconf 90' lang='lat' dir='ltr'><strong>pulsi</strong></span> <span class='ocrx_word' id='word_1_346' title='bbox 261 3094 445 3186; x_wconf 88' lang='lat' dir='ltr'><strong>aliquanto</strong></span> <span class='ocrx_word' id='word_1_347' title='bbox 469 3103 548 3180; x_wconf 87' lang='lat' dir='ltr'><strong>post</strong></span> <span class='ocrx_word' id='word_1_348' title='bbox 578 3115 619 3160; x_wconf 84' lang='lat' dir='ltr'><strong>ex</strong></span> <span class='ocrx_word' id='word_1_349' title='bbox 641 3113 767 3180; x_wconf 84' lang='lat' dir='ltr'><strong>regn03</strong></span> <span class='ocrx_word' id='word_1_350' title='bbox 800 3117 882 3164; x_wconf 88' lang='lat' dir='ltr'><strong>nam</strong></span> <span class='ocrx_word' id='word_1_351' title='bbox 905 3090 1035 3162; x_wconf 89' lang='lat' dir='ltr'><strong>Siculis</strong></span> <span class='ocrx_word' id='word_1_352' title='bbox 1084 3087 1382 3172; x_wconf 75' lang='lat' dir='ltr'><strong>meruissetis,</strong></span> <span class='ocrx_word' id='word_1_353' title='bbox 1409 3090 1590 3160; x_wconf 88' lang='lat' dir='ltr'><strong>sedetiam</strong></span> <span class='ocrx_word' id='word_1_354' title='bbox 1613 3097 1903 3186; x_wconf 88' lang='lat' dir='ltr'><strong>apudprivatos‚</strong></span> <span class='ocrx_word' id='word_1_355' title='bbox 1929 3118 2076 3175; x_wconf 90' lang='lat' dir='ltr'><strong>nonest</strong></span> 
     </span>
     <span class='ocr_line' id='line_1_29' title="bbox 62 3185 2076 3292; baseline 0.006 -30"><span class='ocrx_word' id='word_1_356' title='bbox 62 3210 146 3266; x_wconf 88' lang='lat' dir='ltr'><strong>erant</strong></span> <span class='ocrx_word' id='word_1_357' title='bbox 165 3197 287 3266; x_wconf 90' lang='lat' dir='ltr'><strong>crebra</strong></span> <span class='ocrx_word' id='word_1_358' title='bbox 311 3218 393 3264; x_wconf 92' lang='lat' dir='ltr'><strong>cum</strong></span> <span class='ocrx_word' id='word_1_359' title='bbox 411 3188 690 3262; x_wconf 85' lang='lat' dir='ltr'><strong>Atheniensibus</strong></span> <span class='ocrx_word' id='word_1_360' title='bbox 713 3195 941 3278; x_wconf 86' lang='lat' dir='ltr'><strong>commercia,</strong></span> <span class='ocrx_word' id='word_1_361' title='bbox 967 3187 1035 3262; x_wconf 90' lang='lat' dir='ltr'><strong>bo·</strong></span> <span class='ocrx_word' id='word_1_362' title='bbox 1085 3192 1285 3261; x_wconf 88' lang='lat' dir='ltr'><strong>obscurum.</strong></span> <span class='ocrx_word' id='word_1_363' title='bbox 1334 3185 1380 3260; x_wconf 87' lang='lat' dir='ltr'><strong>Et</strong></span> <span class='ocrx_word' id='word_1_364' title='bbox 1398 3190 1481 3282; x_wconf 88' lang='lat' dir='ltr'><strong>quia</strong></span> <span class='ocrx_word' id='word_1_365' title='bbox 1497 3215 1652 3264; x_wconf 89' lang='lat' dir='ltr'><strong>sororem</strong></span> <span class='ocrx_word' id='word_1_366' title='bbox 1667 3193 1833 3292; x_wconf 89' lang='lat' dir='ltr'><strong>Dionysii</strong></span> <span class='ocrx_word' id='word_1_367' title='bbox 1848 3198 1944 3272; x_wconf 90' lang='lat' dir='ltr'><strong>Dion</strong></span> <span class='ocrx_word' id='word_1_368' title='bbox 1968 3199 2076 3274; x_wconf 90' lang='lat' dir='ltr'><strong>habe·</strong></span> 
     </span>
     <span class='ocr_line' id='line_1_30' title="bbox 35 3289 2075 3387; baseline 0.027 -67"><span class='ocrx_word' id='word_1_369' title='bbox 35 3359 36 3362; x_wconf 7' lang='grc' dir='ltr'><strong>Ἴ</strong></span> <span class='ocrx_word' id='word_1_370' title='bbox 61 3320 126 3366; x_wconf 70' lang='lat' dir='ltr'><strong>mm</strong></span> <span class='ocrx_word' id='word_1_371' title='bbox 140 3299 247 3387; x_wconf 56' lang='lat' dir='ltr'><strong>leges,</strong></span> <span class='ocrx_word' id='word_1_372' title='bbox 273 3296 408 3379; x_wconf 51' lang='lat' dir='ltr'><strong>studia,</strong></span> <span class='ocrx_word' id='word_1_373' title='bbox 428 3292 541 3364; x_wconf 63' lang='lat' dir='ltr'><strong>Siculi</strong></span> <span class='ocrx_word' id='word_1_374' title='bbox 556 3293 798 3364; x_wconf 57' lang='lat' dir='ltr'><strong>imitabamur,</strong></span> <span class='ocrx_word' id='word_1_375' title='bbox 848 3291 896 3366; x_wconf 67' lang='lat' dir='ltr'><strong>Eg</strong></span> <span class='ocrx_word' id='word_1_376' title='bbox 912 3301 1034 3387; x_wconf 55' lang='lat' dir='ltr'><strong>symm</strong></span> <span class='ocrx_word' id='word_1_377' title='bbox 1085 3294 1156 3374; x_wconf 84' lang='lat' dir='ltr'><strong>bat,</strong></span> <span class='ocrx_word' id='word_1_378' title='bbox 1182 3289 1424 3361; x_wconf 89' lang='lat' dir='ltr'><strong>instillabatur</strong></span> <span class='ocrx_word' id='word_1_379' title='bbox 1440 3294 1532 3382; x_wconf 85' lang='lat' dir='ltr'><strong>regi,</strong></span> <span class='ocrx_word' id='word_1_380' title='bbox 1559 3319 1632 3364; x_wconf 90' lang='lat' dir='ltr'><strong>non</strong></span> <span class='ocrx_word' id='word_1_381' title='bbox 1652 3320 1724 3367; x_wconf 91' lang='lat' dir='ltr'><strong>csse</strong></span> <span class='ocrx_word' id='word_1_382' title='bbox 1740 3303 2000 3374; x_wconf 87' lang='lat' dir='ltr'><strong>concedendam</strong></span> <span class='ocrx_word' id='word_1_383' title='bbox 2017 3307 2075 3376; x_wconf 82' lang='lat' dir='ltr'><strong>ni-</strong></span> 
     </span>
     <span class='ocr_line' id='line_1_31' title="bbox 62 3392 2076 3497; baseline 0.027 -74"><span class='ocrx_word' id='word_1_384' title='bbox 62 3421 116 3468; x_wconf 54' lang='lat' dir='ltr'><strong>nus</strong></span> <span class='ocrx_word' id='word_1_385' title='bbox 135 3400 206 3490; x_wconf 61' lang='lat' dir='ltr'><strong>ipse</strong></span> <span class='ocrx_word' id='word_1_386' title='bbox 229 3397 375 3487; x_wconf 62' lang='lat' dir='ltr'><strong>ingenio</strong></span> <span class='ocrx_word' id='word_1_387' title='bbox 399 3395 572 3488; x_wconf 54' lang='lat' dir='ltr'><strong>pollebat,</strong></span> <span class='ocrx_word' id='word_1_388' title='bbox 596 3409 631 3465; x_wconf 63' lang='lat' dir='ltr'><strong>eg</strong></span> <span class='ocrx_word' id='word_1_389' title='bbox 655 3393 800 3466; x_wconf 58' lang='lat' dir='ltr'><strong>Graeca,</strong></span> <span class='ocrx_word' id='word_1_390' title='bbox 823 3397 949 3467; x_wconf 60' lang='lat' dir='ltr'><strong>gaudii,</strong></span> <span class='ocrx_word' id='word_1_391' title='bbox 972 3397 1034 3464; x_wconf 72' lang='lat' dir='ltr'><strong>de.</strong></span> <span class='ocrx_word' id='word_1_392' title='bbox 1085 3393 1194 3462; x_wconf 89' lang='lat' dir='ltr'><strong>miam</strong></span> <span class='ocrx_word' id='word_1_393' title='bbox 1210 3392 1402 3482; x_wconf 88' lang='lat' dir='ltr'><strong>potentiam</strong></span> <span class='ocrx_word' id='word_1_394' title='bbox 1416 3395 1527 3478; x_wconf 83' lang='lat' dir='ltr'><strong>alfini,</strong></span> <span class='ocrx_word' id='word_1_395' title='bbox 1553 3421 1599 3464; x_wconf 91' lang='lat' dir='ltr'><strong>ne</strong></span> <span class='ocrx_word' id='word_1_396' title='bbox 1615 3420 1762 3486; x_wconf 89' lang='lat' dir='ltr'><strong>regnum</strong></span> <span class='ocrx_word' id='word_1_397' title='bbox 1781 3404 1971 3497; x_wconf 90' lang='lat' dir='ltr'><strong>aliquando</strong></span> <span class='ocrx_word' id='word_1_398' title='bbox 1988 3433 2076 3476; x_wconf 84' lang='lat' dir='ltr'><strong>con·</strong></span> 
     </span>
    </p>
   </div>
   <div class='ocr_carea' id='block_1_3' title="bbox 63 3491 2237 3602">
    <p class='ocr_par' dir='ltr' id='par_1_3' title="bbox 63 3491 2237 3602">
     <span class='ocr_line' id='line_1_32' title="bbox 63 3491 2237 3602; baseline 0.006 -36"><span class='ocrx_word' id='word_1_399' title='bbox 63 3499 250 3571; x_wconf 88' lang='lat' dir='ltr'><strong>lectabatnr.</strong></span> <span class='ocrx_word' id='word_1_400' title='bbox 309 3497 381 3570; x_wconf 87' lang='lat' dir='ltr'><strong>Sed</strong></span> <span class='ocrx_word' id='word_1_401' title='bbox 406 3510 481 3566; x_wconf 89' lang='lat' dir='ltr'><strong>erat</strong></span> <span class='ocrx_word' id='word_1_402' title='bbox 504 3496 590 3565; x_wconf 87' lang='lat' dir='ltr'><strong>civis</strong></span> <span class='ocrx_word' id='word_1_403' title='bbox 614 3497 854 3590; x_wconf 87' lang='lat' dir='ltr'><strong>Syracusanus</strong></span> <span class='ocrx_word' id='word_1_404' title='bbox 876 3521 1035 3566; x_wconf 87' lang='lat' dir='ltr'><strong>summae</strong></span> <span class='ocrx_word' id='word_1_405' title='bbox 1085 3494 1291 3584; x_wconf 87' lang='lat' dir='ltr'><strong>cupisceret.</strong></span> <span class='ocrx_word' id='word_1_406' title='bbox 1342 3491 1433 3564; x_wconf 91' lang='lat' dir='ltr'><strong>Cum</strong></span> <span class='ocrx_word' id='word_1_407' title='bbox 1459 3496 1569 3584; x_wconf 85' lang='lat' dir='ltr'><strong>igitur</strong></span> <span class='ocrx_word' id='word_1_408' title='bbox 1600 3501 1743 3568; x_wconf 89' lang='lat' dir='ltr'><strong>tandem</strong></span> <span class='ocrx_word' id='word_1_409' title='bbox 1766 3504 1948 3577; x_wconf 87' lang='lat' dir='ltr'><strong>vincerent</strong></span> <span class='ocrx_word' id='word_1_410' title='bbox 1976 3533 2077 3602; x_wconf 83' lang='lat' dir='ltr'><strong>syco—</strong></span> <span class='ocrx_word' id='word_1_411' title='bbox 2172 3519 2173 3522; x_wconf 75' lang='grc'>’</span> <span class='ocrx_word' id='word_1_412' title='bbox 2233 3503 2237 3509; x_wconf 67' lang='grc'><strong>’</strong></span> 
     </span>
    </p>
   </div>
   <div class='ocr_carea' id='block_1_4' title="bbox 35 3592 2164 5434">
    <p class='ocr_par' dir='ltr' id='par_1_4' title="bbox 35 3592 2164 5434">
     <span class='ocr_line' id='line_1_33' title="bbox 64 3592 2074 3692; baseline 0.006 -25"><span class='ocrx_word' id='word_1_413' title='bbox 64 3603 245 3672; x_wconf 84' lang='lat' dir='ltr'><strong>autoritatis</strong></span> <span class='ocrx_word' id='word_1_414' title='bbox 261 3598 375 3670; x_wconf 85' lang='lat' dir='ltr'><strong>Dion:</strong></span> <span class='ocrx_word' id='word_1_415' title='bbox 402 3599 432 3668; x_wconf 90' lang='lat' dir='ltr'><strong>is</strong></span> <span class='ocrx_word' id='word_1_416' title='bbox 446 3597 631 3668; x_wconf 85' lang='lat' dir='ltr'><strong>Platonem</strong></span> <span class='ocrx_word' id='word_1_417' title='bbox 647 3594 800 3692; x_wconf 79' lang='lat' dir='ltr'><strong>hospitio</strong></span> <span class='ocrx_word' id='word_1_418' title='bbox 818 3599 970 3690; x_wconf 83' lang='lat' dir='ltr'><strong>excepit,</strong></span> <span class='ocrx_word' id='word_1_419' title='bbox 994 3612 1034 3668; x_wconf 89' lang='lat' dir='ltr'><strong>ut</strong></span> <span class='ocrx_word' id='word_1_420' title='bbox 1085 3592 1269 3688; x_wconf 89' lang='lat' dir='ltr'><strong>phantiae‚</strong></span> <span class='ocrx_word' id='word_1_421' title='bbox 1294 3595 1439 3684; x_wconf 90' lang='lat' dir='ltr'><strong>pellitur</strong></span> <span class='ocrx_word' id='word_1_422' title='bbox 1455 3619 1495 3665; x_wconf 82' lang='lat' dir='ltr'><strong>ex</strong></span> <span class='ocrx_word' id='word_1_423' title='bbox 1517 3621 1625 3687; x_wconf 87' lang='lat' dir='ltr'><strong>reguo</strong></span> <span class='ocrx_word' id='word_1_424' title='bbox 1640 3597 1755 3686; x_wconf 91' lang='lat' dir='ltr'><strong>Dion,</strong></span> <span class='ocrx_word' id='word_1_425' title='bbox 1779 3605 1908 3676; x_wconf 86' lang='lat' dir='ltr'><strong>frustra</strong></span> <span class='ocrx_word' id='word_1_426' title='bbox 1924 3607 2074 3680; x_wconf 89' lang='lat' dir='ltr'><strong>Platone</strong></span> 
     </span>
     <span class='ocr_line' id='line_1_34' title="bbox 64 3697 2074 3796; baseline 0.005 -25"><span class='ocrx_word' id='word_1_427' title='bbox 64 3725 127 3772; x_wconf 89' lang='lat' dir='ltr'><strong>cnm</strong></span> <span class='ocrx_word' id='word_1_428' title='bbox 145 3705 372 3773; x_wconf 88' lang='lat' dir='ltr'><strong>disserentem</strong></span> <span class='ocrx_word' id='word_1_429' title='bbox 400 3703 444 3769; x_wconf 89' lang='lat' dir='ltr'><strong>de</strong></span> <span class='ocrx_word' id='word_1_430' title='bbox 470 3713 597 3770; x_wconf 89' lang='lat' dir='ltr'><strong>natura</strong></span> <span class='ocrx_word' id='word_1_431' title='bbox 632 3711 667 3769; x_wconf 88' lang='lat' dir='ltr'><strong>et</strong></span> <span class='ocrx_word' id='word_1_432' title='bbox 699 3703 743 3770; x_wconf 87' lang='lat' dir='ltr'><strong>de</strong></span> <span class='ocrx_word' id='word_1_433' title='bbox 770 3698 861 3792; x_wconf 89' lang='lat' dir='ltr'><strong>Rep.</strong></span> <span class='ocrx_word' id='word_1_434' title='bbox 886 3700 1034 3782; x_wconf 87' lang='lat' dir='ltr'><strong>audiret,</strong></span> <span class='ocrx_word' id='word_1_435' title='bbox 1086 3697 1252 3768; x_wconf 88' lang='lat' dir='ltr'><strong>omnibus</strong></span> <span class='ocrx_word' id='word_1_436' title='bbox 1266 3697 1383 3766; x_wconf 90' lang='lat' dir='ltr'><strong>modis</strong></span> <span class='ocrx_word' id='word_1_437' title='bbox 1396 3699 1597 3780; x_wconf 89' lang='lat' dir='ltr'><strong>annitente,</strong></span> <span class='ocrx_word' id='word_1_438' title='bbox 1624 3704 1770 3796; x_wconf 90' lang='lat' dir='ltr'><strong>nequid</strong></span> <span class='ocrx_word' id='word_1_439' title='bbox 1788 3707 1825 3775; x_wconf 91' lang='lat' dir='ltr'><strong>in</strong></span> <span class='ocrx_word' id='word_1_440' title='bbox 1841 3710 1945 3778; x_wconf 89' lang='lat' dir='ltr'><strong>talem</strong></span> <span class='ocrx_word' id='word_1_441' title='bbox 1961 3711 2074 3782; x_wconf 89' lang='lat' dir='ltr'><strong>civem</strong></span> 
     </span>
     <span class='ocr_line' id='line_1_35' title="bbox 65 3798 2074 3896; baseline 0.005 -24"><span class='ocrx_word' id='word_1_442' title='bbox 65 3807 111 3874; x_wconf 90' lang='lat' dir='ltr'><strong>sed</strong></span> <span class='ocrx_word' id='word_1_443' title='bbox 130 3808 215 3876; x_wconf 90' lang='lat' dir='ltr'><strong>sicut</strong></span> <span class='ocrx_word' id='word_1_444' title='bbox 239 3803 400 3874; x_wconf 89' lang='lat' dir='ltr'><strong>naturale</strong></span> <span class='ocrx_word' id='word_1_445' title='bbox 418 3801 605 3870; x_wconf 90' lang='lat' dir='ltr'><strong>dissidium</strong></span> <span class='ocrx_word' id='word_1_446' title='bbox 625 3814 676 3871; x_wconf 91' lang='lat' dir='ltr'><strong>est</strong></span> <span class='ocrx_word' id='word_1_447' title='bbox 690 3802 882 3872; x_wconf 89' lang='lat' dir='ltr'><strong>multarum</strong></span> <span class='ocrx_word' id='word_1_448' title='bbox 904 3825 1035 3884; x_wconf 87' lang='lat' dir='ltr'><strong>rerum,</strong></span> <span class='ocrx_word' id='word_1_449' title='bbox 1085 3822 1221 3870; x_wconf 88' lang='lat' dir='ltr'><strong>summa</strong></span> <span class='ocrx_word' id='word_1_450' title='bbox 1250 3798 1380 3868; x_wconf 86' lang='lat' dir='ltr'><strong>virtute</strong></span> <span class='ocrx_word' id='word_1_451' title='bbox 1410 3813 1446 3870; x_wconf 91' lang='lat' dir='ltr'><strong>et</strong></span> <span class='ocrx_word' id='word_1_452' title='bbox 1479 3802 1668 3874; x_wconf 89' lang='lat' dir='ltr'><strong>autoritate</strong></span> <span class='ocrx_word' id='word_1_453' title='bbox 1694 3809 1911 3896; x_wconf 90' lang='lat' dir='ltr'><strong>praeditum,</strong></span> <span class='ocrx_word' id='word_1_454' title='bbox 1944 3813 2074 3884; x_wconf 89' lang='lat' dir='ltr'><strong>iniuste</strong></span> 
     </span>
     <span class='ocr_line' id='line_1_36' title="bbox 66 3897 2076 4005; baseline 0.003 -28"><span class='ocrx_word' id='word_1_455' title='bbox 66 3919 150 4000; x_wconf 83' lang='lat' dir='ltr'><strong>etque</strong></span> <span class='ocrx_word' id='word_1_456' title='bbox 166 3907 402 3977; x_wconf 83' lang='lat' dir='ltr'><strong>anirnantium</strong></span> <span class='ocrx_word' id='word_1_457' title='bbox 419 3904 581 3988; x_wconf 77' lang='lat' dir='ltr'><strong>interes,</strong></span> <span class='ocrx_word' id='word_1_458' title='bbox 606 3903 684 3974; x_wconf 88' lang='lat' dir='ltr'><strong>vini</strong></span> <span class='ocrx_word' id='word_1_459' title='bbox 698 3917 732 3974; x_wconf 92' lang='lat' dir='ltr'><strong>et</strong></span> <span class='ocrx_word' id='word_1_460' title='bbox 751 3904 905 3986; x_wconf 87' lang='lat' dir='ltr'><strong>cicutae,</strong></span> <span class='ocrx_word' id='word_1_461' title='bbox 930 3903 1034 3998; x_wconf 83' lang='lat' dir='ltr'><strong>cygni</strong></span> <span class='ocrx_word' id='word_1_462' title='bbox 1085 3900 1369 3972; x_wconf 88' lang='lat' dir='ltr'><strong>constitueretur.</strong></span> <span class='ocrx_word' id='word_1_463' title='bbox 1418 3897 1540 3976; x_wconf 85' lang='lat' dir='ltr'><strong>Eiecto</strong></span> <span class='ocrx_word' id='word_1_464' title='bbox 1560 3902 1677 3975; x_wconf 91' lang='lat' dir='ltr'><strong>Dione</strong></span> <span class='ocrx_word' id='word_1_465' title='bbox 1698 3909 1868 3998; x_wconf 88' lang='lat' dir='ltr'><strong>paulatim</strong></span> <span class='ocrx_word' id='word_1_466' title='bbox 1892 3913 2076 4005; x_wconf 88' lang='lat' dir='ltr'><strong>improbo-</strong></span> 
     </span>
     <span class='ocr_line' id='line_1_37' title="bbox 67 3999 2075 4104; baseline 0.005 -27"><span class='ocrx_word' id='word_1_467' title='bbox 67 4012 261 4104; x_wconf 85' lang='lat' dir='ltr'><strong>etaquilae,</strong></span> <span class='ocrx_word' id='word_1_468' title='bbox 286 4009 335 4078; x_wconf 88' lang='lat' dir='ltr'><strong>ita</strong></span> <span class='ocrx_word' id='word_1_469' title='bbox 355 4006 517 4076; x_wconf 89' lang='lat' dir='ltr'><strong>nativum</strong></span> <span class='ocrx_word' id='word_1_470' title='bbox 540 3999 575 4074; x_wconf 88' lang='lat' dir='ltr'><strong>et</strong></span> <span class='ocrx_word' id='word_1_471' title='bbox 596 4004 820 4096; x_wconf 88' lang='lat' dir='ltr'><strong>implacabile</strong></span> <span class='ocrx_word' id='word_1_472' title='bbox 844 4006 966 4075; x_wconf 92' lang='lat' dir='ltr'><strong>odium</strong></span> <span class='ocrx_word' id='word_1_473' title='bbox 983 4017 1035 4074; x_wconf 88' lang='lat' dir='ltr'><strong>est</strong></span> <span class='ocrx_word' id='word_1_474' title='bbox 1086 4026 1166 4074; x_wconf 88' lang='lat' dir='ltr'><strong>rum</strong></span> <span class='ocrx_word' id='word_1_475' title='bbox 1193 4003 1353 4093; x_wconf 88' lang='lat' dir='ltr'><strong>potentia</strong></span> <span class='ocrx_word' id='word_1_476' title='bbox 1379 4005 1507 4085; x_wconf 88' lang='lat' dir='ltr'><strong>crevit,</strong></span> <span class='ocrx_word' id='word_1_477' title='bbox 1540 4020 1574 4076; x_wconf 91' lang='lat' dir='ltr'><strong>et</strong></span> <span class='ocrx_word' id='word_1_478' title='bbox 1599 4011 1783 4097; x_wconf 89' lang='lat' dir='ltr'><strong>depravari</strong></span> <span class='ocrx_word' id='word_1_479' title='bbox 1817 4015 1909 4102; x_wconf 85' lang='lat' dir='ltr'><strong>regis</strong></span> <span class='ocrx_word' id='word_1_480' title='bbox 1934 4017 2075 4087; x_wconf 89' lang='lat' dir='ltr'><strong>animus</strong></span> 
     </span>
     <span class='ocr_line' id='line_1_38' title="bbox 68 4101 2074 4208; baseline 0.006 -34"><span class='ocrx_word' id='word_1_481' title='bbox 68 4107 140 4180; x_wconf 86' lang='lat' dir='ltr'><strong>inter</strong></span> <span class='ocrx_word' id='word_1_482' title='bbox 154 4136 187 4182; x_wconf 89' lang='lat' dir='ltr'><strong>se</strong></span> <span class='ocrx_word' id='word_1_483' title='bbox 211 4109 477 4205; x_wconf 89' lang='lat' dir='ltr'><strong>tyrannicarum</strong></span> <span class='ocrx_word' id='word_1_484' title='bbox 492 4119 699 4177; x_wconf 89' lang='lat' dir='ltr'><strong>naturarum</strong></span> <span class='ocrx_word' id='word_1_485' title='bbox 718 4121 752 4177; x_wconf 90' lang='lat' dir='ltr'><strong>et</strong></span> <span class='ocrx_word' id='word_1_486' title='bbox 771 4101 1030 4198; x_wconf 88' lang='lat' dir='ltr'><strong>philosophice·</strong></span> <span class='ocrx_word' id='word_1_487' title='bbox 1086 4103 1211 4194; x_wconf 90' lang='lat' dir='ltr'><strong>coepit.</strong></span> <span class='ocrx_word' id='word_1_488' title='bbox 1262 4103 1370 4174; x_wconf 87' lang='lat' dir='ltr'><strong>Ferte</strong></span> <span class='ocrx_word' id='word_1_489' title='bbox 1384 4129 1424 4174; x_wconf 87' lang='lat' dir='ltr'><strong>eo</strong></span> <span class='ocrx_word' id='word_1_490' title='bbox 1443 4119 1599 4198; x_wconf 90' lang='lat' dir='ltr'><strong>tempore</strong></span> <span class='ocrx_word' id='word_1_491' title='bbox 1615 4107 1716 4178; x_wconf 92' lang='lat' dir='ltr'><strong>Plato</strong></span> <span class='ocrx_word' id='word_1_492' title='bbox 1739 4115 1913 4202; x_wconf 83' lang='lat' dir='ltr'><strong>praedixit</strong></span> <span class='ocrx_word' id='word_1_493' title='bbox 1927 4118 2074 4208; x_wconf 90' lang='lat' dir='ltr'><strong>eclipsin</strong></span> 
     </span>
     <span class='ocr_line' id='line_1_39' title="bbox 68 4201 2075 4302; baseline 0.01 -25"><span class='ocrx_word' id='word_1_494' title='bbox 68 4233 138 4280; x_wconf 88' lang='lat' dir='ltr'><strong>mm.</strong></span> <span class='ocrx_word' id='word_1_495' title='bbox 188 4213 274 4284; x_wconf 86' lang='lat' dir='ltr'><strong>ideo</strong></span> <span class='ocrx_word' id='word_1_496' title='bbox 297 4235 377 4281; x_wconf 92' lang='lat' dir='ltr'><strong>cnm</strong></span> <span class='ocrx_word' id='word_1_497' title='bbox 401 4209 505 4280; x_wconf 90' lang='lat' dir='ltr'><strong>Plato</strong></span> <span class='ocrx_word' id='word_1_498' title='bbox 529 4209 676 4278; x_wconf 87' lang='lat' dir='ltr'><strong>liberius</strong></span> <span class='ocrx_word' id='word_1_499' title='bbox 695 4203 977 4300; x_wconf 89' lang='lat' dir='ltr'><strong>reprehendisset</strong></span> <span class='ocrx_word' id='word_1_500' title='bbox 996 4208 1034 4276; x_wconf 91' lang='lat' dir='ltr'><strong>in</strong></span> <span class='ocrx_word' id='word_1_501' title='bbox 1085 4207 1253 4278; x_wconf 81' lang='lat' dir='ltr'><strong>futuram.</strong></span> <span class='ocrx_word' id='word_1_502' title='bbox 1281 4264 1282 4270; x_wconf 69' lang='grc'>,</span> <span class='ocrx_word' id='word_1_503' title='bbox 1308 4203 1363 4279; x_wconf 89' lang='lat' dir='ltr'><strong>lbi</strong></span> <span class='ocrx_word' id='word_1_504' title='bbox 1378 4201 1598 4298; x_wconf 72' lang='lat' dir='ltr'><strong>Aristippus,</strong></span> <span class='ocrx_word' id='word_1_505' title='bbox 1624 4210 1687 4302; x_wconf 73' lang='lat' dir='ltr'><strong>qui</strong></span> <span class='ocrx_word' id='word_1_506' title='bbox 1711 4237 1781 4282; x_wconf 70' lang='lat' dir='ltr'><strong>una</strong></span> <span class='ocrx_word' id='word_1_507' title='bbox 1805 4217 1943 4302; x_wconf 71' lang='lat' dir='ltr'><strong>aderat,</strong></span> <span class='ocrx_word' id='word_1_508' title='bbox 1967 4220 2016 4290; x_wconf 78' lang='lat' dir='ltr'><strong>ait</strong></span> <span class='ocrx_word' id='word_1_509' title='bbox 2038 4244 2075 4289; x_wconf 76' lang='lat' dir='ltr'><strong>se</strong></span> 
     </span>
     <span class='ocr_line' id='line_1_40' title="bbox 69 4307 2075 4414; baseline 0.005 -33"><span class='ocrx_word' id='word_1_510' title='bbox 69 4316 258 4404; x_wconf 88' lang='lat' dir='ltr'><strong>quibusdam</strong></span> <span class='ocrx_word' id='word_1_511' title='bbox 289 4315 395 4383; x_wconf 88' lang='lat' dir='ltr'><strong>rebus</strong></span> <span class='ocrx_word' id='word_1_512' title='bbox 416 4309 581 4406; x_wconf 89' lang='lat' dir='ltr'><strong>Dionysii</strong></span> <span class='ocrx_word' id='word_1_513' title='bbox 603 4309 828 4390; x_wconf 85' lang='lat' dir='ltr'><strong>violentiam,</strong></span> <span class='ocrx_word' id='word_1_514' title='bbox 862 4323 1035 4404; x_wconf 90' lang='lat' dir='ltr'><strong>tyrannus</strong></span> <span class='ocrx_word' id='word_1_515' title='bbox 1086 4310 1130 4378; x_wconf 94' lang='lat' dir='ltr'><strong>de</strong></span> <span class='ocrx_word' id='word_1_516' title='bbox 1153 4307 1408 4397; x_wconf 85' lang='lat' dir='ltr'><strong>significatione</strong></span> <span class='ocrx_word' id='word_1_517' title='bbox 1428 4309 1691 4393; x_wconf 77' lang='lat' dir='ltr'><strong>divinatorem,</strong></span> <span class='ocrx_word' id='word_1_518' title='bbox 1719 4339 1758 4384; x_wconf 89' lang='lat' dir='ltr'><strong>ac</strong></span> <span class='ocrx_word' id='word_1_519' title='bbox 1778 4317 1920 4404; x_wconf 88' lang='lat' dir='ltr'><strong>iocans,</strong></span> <span class='ocrx_word' id='word_1_520' title='bbox 1954 4321 2075 4414; x_wconf 88' lang='lat' dir='ltr'><strong>inqirit</strong></span> 
     </span>
     <span class='ocr_line' id='line_1_41' title="bbox 70 4408 2073 4505; baseline 0.006 -23"><span class='ocrx_word' id='word_1_521' title='bbox 70 4435 131 4484; x_wconf 86' lang='lat' dir='ltr'><strong>cnm</strong></span> <span class='ocrx_word' id='word_1_522' title='bbox 161 4417 410 4488; x_wconf 79' lang='lat' dir='ltr'><strong>interfecturus</strong></span> <span class='ocrx_word' id='word_1_523' title='bbox 436 4427 521 4484; x_wconf 86' lang='lat' dir='ltr'><strong>erat.</strong></span> <span class='ocrx_word' id='word_1_524' title='bbox 572 4410 643 4482; x_wconf 92' lang='lat' dir='ltr'><strong>Sed</strong></span> <span class='ocrx_word' id='word_1_525' title='bbox 669 4421 832 4482; x_wconf 82' lang='lat' dir='ltr'><strong>exoratus</strong></span> <span class='ocrx_word' id='word_1_526' title='bbox 858 4435 881 4480; x_wconf 87' lang='lat' dir='ltr'><strong>a</strong></span> <span class='ocrx_word' id='word_1_527' title='bbox 907 4409 1036 4494; x_wconf 90' lang='lat' dir='ltr'><strong>Dione,</strong></span> <span class='ocrx_word' id='word_1_528' title='bbox 1086 4409 1266 4500; x_wconf 86' lang='lat' dir='ltr'><strong>portendi¹</strong></span> <span class='ocrx_word' id='word_1_529' title='bbox 1286 4408 1509 4478; x_wconf 89' lang='lat' dir='ltr'><strong>inimicitiam</strong></span> <span class='ocrx_word' id='word_1_530' title='bbox 1545 4413 1639 4482; x_wconf 90' lang='lat' dir='ltr'><strong>inter</strong></span> <span class='ocrx_word' id='word_1_531' title='bbox 1670 4439 1784 4505; x_wconf 87' lang='lat' dir='ltr'><strong>regem</strong></span> <span class='ocrx_word' id='word_1_532' title='bbox 1813 4433 1847 4490; x_wconf 86' lang='lat' dir='ltr'><strong>et</strong></span> <span class='ocrx_word' id='word_1_533' title='bbox 1872 4419 2073 4494; x_wconf 89' lang='lat' dir='ltr'><strong>Platonem.</strong></span> 
     </span>
     <span class='ocr_line' id='line_1_42' title="bbox 69 4509 2073 4615; baseline 0.006 -33"><span class='ocrx_word' id='word_1_534' title='bbox 69 4516 158 4586; x_wconf 76' lang='lat' dir='ltr'><strong>sitam</strong></span> <span class='ocrx_word' id='word_1_535' title='bbox 174 4521 206 4589; x_wconf 86' lang='lat' dir='ltr'><strong>ei</strong></span> <span class='ocrx_word' id='word_1_536' title='bbox 223 4517 414 4601; x_wconf 89' lang='lat' dir='ltr'><strong>concessit,</strong></span> <span class='ocrx_word' id='word_1_537' title='bbox 445 4517 506 4584; x_wconf 91' lang='lat' dir='ltr'><strong>sed</strong></span> <span class='ocrx_word' id='word_1_538' title='bbox 528 4514 595 4599; x_wconf 88' lang='lat' dir='ltr'><strong>ita,</strong></span> <span class='ocrx_word' id='word_1_539' title='bbox 623 4514 724 4586; x_wconf 93' lang='lat' dir='ltr'><strong>utin</strong></span> <span class='ocrx_word' id='word_1_540' title='bbox 746 4513 951 4584; x_wconf 87' lang='lat' dir='ltr'><strong>servitutem</strong></span> <span class='ocrx_word' id='word_1_541' title='bbox 972 4514 1036 4582; x_wconf 90' lang='lat' dir='ltr'><strong>ad·</strong></span> <span class='ocrx_word' id='word_1_542' title='bbox 1086 4510 1165 4582; x_wconf 87' lang='lat' dir='ltr'><strong>Hoc</strong></span> <span class='ocrx_word' id='word_1_543' title='bbox 1188 4511 1398 4580; x_wconf 80' lang='lat' dir='ltr'><strong>ioco&#39;tacete</strong></span> <span class='ocrx_word' id='word_1_544' title='bbox 1417 4509 1518 4581; x_wconf 91' lang='lat' dir='ltr'><strong>aulae</strong></span> <span class='ocrx_word' id='word_1_545' title='bbox 1538 4516 1768 4587; x_wconf 87' lang='lat' dir='ltr'><strong>mutationem</strong></span> <span class='ocrx_word' id='word_1_546' title='bbox 1789 4517 1994 4615; x_wconf 90' lang='lat' dir='ltr'><strong>Aristippus</strong></span> <span class='ocrx_word' id='word_1_547' title='bbox 2017 4549 2073 4594; x_wconf 90' lang='lat' dir='ltr'><strong>re-</strong></span> 
     </span>
     <span class='ocr_line' id='line_1_43' title="bbox 35 4607 2072 4720; baseline 0.005 -36"><span class='ocrx_word' id='word_1_548' title='bbox 35 4623 36 4630; x_wconf 78' lang='grc'>’</span> <span class='ocrx_word' id='word_1_549' title='bbox 69 4617 180 4692; x_wconf 84' lang='lat' dir='ltr'><strong>diceret</strong></span> <span class='ocrx_word' id='word_1_550' title='bbox 211 4621 354 4692; x_wconf 91' lang='lat' dir='ltr'><strong>cuidam</strong></span> <span class='ocrx_word' id='word_1_551' title='bbox 384 4615 684 4698; x_wconf 87' lang='lat' dir='ltr'><strong>Lacedaemonio,</strong></span> <span class='ocrx_word' id='word_1_552' title='bbox 717 4615 925 4707; x_wconf 91' lang='lat' dir='ltr'><strong>iuberetque</strong></span> <span class='ocrx_word' id='word_1_553' title='bbox 954 4637 1035 4684; x_wconf 87' lang='lat' dir='ltr'><strong>eum</strong></span> <span class='ocrx_word' id='word_1_554' title='bbox 1086 4607 1293 4706; x_wconf 88' lang='lat' dir='ltr'><strong>prehendit,</strong></span> <span class='ocrx_word' id='word_1_555' title='bbox 1319 4613 1381 4682; x_wconf 89' lang='lat' dir='ltr'><strong>sed</strong></span> <span class='ocrx_word' id='word_1_556' title='bbox 1405 4612 1496 4684; x_wconf 91' lang='lat' dir='ltr'><strong>illud</strong></span> <span class='ocrx_word' id='word_1_557' title='bbox 1521 4615 1589 4686; x_wconf 89' lang='lat' dir='ltr'><strong>suit</strong></span> <span class='ocrx_word' id='word_1_558' title='bbox 1610 4619 1831 4708; x_wconf 88' lang='lat' dir='ltr'><strong>addendum,</strong></span> <span class='ocrx_word' id='word_1_559' title='bbox 1858 4621 2072 4720; x_wconf 89' lang='lat' dir='ltr'><strong>Dionysium</strong></span> 
     </span>
     <span class='ocr_line' id='line_1_44' title="bbox 70 4714 2074 4809; baseline 0.008 -28"><span class='ocrx_word' id='word_1_560' title='bbox 70 4723 168 4796; x_wconf 80' lang='lat' dir='ltr'><strong>sandi,</strong></span> <span class='ocrx_word' id='word_1_561' title='bbox 200 4720 354 4794; x_wconf 78' lang='lat' dir='ltr'><strong>Avectus</strong></span> <span class='ocrx_word' id='word_1_562' title='bbox 367 4719 477 4809; x_wconf 88' lang='lat' dir='ltr'><strong>igitur</strong></span> <span class='ocrx_word' id='word_1_563' title='bbox 490 4717 591 4788; x_wconf 91' lang='lat' dir='ltr'><strong>Plato</strong></span> <span class='ocrx_word' id='word_1_564' title='bbox 606 4718 646 4786; x_wconf 90' lang='lat' dir='ltr'><strong>in</strong></span> <span class='ocrx_word' id='word_1_565' title='bbox 660 4714 808 4806; x_wconf 86' lang='lat' dir='ltr'><strong>Aegina,</strong></span> <span class='ocrx_word' id='word_1_566' title='bbox 832 4719 1036 4808; x_wconf 86' lang='lat' dir='ltr'><strong>redemptus</strong></span> <span class='ocrx_word' id='word_1_567' title='bbox 1087 4726 1396 4806; x_wconf 86' lang='lat' dir='ltr'><strong>proptermutatos</strong></span> <span class='ocrx_word' id='word_1_568' title='bbox 1410 4737 1543 4802; x_wconf 81' lang='lat' dir='ltr'><strong>mores,</strong></span> <span class='ocrx_word' id='word_1_569' title='bbox 1569 4721 1716 4808; x_wconf 84' lang='lat' dir='ltr'><strong>re&#39;gnum</strong></span> <span class='ocrx_word' id='word_1_570' title='bbox 1732 4723 1942 4796; x_wconf 88' lang='lat' dir='ltr'><strong>amissurum</strong></span> <span class='ocrx_word' id='word_1_571' title='bbox 1956 4729 2074 4805; x_wconf 88' lang='lat' dir='ltr'><strong>fuisse.</strong></span> 
     </span>
     <span class='ocr_line' id='line_1_45' title="bbox 72 4814 2074 4914; baseline 0.004 -21.837"><span class='ocrx_word' id='word_1_572' title='bbox 72 4835 112 4893; x_wconf 86' lang='lat' dir='ltr'><strong>est</strong></span> <span class='ocrx_word' id='word_1_573' title='bbox 123 4848 140 4894; x_wconf 92' lang='lat' dir='ltr'><strong>a</strong></span> <span class='ocrx_word' id='word_1_574' title='bbox 151 4821 266 4895; x_wconf 91' lang='lat' dir='ltr'><strong>Dione</strong></span> <span class='ocrx_word' id='word_1_575' title='bbox 279 4823 387 4892; x_wconf 89' lang='lat' dir='ltr'><strong>minis</strong></span> <span class='ocrx_word' id='word_1_576' title='bbox 403 4821 560 4914; x_wconf 89' lang='lat' dir='ltr'><strong>triginta,</strong></span> <span class='ocrx_word' id='word_1_577' title='bbox 585 4815 654 4888; x_wconf 90' lang='lat' dir='ltr'><strong>hoc</strong></span> <span class='ocrx_word' id='word_1_578' title='bbox 668 4831 729 4905; x_wconf 89' lang='lat' dir='ltr'><strong>cst,</strong></span> <span class='ocrx_word' id='word_1_579' title='bbox 754 4819 920 4889; x_wconf 89' lang='lat' dir='ltr'><strong>trecentis</strong></span> <span class='ocrx_word' id='word_1_580' title='bbox 935 4841 1036 4888; x_wconf 88' lang='lat' dir='ltr'><strong>coro·</strong></span> <span class='ocrx_word' id='word_1_581' title='bbox 1085 4814 1165 4888; x_wconf 84' lang='lat' dir='ltr'><strong>Etsi</strong></span> <span class='ocrx_word' id='word_1_582' title='bbox 1180 4829 1298 4886; x_wconf 90' lang='lat' dir='ltr'><strong>autem</strong></span> <span class='ocrx_word' id='word_1_583' title='bbox 1313 4829 1487 4910; x_wconf 84' lang='lat' dir='ltr'><strong>tyrannus</strong></span> <span class='ocrx_word' id='word_1_584' title='bbox 1501 4819 1653 4890; x_wconf 89' lang='lat' dir='ltr'><strong>retinere</strong></span> <span class='ocrx_word' id='word_1_585' title='bbox 1667 4820 1851 4895; x_wconf 88' lang='lat' dir='ltr'><strong>Platonem</strong></span> <span class='ocrx_word' id='word_1_586' title='bbox 1873 4841 1946 4898; x_wconf 91' lang='lat' dir='ltr'><strong>arte</strong></span> <span class='ocrx_word' id='word_1_587' title='bbox 1967 4853 2074 4900; x_wconf 90' lang='lat' dir='ltr'><strong>cona·</strong></span> 
     </span>
     <span class='ocr_line' id='line_1_46' title="bbox 72 4918 2074 5020; baseline 0.006 -31"><span class='ocrx_word' id='word_1_588' title='bbox 72 4925 162 5011; x_wconf 88' lang='lat' dir='ltr'><strong>natis,</strong></span> <span class='ocrx_word' id='word_1_589' title='bbox 184 4924 542 5016; x_wconf 83' lang='lat' dir='ltr'><strong>utnnncloqnimnr.</strong></span> <span class='ocrx_word' id='word_1_590' title='bbox 583 4919 731 4992; x_wconf 90' lang='lat' dir='ltr'><strong>Mortuo</strong></span> <span class='ocrx_word' id='word_1_591' title='bbox 743 4933 842 5014; x_wconf 88' lang='lat' dir='ltr'><strong>patre</strong></span> <span class='ocrx_word' id='word_1_592' title='bbox 858 4944 938 4991; x_wconf 89' lang='lat' dir='ltr'><strong>cum</strong></span> <span class='ocrx_word' id='word_1_593' title='bbox 957 4941 1037 4989; x_wconf 89' lang='lat' dir='ltr'><strong>suc-</strong></span> <span class='ocrx_word' id='word_1_594' title='bbox 1086 4933 1164 5003; x_wconf 87' lang='lat' dir='ltr'><strong>tur,</strong></span> <span class='ocrx_word' id='word_1_595' title='bbox 1195 4930 1315 4987; x_wconf 89' lang='lat' dir='ltr'><strong>tamen</strong></span> <span class='ocrx_word' id='word_1_596' title='bbox 1344 4919 1525 5010; x_wconf 86' lang='lat' dir='ltr'><strong>suspicans</strong></span> <span class='ocrx_word' id='word_1_597' title='bbox 1551 4918 1673 5007; x_wconf 90' lang='lat' dir='ltr'><strong>Plato,</strong></span> <span class='ocrx_word' id='word_1_598' title='bbox 1705 4923 1741 4994; x_wconf 89' lang='lat' dir='ltr'><strong>id</strong></span> <span class='ocrx_word' id='word_1_599' title='bbox 1763 4930 1858 5020; x_wconf 93' lang='lat' dir='ltr'><strong>quod</strong></span> <span class='ocrx_word' id='word_1_600' title='bbox 1881 4945 1971 5016; x_wconf 89' lang='lat' dir='ltr'><strong>erat,</strong></span> <span class='ocrx_word' id='word_1_601' title='bbox 2005 4932 2074 5002; x_wconf 90' lang='lat' dir='ltr'><strong>sibi</strong></span> 
     </span>
     <span class='ocr_line' id='line_1_47' title="bbox 74 5017 2164 5117; baseline 0.008 -27"><span class='ocrx_word' id='word_1_602' title='bbox 74 5027 187 5100; x_wconf 84' lang='lat' dir='ltr'><strong>cederet</strong></span> <span class='ocrx_word' id='word_1_603' title='bbox 201 5024 403 5098; x_wconf 86' lang='lat' dir='ltr'><strong>adolescens</strong></span> <span class='ocrx_word' id='word_1_604' title='bbox 418 5023 624 5117; x_wconf 88' lang='lat' dir='ltr'><strong>Dionysius,</strong></span> <span class='ocrx_word' id='word_1_605' title='bbox 641 5038 675 5094; x_wconf 90' lang='lat' dir='ltr'><strong>et</strong></span> <span class='ocrx_word' id='word_1_606' title='bbox 688 5023 875 5115; x_wconf 88' lang='lat' dir='ltr'><strong>praecipue</strong></span> <span class='ocrx_word' id='word_1_607' title='bbox 889 5022 1036 5092; x_wconf 90' lang='lat' dir='ltr'><strong>consilio</strong></span> <span class='ocrx_word' id='word_1_608' title='bbox 1087 5031 1231 5112; x_wconf 88' lang='lat' dir='ltr'><strong>propter</strong></span> <span class='ocrx_word' id='word_1_609' title='bbox 1242 5019 1396 5090; x_wconf 90' lang='lat' dir='ltr'><strong>Dionem</strong></span> <span class='ocrx_word' id='word_1_610' title='bbox 1422 5017 1589 5092; x_wconf 90' lang='lat' dir='ltr'><strong>nonnihit</strong></span> <span class='ocrx_word' id='word_1_611' title='bbox 1612 5047 1686 5094; x_wconf 85' lang='lat' dir='ltr'><strong>csse</strong></span> <span class='ocrx_word' id='word_1_612' title='bbox 1708 5029 1875 5117; x_wconf 88' lang='lat' dir='ltr'><strong>periculi,</strong></span> <span class='ocrx_word' id='word_1_613' title='bbox 1901 5034 2022 5106; x_wconf 89' lang='lat' dir='ltr'><strong>avellit</strong></span> <span class='ocrx_word' id='word_1_614' title='bbox 2038 5057 2075 5105; x_wconf 87' lang='lat' dir='ltr'><strong>se</strong></span> <span class='ocrx_word' id='word_1_615' title='bbox 2161 5045 2164 5050; x_wconf 85' lang='lat'>&#39;</span> 
     </span>
     <span class='ocr_line' id='line_1_48' title="bbox 72 5119 2074 5226; baseline 0.006 -32"><span class='ocrx_word' id='word_1_616' title='bbox 72 5121 178 5199; x_wconf 88' lang='lat' dir='ltr'><strong>Dionis</strong></span> <span class='ocrx_word' id='word_1_617' title='bbox 192 5143 389 5220; x_wconf 86' lang='lat' dir='ltr'><strong>regeretur,</strong></span> <span class='ocrx_word' id='word_1_618' title='bbox 414 5147 453 5195; x_wconf 85' lang='lat' dir='ltr'><strong>ac</strong></span> <span class='ocrx_word' id='word_1_619' title='bbox 467 5125 564 5198; x_wconf 86' lang='lat' dir='ltr'><strong>Dion</strong></span> <span class='ocrx_word' id='word_1_620' title='bbox 580 5126 735 5196; x_wconf 88' lang='lat' dir='ltr'><strong>iuvenile</strong></span> <span class='ocrx_word' id='word_1_621' title='bbox 751 5125 933 5215; x_wconf 86' lang='lat' dir='ltr'><strong>ingenium</strong></span> <span class='ocrx_word' id='word_1_622' title='bbox 949 5121 1038 5193; x_wconf 90' lang='lat' dir='ltr'><strong>Dio·</strong></span> <span class='ocrx_word' id='word_1_623' title='bbox 1083 5148 1108 5202; x_wconf 82' lang='lat' dir='ltr'><strong>a</strong></span> <span class='ocrx_word' id='word_1_624' title='bbox 1133 5119 1307 5216; x_wconf 88' lang='lat' dir='ltr'><strong>Dionysio</strong></span> <span class='ocrx_word' id='word_1_625' title='bbox 1330 5121 1462 5215; x_wconf 81' lang='lat' dir='ltr'><strong>quibus</strong></span> <span class='ocrx_word' id='word_1_626' title='bbox 1485 5138 1601 5215; x_wconf 88' lang='lat' dir='ltr'><strong>potest</strong></span> <span class='ocrx_word' id='word_1_627' title='bbox 1621 5128 1753 5198; x_wconf 88' lang='lat' dir='ltr'><strong>modis:</strong></span> <span class='ocrx_word' id='word_1_628' title='bbox 1777 5131 1971 5204; x_wconf 89' lang='lat' dir='ltr'><strong>dimittitur</strong></span> <span class='ocrx_word' id='word_1_629' title='bbox 1993 5159 2074 5226; x_wconf 90' lang='lat' dir='ltr'><strong>ergo</strong></span> 
     </span>
     <span class='ocr_line' id='line_1_49' title="bbox 74 5225 2076 5322; baseline 0.007 -27"><span class='ocrx_word' id='word_1_630' title='bbox 74 5229 149 5318; x_wconf 88' lang='lat' dir='ltr'><strong>nysii</strong></span> <span class='ocrx_word' id='word_1_631' title='bbox 176 5234 220 5301; x_wconf 90' lang='lat' dir='ltr'><strong>ad</strong></span> <span class='ocrx_word' id='word_1_632' title='bbox 247 5232 431 5318; x_wconf 84' lang='lat' dir='ltr'><strong>virtutem,</strong></span> <span class='ocrx_word' id='word_1_633' title='bbox 478 5226 651 5296; x_wconf 89' lang='lat' dir='ltr'><strong>iusticiam</strong></span> <span class='ocrx_word' id='word_1_634' title='bbox 692 5241 727 5298; x_wconf 88' lang='lat' dir='ltr'><strong>et</strong></span> <span class='ocrx_word' id='word_1_635' title='bbox 758 5226 1037 5297; x_wconf 87' lang='lat' dir='ltr'><strong>moderationem</strong></span> <span class='ocrx_word' id='word_1_636' title='bbox 1088 5247 1162 5296; x_wconf 91' lang='lat' dir='ltr'><strong>non</strong></span> <span class='ocrx_word' id='word_1_637' title='bbox 1179 5225 1255 5292; x_wconf 90' lang='lat' dir='ltr'><strong>sine</strong></span> <span class='ocrx_word' id='word_1_638' title='bbox 1270 5244 1435 5310; x_wconf 88' lang='lat' dir='ltr'><strong>munere;</strong></span> <span class='ocrx_word' id='word_1_639' title='bbox 1461 5225 1623 5300; x_wconf 88' lang='lat' dir='ltr'><strong>scribunt</strong></span> <span class='ocrx_word' id='word_1_640' title='bbox 1638 5229 1733 5298; x_wconf 85' lang='lat' dir='ltr'><strong>enim</strong></span> <span class='ocrx_word' id='word_1_641' title='bbox 1749 5234 1924 5322; x_wconf 88' lang='lat' dir='ltr'><strong>octoginta</strong></span> <span class='ocrx_word' id='word_1_642' title='bbox 1945 5237 2076 5308; x_wconf 89' lang='lat' dir='ltr'><strong>talenta</strong></span> 
     </span>
     <span class='ocr_line' id='line_1_50' title="bbox 76 5321 2078 5434; baseline 0.007 -40"><span class='ocrx_word' id='word_1_643' title='bbox 76 5326 191 5402; x_wconf 85' lang='lat' dir='ltr'><strong>flectere</strong></span> <span class='ocrx_word' id='word_1_644' title='bbox 211 5331 371 5404; x_wconf 66' lang='lat' dir='ltr'><strong>dandina</strong></span> <span class='ocrx_word' id='word_1_645' title='bbox 388 5343 424 5400; x_wconf 88' lang='lat' dir='ltr'><strong>ct</strong></span> <span class='ocrx_word' id='word_1_646' title='bbox 439 5329 628 5400; x_wconf 90' lang='lat' dir='ltr'><strong>autoritate</strong></span> <span class='ocrx_word' id='word_1_647' title='bbox 650 5329 819 5419; x_wconf 90' lang='lat' dir='ltr'><strong>sapientis</strong></span> <span class='ocrx_word' id='word_1_648' title='bbox 835 5328 904 5397; x_wconf 85' lang='lat' dir='ltr'><strong>viri</strong></span> <span class='ocrx_word' id='word_1_649' title='bbox 921 5328 1040 5410; x_wconf 85' lang='lat' dir='ltr'><strong>vellet,</strong></span> <span class='ocrx_word' id='word_1_650' title='bbox 1088 5328 1120 5398; x_wconf 89' lang='lat' dir='ltr'><strong>ei</strong></span> <span class='ocrx_word' id='word_1_651' title='bbox 1136 5327 1267 5398; x_wconf 90' lang='lat' dir='ltr'><strong>donata</strong></span> <span class='ocrx_word' id='word_1_652' title='bbox 1284 5348 1375 5411; x_wconf 89' lang='lat' dir='ltr'><strong>esse,</strong></span> <span class='ocrx_word' id='word_1_653' title='bbox 1399 5321 1554 5413; x_wconf 83' lang='lat' dir='ltr'><strong>horest,</strong></span> <span class='ocrx_word' id='word_1_654' title='bbox 1579 5345 1657 5400; x_wconf 91' lang='lat' dir='ltr'><strong>octo</strong></span> <span class='ocrx_word' id='word_1_655' title='bbox 1674 5345 1708 5401; x_wconf 89' lang='lat' dir='ltr'><strong>et</strong></span> <span class='ocrx_word' id='word_1_656' title='bbox 1724 5334 1981 5434; x_wconf 82' lang='lat' dir='ltr'><strong>quinquaginta</strong></span> <span class='ocrx_word' id='word_1_657' title='bbox 1994 5341 2078 5409; x_wconf 81' lang='lat' dir='ltr'><strong>mil-</strong></span> 
     </span>
    </p>
   </div>
   <div class='ocr_carea' id='block_1_5' title="bbox 77 5427 2206 5640">
    <p class='ocr_par' dir='ltr' id='par_1_5' title="bbox 35 5427 2206 5640">
     <span class='ocr_line' id='line_1_51' title="bbox 77 5427 2206 5536; baseline 0.008 -38.652"><span class='ocrx_word' id='word_1_658' title='bbox 77 5435 187 5506; x_wconf 86' lang='lat' dir='ltr'><strong>censuit</strong></span> <span class='ocrx_word' id='word_1_659' title='bbox 218 5436 418 5506; x_wconf 85' lang='lat' dir='ltr'><strong>vocandum</strong></span> <span class='ocrx_word' id='word_1_660' title='bbox 445 5449 523 5500; x_wconf 78' lang='lat' dir='ltr'><strong>‘esse</strong></span> <span class='ocrx_word' id='word_1_661' title='bbox 555 5427 754 5508; x_wconf 87' lang='lat' dir='ltr'><strong>Platonem.</strong></span> <span class='ocrx_word' id='word_1_662' title='bbox 811 5427 891 5504; x_wconf 84' lang='lat' dir='ltr'><strong>Etsi</strong></span> <span class='ocrx_word' id='word_1_663' title='bbox 921 5429 1039 5524; x_wconf 84' lang='lat' dir='ltr'><strong>priora</strong></span> <span class='ocrx_word' id='word_1_664' title='bbox 1088 5429 1139 5502; x_wconf 84' lang='lat' dir='ltr'><strong>tia</strong></span> <span class='ocrx_word' id='word_1_665' title='bbox 1160 5441 1422 5505; x_wconf 80' lang='lat' dir='ltr'><strong>coronatorum,</strong></span> <span class='ocrx_word' id='word_1_666' title='bbox 1473 5428 1586 5504; x_wconf 85' lang='lat' dir='ltr'><strong>Redit</strong></span> <span class='ocrx_word' id='word_1_667' title='bbox 1607 5432 1716 5525; x_wconf 84' lang='lat' dir='ltr'><strong>igitur</strong></span> <span class='ocrx_word' id='word_1_668' title='bbox 1730 5431 1890 5518; x_wconf 78' lang='lat' dir='ltr'><strong>Athenas</strong></span> <span class='ocrx_word' id='word_1_669' title='bbox 1908 5456 2011 5536; x_wconf 86' lang='lat' dir='ltr'><strong>atque</strong></span> <span class='ocrx_word' id='word_1_670' title='bbox 2029 5443 2079 5512; x_wconf 89' lang='lat' dir='ltr'><strong>ibi</strong></span> <span class='ocrx_word' id='word_1_671' title='bbox 2196 5493 2206 5514; x_wconf 52' lang='lat' dir='ltr'><em>s</em></span> 
     </span>
     <span class='ocr_line' id='line_1_52' title="bbox 113 5526 1470 5640; baseline -0.003 -36"><span class='ocrx_word' id='word_1_672' title='bbox 113 5535 279 5609; x_wconf 72' lang='grc' dir='ltr'><strong>ΙΙιιιιτι.</strong></span> <span class='ocrx_word' id='word_1_673' title='bbox 305 5540 411 5610; x_wconf 74' lang='lat' dir='ltr'><strong>ores.</strong></span> <span class='ocrx_word' id='word_1_674' title='bbox 435 5526 519 5610; x_wconf 78' lang='lat' dir='ltr'><strong>Vos.</strong></span> <span class='ocrx_word' id='word_1_675' title='bbox 548 5535 613 5606; x_wconf 78' lang='grc' dir='ltr'><strong>ΧΙ.</strong></span> <span class='ocrx_word' id='word_1_676' title='bbox 871 5635 873 5640; x_wconf 21' lang='grc' dir='ltr'>Ι</span> <span class='ocrx_word' id='word_1_677' title='bbox 1419 5528 1470 5603; x_wconf 76' lang='lat'><strong>27</strong></span> 
     </span>
    </p>
   </div>
   <div class='ocr_carea' id='block_1_6' title="bbox 0 0 2323 5812">
    <p class='ocr_par' dir='ltr' id='par_1_6' title="bbox 0 0 2323 5812">
     <span class='ocr_line' id='line_1_53' title="bbox 0 0 2323 5812; baseline 0 0"><span class='ocrx_word' id='word_1_678' title='bbox 0 0 2323 5812; x_wconf 95' lang='lat' dir='ltr'><strong> </strong></span> 
     </span>
    </p>
   </div>
  </div>
 </body>
</html>
