4616 5816
247 201 322 344 us
969 259 1131 347 naeu
1160 261 1237 344 os
1268 207 1560 345 retrorsa.
2195 275 2261 349 m

243 439 439 514 accederet:
465 445 567 506 eram
579 431 675 504 enirn
691 431 790 506 domi
808 447 905 508 ortae
922 435 1017 508 iuter
1038 437 1131 510 cives
1148 462 1232 532 per-
1282 449 1333 512 est
1341 436 1521 526 Socrates,
1543 438 1607 533 qui
1619 439 1688 516 aits
1714 438 1761 514 Se
1777 441 2062 538 pridiequaruad
2078 447 2194 540 ipsum
2210 471 2262 518 ve-

139 613 141 620 ,
244 543 397 614 niciosae
412 535 658 610 dissensiones.
709 533 784 606 Has
799 551 915 608 secuta
932 552 983 610 est
1005 539 1122 612 clades
1136 541 1232 628 loris,
1280 541 1389 612 nisset
1404 539 1523 628 Plato,
1547 534 1758 628 somniasse,
1782 565 1935 638 cygnum
1952 571 1988 618 se
2011 549 2049 620 iu
2065 543 2199 636 gremio
2217 553 2288 621 te?

244 646 308 716 ubi
331 667 353 714 a
375 639 559 736 Lysandro
590 636 674 705 victi
706 651 790 710 sunt
818 635 1070 728 Athenienscs;
1102 643 1231 713 deinde
1280 667 1383 728 nere,
1409 643 1469 734 qui
1495 643 1624 714 deinde
1649 647 1794 714 evolans
1818 647 1855 716 in
1885 649 2016 732 altum,
2051 652 2264 722 dulcissimos
2287 659 2288 720 l

237 759 343 838 ¹capta
357 742 501 826 civitas,
534 762 606 832 quo
621 761 716 807 anno
730 737 829 810 Plato
846 741 914 810 suit
930 756 1034 814 natus
1048 767 1161 814 annos
1178 744 1231 814 vi-
1280 758 1403 814 eautus
1429 745 1591 818 ediderit.
1640 743 1747 818 Hunc
1768 769 1921 841 cygnum
1947 751 1997 820 ait
2021 750 2168 822 Graecis
2191 751 2264 822 Pla-
2287 731 2288 810 i

244 847 334 940 giuti
357 857 439 918 tres.
497 839 603 910 Tunc
622 840 736 932 patria
756 842 850 912 tristi
871 843 1040 916 servitute
1065 869 1230 936 oppressa
1280 857 1401 916 tunem
1422 845 1580 916 luturum
1603 869 1687 916 esse.
1744 847 1833 918 Cum
1860 850 1969 940 igitur
1995 851 2177 922 Socratem
2206 856 2263 924 ali·

243 942 563 1020 aLacedaemoniis
586 954 621 1012 et
640 965 659 1012 a
682 941 826 1031 triginta
839 946 1010 1038 tyrannis,
1035 945 1137 1030 Plato
1151 971 1230 1016 cum
1281 946 1439 1039 quandiu
1456 949 1629 1028 audisset,
1656 971 1720 1018 nec
1738 963 1925 1024 contentus
1948 967 2036 1024 esset
2061 955 2135 1024 illis
2158 975 2263 1048 popu·
2287 953 2288 976 ¹

242 1047 388 1120 haberet
405 1044 587 1134 ingenium
607 1037 802 1114 abhorrens
818 1069 837 1114 a
853 1046 1017 1118 civilibus
1036 1047 1232 1130 discordiis,
1281 1048 1414 1118 laribus
1428 1048 1727 1140 disputationibus
1740 1052 1784 1120 de
1799 1051 1870 1122 vita
1887 1067 1922 1123 et
1940 1055 2109 1135 moribus,
2135 1061 2194 1126 sed
2209 1061 2264 1128 ad·

243 1167 276 1224 et
290 1152 334 1220 ab
352 1148 478 1232 armis,
504 1160 538 1216 et
551 1145 732 1214 doctrinae
749 1170 888 1230 amans,
912 1151 1146 1218 secedendum
1161 1149 1231 1218 sibi
1281 1150 1494 1239 iungendam
1514 1173 1587 1218 esse
1606 1167 1763 1224 censeret
1779 1154 1977 1224 doctrinam
2000 1158 2045 1226 de
2068 1163 2189 1228 rerum
2210 1185 2265 1228 na-

242 1276 316 1324 esse
331 1251 454 1334 duxit,
481 1248 562 1340 quia
587 1269 701 1339 neque
717 1271 819 1338 opem
836 1249 974 1320 adferre
988 1251 1107 1320 ruenti
1123 1265 1157 1320 et
1170 1253 1232 1320 de-
1280 1263 1379 1332 tura,
1405 1251 1530 1342 petivit
1546 1249 1766 1346 Aegyptum,
1791 1249 1985 1348 habuitque
2006 1259 2154 1328 comites
2176 1285 2265 1351 pere-

242 1353 403 1445 llagranti
435 1350 568 1442 patriae
591 1361 745 1439 poterat,
781 1372 896 1443 neque
917 1353 957 1420 in
986 1365 1058 1424 tarn
1085 1352 1232 1422 immani
1280 1351 1490 1442 grinationis
1505 1349 1695 1422 Eudoxum
1721 1368 1754 1424 et
1771 1353 1918 1426 Postam
1934 1353 2161 1450 Euripidem.
2201 1361 2288 1431 Nec*

243 1456 388 1529 saevitia
412 1451 557 1540 triginta
580 1464 813 1542 tyrannorum
836 1465 871 1522 et
895 1454 1046 1524 assiduis
1068 1453 1232 1526 tumulti·
1281 1477 1365 1522 vero
1388 1454 1534 1533 dubito,
1567 1455 1656 1546 quin
1679 1455 1854 1536 divinitus
1876 1451 1961 1528 haec
1988 1461 2204 1544 acciderint,
2232 1477 2266 1532 ut

242 1561 327 1644 bus,
352 1557 492 1626 futunrs
509 1552 634 1620 eratin
654 1564 743 1624 tuto.
782 1549 923 1624 Dicitur
936 1567 1053 1624 tamen
1072 1570 1155 1626 ante
1171 1579 1233 1647 pa·
1281 1549 1348 1624 hoc
1362 1557 1470 1623 modo
1488 1555 1590 1624 latius
1608 1571 1860 1646 propagaretur
1874 1574 1972 1630 vetos
1987 1575 2020 1632 et
2038 1560 2265 1634 eruditaPhi·

243 1661 331 1732 triae
347 1654 533 1731 excidium,
560 1665 595 1722 et
610 1665 691 1722 ante
706 1651 825 1720 civiles
841 1655 1034 1726 discordias
1048 1657 1232 1728 militasse:
1281 1651 1908 1746 losophiademotibuscoelestibus.
1965 1657 2043 1730 Etsi
2061 1665 2160 1732 enim
2177 1661 2288 1750 Tha-3

243 1764 304 1832 sed
334 1759 417 1851 quia
451 1757 557 1824 breve
587 1755 799 1847 tyrocinium
832 1755 919 1840 luit,
959 1779 1234 1828 commemorare
1281 1757 1331 1826 les
1345 1772 1445 1829 antea
1460 1757 1668 1846 particulam
1684 1761 1863 1852 quandam
1877 1761 1951 1830 eiua
1966 1757 2288 1836 doetrinaeGrael

243 1859 521 1950 nihilopusest.
550 1851 592 1924 ln
608 1877 740 1924 secessu
756 1855 892 1928 audivit
906 1853 1092 1928 Euclidem
1112 1857 1233 1948 Mega·
1281 1859 1330 1928 cis
1351 1859 1563 1939 tradiderat,
1599 1872 1719 1930 tamen
1746 1855 1832 1930 haee
1855 1885 1978 1933 rursus
2009 1867 2165 1937 extincta
2190 1879 2266 1940 erat.

243 1965 305 2044 ris,
332 1985 411 2032 eum
427 1957 572 2050 opinor,
597 1955 697 2024 cuius
714 1953 917 2028 Geometria
936 1973 1042 2030 extat.
1094 1959 1233 2032 Deinde
1282 1957 1403 2047 Quare
1428 1960 1561 2051 optime
1579 1960 1698 2030 meriti
1720 1975 1805 2032 sunt
1819 1959 1920 2032 Plato
1944 1977 1979 2035 et
1994 1961 2188 2054 Eudoxus,
2213 1967 2288 2062 qui*

243 2089 325 2138 eum
349 2087 390 2132 eo
411 2074 568 2149 tempore
589 2055 627 2124 in
644 2055 745 2127 ltalia
766 2058 908 2129 floreret
923 2061 1084 2132 doctrina
1103 2057 1234 2156 Pytha·
1282 2085 1359 2132 earn
1375 2085 1450 2130 non
1464 2063 1571 2130 modo
1587 2084 1628 2130 er
1644 2058 1804 2156 Aegypto
1820 2063 1858 2132 in
1869 2060 2054 2139 Graeciam
2071 2093 2197 2138 rursus
2211 2071 2268 2138 ad.

243 2187 451 2258 goreorum,
475 2175 510 2230 et
523 2179 650 2248 magna
666 2158 703 2228 in
719 2159 952 2248 admiratione
966 2177 1054 2236 esset
1070 2159 1233 2234 Architas
1281 2173 1472 2247 vexerunt,
1498 2164 1559 2232 sed
1583 2162 1688 2232 etiam
1710 2178 1751 2235 ut
1773 2180 2024 2254 propagarent,
2050 2171 2268 2241 auditoribus

244 2265 482 2348 Tarentinus,
515 2259 693 2348 navigavit
712 2259 750 2329 in
772 2257 930 2349 ltaliam,
961 2264 1024 2334 ubi
1046 2261 1233 2338 Architam
1281 2265 1516 2336 tradiderunt.
1569 2259 1740 2341 Eudoxus
1756 2289 1839 2334 vero
1854 2265 1998 2360 reliquit
2013 2271 2118 2338 etiam
2137 2271 2268 2342 tabulas
2287 2339 2288 2366 ,

178 2357 182 2364 ’
243 2387 280 2442 et
303 2367 491 2440 Timaeum
512 2361 667 2452 audivit,
701 2363 745 2431 de
778 2375 923 2434 naturae
954 2365 1067 2436 initiis
1094 2381 1128 2440 et
1154 2367 1233 2457 opi·
1281 2379 1444 2435 motuum
1469 2379 1504 2434 et
1527 2366 1614 2435 anni
1639 2365 1913 2442 ordinationem.
1956 2366 2007 2438 lta
2021 2372 2171 2442 excitata
2190 2369 2288 2456 haec}

245 2472 323 2544 licio
332 2521 344 2556 ,
370 2481 403 2538 et
429 2465 498 2536 alia
523 2464 693 2558 quaedam
713 2457 863 2558 Physica
884 2467 1118 2558 disputantes:
1144 2491 1234 2560 quae
1282 2467 1462 2552 doctrina,
1494 2467 1558 2538 diu
1585 2463 1804 2538 Graecorum
1826 2469 1953 2538 studiis
1979 2488 2188 2544 conservata
2213 2487 2269 2556 est,

245 2573 362 2668 qualia
377 2567 528 2650 luerint,
555 2588 595 2634 ex
609 2564 705 2632 libro
722 2588 826 2656 quem
843 2565 1022 2658 inscripsit
1036 2568 1234 2653 Timaeum,
1283 2569 1382 2638 cuius
1401 2567 1608 2657 dignitatern
1624 2581 1729 2662 atque
1743 2569 1943 2654 utilitatem,
1966 2572 2011 2656 si,
2037 2585 2077 2644 ut
2093 2576 2268 2658 debemus,

228 2670 423 2746 *aestimari
461 2678 590 2760 potest5
624 2679 709 2738 sunt
741 2666 836 2736 eninr
868 2671 1042 2761 quaedam
1060 2665 1234 2765 ‚Physices
1281 2669 1568 2757 magnifacimus,
1589 2663 1646 2738 his
1670 2669 1795 2759 primis
1818 2673 2003 2742 autoribus
2025 2677 2186 2766 prolecto
2210 2672 2288 2746 ha»

245 2775 368 2857 initia,
392 2772 436 2840 de
458 2781 540 2840 ortu
561 2765 708 2852 mundi,
733 2767 777 2838 de
798 2769 935 2859 duplici
959 2785 1059 2844 motu
1080 2771 1234 2856 coelesti,
1282 2771 1398 2841 benda
1424 2784 1478 2840 est
1503 2771 1625 2860 gratia.
1676 2769 1790 2860 Digna
1820 2786 1871 2842 est
1898 2771 2004 2843 etiam
2037 2776 2269 2848 admiratione

191 2861 200 2968 Ἰ
245 2877 308 2971 qui
330 2872 455 2958 efficit,
486 2885 526 2942 ut
550 2869 622 2960 ipse
651 2869 786 2962 inquit,
822 2869 1015 2942 literamX
1039 2874 1085 2942 de
1107 2873 1233 2942 ordine
1282 2895 1406 2942 eorum
1420 2872 1549 2956 virtus,
1573 2871 1670 2966 quod
1685 2895 1759 2941 nun
1774 2873 2028 2948 dubitaverunt
2041 2889 2111 2946 tam
2130 2879 2288 2968 longia-t

245 2979 492 3058 Planetarum,
525 2973 569 3040 de
591 2969 680 3038 serie
702 2971 978 3058 elementorum,
1012 2975 1056 3044 de
1079 2968 1234 3046 hominis
1284 2997 1371 3069 quas
1393 2973 1692 3068 peregrinationes
1715 2995 1843 3063 magno
1871 2999 1951 3045 cum
1974 2978 2096 3048 labore
2118 2993 2156 3050 et
2181 2979 2269 3070 peri-

247 3077 484 3172 generatione,
510 3075 692 3140 denatura
709 3065 913 3156 humorum,
932 3076 975 3144 de
993 3069 1142 3144 humani
1155 3100 1235 3146 cor·
1283 3077 1364 3148 culo
1378 3075 1565 3165 suscipere,
1591 3075 1749 3146 veritatis
1762 3079 1983 3167 quaerendae
1997 3101 2110 3154 causa.
2156 3079 2267 3169 Quam
2287 3101 2288 3184 p

246 3181 345 3274 poris
358 3173 543 3258 membris,
569 3175 613 3242 de
627 3171 757 3258 anima,
783 3175 826 3244 tle
842 3171 919 3244 Deo
936 3176 1060 3267 opifice
1076 3193 1234 3250 naturae.
1284 3200 1381 3248 acres
1404 3177 1442 3244 in
1458 3177 1603 3246 illorum
1620 3175 1749 3246 animis
1771 3176 1929 3259 stimuli,
1956 3180 2072 3272 qualis
2091 3177 2269 3252 enthusia·
2287 3213 2288 3276 ;

246 3283 344 3354 Haec
364 3277 519 3350 breviter
539 3275 577 3346 iu
595 3273 742 3344 Timaeo
765 3275 967 3367 complexus
991 3290 1062 3362 est,
1085 3281 1148 3350 ubi
1169 3279 1234 3348 etsi
1284 3301 1380 3350 smera
1401 3277 1469 3348 suit
1491 3279 1535 3346 ad
1552 3278 1811 3366 investigandas
1833 3303 1887 3348 res
1907 3281 2109 3369 cognitione
2126 3281 2288 3372 dignasi?

245 3398 330 3458 sont
347 3381 518 3474 quaedam
539 3376 735 3466 aenigmata
758 3372 996 3462 arithmetica,
1016 3392 1134 3450 tamen
1149 3381 1234 3450 reli·
1285 3379 1359 3452 Nos
1379 3392 1502 3450 eontra
1518 3381 1651 3468 pudeat
1668 3392 1807 3449 nostrae
1823 3381 1996 3468 ignaviae,
2022 3383 2084 3476 qui
2101 3385 2270 3454 divinitus
2287 3389 2288 3426 ³

246 3511 315 3581 qua
324 3477 473 3576 Physica
490 3478 622 3546 iudicat
633 3474 793 3550 Galenus
803 3479 849 3550 ab
866 3475 1081 3572 Hippocrate
1095 3494 1235 3571 sumpta
1285 3484 1451 3564 donatas,
1475 3493 1510 3550 et
1532 3501 1661 3569 magno
1680 3479 1802 3550 labore
1826 3496 1983 3572 repertas
2011 3499 2103 3556 artes
2124 3485 2269 3575 negligi·

246 3605 338 3667 esse,
365 3577 481 3653 ethae
496 3579 753 3672 disputationes
769 3583 862 3673 apud
879 3578 1064 3653 Platonem
1087 3578 1234 3654 inchoa-
1285 3606 1384 3668 mus,
1410 3595 1443 3652 et
1461 3581 1605 3652 interire
1621 3581 1783 3652 sinimus.
1833 3577 2039 3654 Excitemor
2054 3608 2137 3676 ergo
2154 3587 2268 3658 Plato-

245 3704 302 3762 tae
317 3685 429 3774 magis
443 3695 526 3754 suot
538 3704 643 3775 quam
661 3683 859 3754 absolutae:
887 3707 971 3754 nam
990 3707 1055 3756 nec
1073 3700 1234 3757 motuum
1285 3684 1343 3754 nis
1359 3683 1532 3773 exemplo,
1553 3682 1721 3774 primurn,
1740 3696 1780 3752 ut
1794 3697 1885 3754 artes
1902 3679 2066 3773 honestas
2083 3711 2166 3758 vere
2179 3710 2268 3756 ame-

247 3789 450 3865 cuelestinm
474 3784 565 3857 ratio
586 3783 797 3874 explicatur,
823 3781 1092 3856 uecAnatomia
1108 3799 1159 3858 est
1177 3787 1234 3854 in·
1286 3809 1382 3868 mus,
1406 3799 1440 3854 et
1463 3783 1617 3874 pericula
1643 3784 1851 3876 laboresque
1872 3789 1917 3854 ad
1941 3811 1997 3856 eas
2018 3791 2267 3879 comparandas

247 3907 357 3983 tegra.
394 3885 465 3959 Sed
480 3885 581 3957 initia
596 3897 713 3956 tamen
728 3885 855 3971 laudo,
878 3901 913 3958 et
929 3881 996 3956 hoc
1012 3909 1123 3976 genus
1137 3883 1235 3981 Pbyr
1287 3887 1462 3978 suscipere
1482 3909 1557 3954 non
1578 3907 1794 3954 recusemus:
1828 3886 1957 3956 deinde
1978 3889 2168 3960 eonsilium
2192 3888 2268 3957 imi·

247 3997 335 4068 sices
354 3990 443 4062 utile
470 4010 544 4058 esse
565 4008 709 4071 censeo,
747 3989 844 4080 quod
871 3982 1062 4058 humorum
1091 4001 1235 4058 naturas
1286 4001 1414 4060 lemur.
1466 3985 1733 4074 Adiungamus,
1766 3999 1807 4060 ut
1825 3987 1900 4078 ipse
1923 3989 2024 4073 ¹lecit,
2056 3991 2102 4060 ad
2123 3991 2266 4060 morales

248 4110 283 4174 et
314 4093 473 4163 membra
504 4085 653 4158 humani
686 4089 844 4182 corporis
877 4089 1055 4164 describit.
1113 4088 1236 4184 ltaque
1287 4090 1558 4181 disputationes,
1584 4089 1682 4156 illam
1701 4111 1864 4158 arcanam
1878 4089 1922 4158 de
1945 4091 2101 4164 motibus
2114 4091 2267 4162 eoelesti-

246 4221 349 4288 saepe
372 4192 531 4264 Galenus
553 4189 752 4264 Platonieas
768 4191 1024 4283 descriptiones
1045 4205 1236 4262 mutuatur.
1287 4193 1354 4262 bus
1369 4191 1580 4264 doctrinam.
1631 4189 1685 4258 Ac
1697 4189 1818 4258 videre
1831 4192 1875 4258 ad
1891 4213 1997 4282 quem
2016 4193 2120 4262 linem
2138 4189 2200 4262 has
2213 4215 2266 4260 ar-

248 4305 291 4370 ln
309 4297 407 4368 ltalia
431 4317 513 4364 vero
537 4292 709 4383 tantisper
731 4287 862 4378 haesit,
886 4295 998 4364 donee
1012 4295 1161 4384 patriam
1179 4317 1235 4362 re·
1288 4307 1340 4364 tes
1371 4292 1586 4382 expetiverit.
1646 4287 1826 4362 Utilitates
1849 4293 2011 4382 publicas
2037 4293 2111 4384 ipse
2140 4292 2266 4381 colligit

249 4411 395 4491 ruperat
417 4392 681 4491 Thrasybulus,
714 4407 748 4462 et
763 4391 890 4464 Conon
911 4395 1089 4464 adflictam
1115 4416 1238 4466 rursus
1288 4395 1436 4464 alicubi:
1465 4389 1568 4482 Opus
1584 4413 1657 4459 esse
1674 4391 1711 4460 in
1729 4387 1795 4460 hae
1809 4392 1908 4462 civili
1924 4393 1994 4464 vita
2009 4407 2205 4486 temporum
2219 4415 2265 4462 se·

249 4503 378 4586 erexit,
401 4493 1127 4584 conctusapotentiaLaeedaemoniorum.
1163 4493 1238 4567 Re-
1288 4497 1340 4566 rie
1367 4509 1400 4566 et
1429 4495 1516 4564 :inni
1539 4493 1794 4584 descriptione,
1832 4497 1894 4564 sed
1917 4495 2102 4586 proprium
2125 4491 2265 4566 discenti

250 4625 372 4673 versus
412 4598 520 4688 igitur
554 4595 676 4682 Plato,
723 4597 847 4666 audire
885 4597 1066 4668 Socratem
1106 4597 1239 4688 coepit,
1289 4599 1395 4666 linem
1412 4592 1508 4666 hune
1528 4593 1728 4678 constituit,
1752 4607 1792 4666 ut
1806 4594 2028 4686 investigatio
2047 4609 2192 4666 naturae
2207 4597 2267 4664 du·

250 4719 391 4798 eaptus,
437 4715 477 4769 ut
510 4700 669 4782 videtur,
707 4698 783 4770 eius
816 4700 1038 4794 sermonibus
1072 4699 1238 4791 politicis.
1290 4713 1344 4770 cat
1368 4721 1434 4788 tros
1460 4699 1504 4766 ad
1525 4695 1743 4786 agnitionem
1758 4693 1845 4782 Dei,
1871 4711 1905 4768 et
1927 4701 2089 4768 ostendat
2112 4693 2266 4770 humanis

250 4807 400 4880 Viderat
414 4801 509 4872 enim
528 4800 688 4872 Socrates
709 4795 899 4870 horribiles
915 4801 1127 4874 mutationes
1144 4797 1239 4872 Atti·
1289 4800 1468 4872 mentibus
1491 4799 1645 4868 inditum
1668 4817 1741 4866 esse
1761 4798 1883 4868 lumen
1897 4801 2077 4891 quoddam
2093 4800 2267 4878 divinitus,

251 4935 310 4982 cae
331 4903 507 4987 civitatis,
537 4925 625 4994 quae
651 4895 831 4976 homiuem
853 4901 1075 4992 ingeniosum
1092 4917 1126 4974 et
1144 4903 1240 4992 cogi·
1290 4927 1361 4997 qno
1378 4902 1448 4970 vita
1467 4915 1627 4991 regatur,
1659 4913 1699 4970 ut
1714 4897 1791 4970 Deo
1810 4901 1969 4985 obediat,
2003 4913 2038 4970 et
2058 4924 2180 4972 eorum
2196 4897 2267 4969 ani·

252 5027 383 5088 tantem
408 5010 452 5078 de
474 4997 660 5074 hominum
688 5004 866 5086 moribus,
899 5007 996 5074 etde
1019 5005 1241 5076 mirabilibus
1291 5027 1388 5088 roos,
1428 5004 1492 5096 qui
1524 5001 1639 5076 Deum
1674 5012 1922 5090 agnoscentes,
1960 5003 1993 5072 ei
2022 5003 2268 5094 obtemperent,

252 5115 344 5184 vitae
360 5111 518 5190 casibus,
542 5105 652 5184 multa
666 5117 827 5180 morrent.
867 5103 966 5177 Vixit
982 5119 1097 5177 autem
1114 5105 1242 5176 Socra·
1292 5122 1478 5198 postquam
1500 5128 1539 5174 ex
1558 5098 1625 5173 hac
1643 5101 1716 5172 vita
1737 5104 1979 5189 discesserint,
2003 5103 2043 5172 in
2063 5104 2142 5174 loce
2164 5099 2268 5174 admi·

155 5286 157 5292 ,
252 5227 397 5304 tespost
423 5209 619 5304 restitutam
637 5208 769 5294 patriae
787 5205 1004 5292 libertatem,
1030 5204 1243 5301 aeThrasy-
1293 5209 1401 5276 randa
1427 5221 1531 5298 atque
1558 5218 1719 5274 aeternae
1745 5205 1982 5298 apudDetam
2011 5206 2164 5278 victuros
2192 5223 2267 5274 esse.

251 5315 334 5386 buli
352 5312 556 5394 victoriam,
584 5331 697 5376 annos
716 5307 854 5378 circiter
876 5309 1043 5397 triginta,
1067 5333 1106 5378 ae
1122 5311 1166 5380 de
1187 5310 1244 5380 lu·
1293 5307 1390 5379 Haec
1414 5322 1498 5377 sunt
1520 5305 1679 5376 Platonis
1703 5307 1809 5375 verba
1832 5308 1871 5375 in
1895 5305 2123 5400 Epinomide.
2171 5305 2268 5382 Haec,

255 5434 333 5488 tura
351 5411 510 5482 Platonis
527 5411 769 5506 magnitudine
782 5433 855 5479 non
872 5412 1019 5480 obscure
1035 5411 1246 5482 vaticinatus
1294 5407 1566 5495 Adulescentes,
1588 5431 1636 5476 an
1652 5430 1726 5476 non
1746 5409 1951 5496 gravissime
1968 5408 2159 5480 dicuntur?
2203 5403 2267 5475 Nec
