4718 5828
98 240 135 313 u
439 239 445 250 ¹
685 299 690 308 .
786 187 1352 308 procuraremus.
1848 261 1852 268 ·
2039 235 2088 308 ae

95 405 301 490 committunt,
339 427 419 474 cum
445 401 594 488 Solone,
626 401 655 474 si
678 404 784 490 libet,
815 407 1048 498 expostulent,
1096 403 1256 496 capitalis
1275 416 1363 473 esset
1379 401 1531 487 desidia,
1553 404 1707 492 graviter
1726 403 1902 476 audiebat.
1954 403 2084 480 Furem

94 535 148 580 non
162 531 304 590 mecum,
331 505 394 598 qui
415 507 459 576 ad
478 505 732 576 consociandos
754 507 848 577 inter
865 533 902 578 se
917 507 1046 577 civium
1095 506 1354 589 abominamur,
1380 507 1475 598 quod
1491 505 1529 572 in
1545 529 1625 576 eum
1641 507 1846 596 gravissime
1860 508 2083 578 animadver-

93 612 202 682 auinos
227 620 362 678 tantum
395 609 509 678 lacere
535 622 754 678 momentum
782 609 929 700 scriptas
955 609 1048 698 leges
1095 620 1207 694 tatur,
1241 620 1414 700 augetque
1438 606 1571 675 crimen
1596 631 1730 698 poenae
1751 609 1926 680 atrocitas.
1977 608 2085 680 Prae·

93 709 287 802 existimavit,
312 721 353 778 ut
369 733 410 778 ex
424 732 487 779 suo
508 707 658 779 arbitrio
676 707 903 798 Magistratus
918 711 973 780 ius
990 710 1047 779 di·
1094 707 1199 778 donis
1220 709 1299 779 loco
1323 703 1432 779 habes
1452 732 1553 792 eum,
1579 709 1639 800 qui
1656 709 1826 780 debitoris
1847 725 1998 780 remant
2021 735 2084 802 pe-

92 810 310 884 cerevetuerit.
346 809 416 882 Sed
433 811 541 882 recita
559 810 806 881 iusiurandum
821 805 1045 904 ἡλιαστικὸν,
1094 810 1233 880 carniam
1251 823 1408 899 eastrrpat,
1431 809 1500 877 nisi
1515 823 1639 900 sponte
1653 811 1782 880 datam.
1833 810 1975 903 Peperit
1990 807 2083 882 banc

91 917 128 985 sic
141 913 221 983 eniro
238 906 490 982 Demosthenes
503 925 616 982 vocat.
669 911 828 984 Fuerunt
843 926 878 984 et
896 909 1046 984 haesere
1094 911 1299 1002 opinionem
1320 911 1394 990 lex,
1420 935 1510 1002 quae
1530 912 1759 1002 pronunciat,
1784 912 1966 997 vim-esse,
1992 937 2084 1005 quo-

92 1039 187 1086 causae
218 1037 279 1082 cur
311 1012 468 1084 Romani
493 1013 622 1103 scripto
651 1014 728 1082 iure
758 1013 811 1083 uti
843 1015 1044 1085 maluerint.
1095 1011 1159 1083 ties
1182 1014 1260 1106 quia
1284 1013 1319 1082 id
1345 1015 1440 1104 quod
1464 1013 1584 1081 deberi
1614 1012 1805 1092 existimat,
1836 1037 1899 1104 per
1928 1014 2082 1084 iudicem

91 1115 217 1186 Nimium
231 1113 298 1182 sibi
313 1117 488 1206 principes
503 1115 699 1222 sumebant.
750 1113 856 1184 Plebs
872 1115 1045 1185 nonsatis
1093 1115 1254 1206 reposcit.
1295 1109 1396 1182 Nibil
1412 1126 1526 1182 autem
1544 1138 1623 1182 cum
1640 1114 1890 1204 opinionibus,
1915 1128 1990 1184 tum
2003 1140 2108 1183 mo·¹

89 1233 146 1288 tuto
167 1215 324 1284 creditam
348 1217 579 1306 optimatibus
606 1217 804 1300 libertatem
832 1217 1046 1301 existimans,
1092 1215 1193 1284 ribus
1211 1215 1342 1285 nostris
1365 1213 1566 1283 instabilius
1590 1228 1696 1300 esset,
1719 1215 1791 1286 nisi
1814 1239 1855 1284 ex
1877 1216 1980 1286 certis
1995 1215 2081 1306 tegi.

89 1342 166 1408 saepe
192 1315 375 1407 imperium
404 1319 718 1410 auctoritatemque
743 1319 972 1403 detrectabat,
1002 1321 1046 1386 de
1094 1318 1159 1386 bus
1175 1328 1474 1408 compararentur.
1522 1313 1612 1388 Nam
1628 1331 1668 1386 ut
1684 1331 1810 1387 nautae
1826 1339 1965 1387 cursum
1983 1318 2027 1386 ad
2043 1341 2082 1386 ea

88 1421 147 1488 inre
166 1442 257 1504 saepe
281 1419 538 1489 dissentiebant
560 1418 652 1490 inter
674 1443 711 1488 se
733 1418 837 1488 etiarn
858 1420 944 1488 boni
965 1419 1044 1488 viri.
1091 1417 1227 1502 sidera,
1262 1441 1352 1510 quae
1374 1419 1498 1485 eodem
1519 1441 1655 1508 semper
1680 1417 1758 1486 loeo
1784 1417 2085 1508 circumaguntur,

87 1519 161 1590 llaec
173 1521 355 1607 coegerunt
372 1533 446 1588 tum
464 1521 576 1611 plebis
594 1519 844 1606 temeritatem,
872 1533 948 1591 tuna
964 1518 1045 1590 Ma·
1091 1519 1268 1607 dirigunt,
1295 1517 1342 1588 ita
1358 1531 1505 1608 pareat,
1530 1521 1631 1587 ut‘ad
1655 1519 1765 1606 leges,
1791 1543 1881 1612 quae
1905 1520 2084 1610 asapien-
2183 1577 2190 1588 ,

88 1621 264 1710 gistratuum
285 1621 357 1688 vim
383 1622 486 1690 certis
509 1615 646 1710 legibus
671 1622 866 1691 moderari:
893 1634 1045 1714 suntque
1091 1620 1236 1690 tissinris
1250 1615 1456 1688 bominibus
1470 1619 1579 1702 latae,
1605 1634 1637 1688 et
1655 1620 1796 1689 virtutis
1816 1621 1909 1690 viam
1926 1621 2081 1693 rectissi-

87 1722 242 1790 duodecim
259 1721 341 1790 illae
356 1723 504 1806 tabulae,
530 1723 609 1790 sons
626 1722 714 1792 iuris
734 1723 859 1807 nostri,
886 1724 1045 1816 pruden·
1091 1745 1147 1791 me
1163 1721 1335 1803 indicant,
1361 1733 1396 1789 et
1408 1718 1463 1788 sni
1480 1744 1661 1811 nunquam
1679 1721 1866 1790 dissimiles
1885 1735 1978 1806 sunt,
2002 1721 2082 1812 opi·-

86 1823 270 1892 tissimorum
296 1817 483 1892 bominum
506 1823 637 1892 iudicio
662 1823 873 1914 propositae.
926 1821 967 1894 ld
988 1823 1045 1893 iu·
1092 1822 1216 1892 niunes
1238 1835 1375 1892 nostras
1402 1820 1590 1910 exigamus.
1641 1819 1710 1891 Sed
1734 1837 1772 1892 ut
1795 1823 1894 1892 nulla
1916 1824 2006 1894 ratio
2025 1823 2084 1916 sit,

86 1948 149 2014 gum
164 1925 280 2014 cupide
295 1924 460 1994 universa
485 1925 608 1994 civitas
630 1925 780 2016 accepit,
800 1949 880 1996 cum
898 1924 1046 1995 sentiret
1091 1948 1155 1993 cur
1168 1923 1298 2014 scripto
1317 1923 1393 1992 iure
1409 1936 1568 2001 utamur,
1594 1935 1685 1990 certe
1701 1920 1884 1994 Romanae
1901 1925 1991 2013 leges
2005 1949 2081 1992 me·

84 2027 182 2094 arbem
201 2049 271 2093 non
289 2026 353 2096 diu
374 2010 538 2097 lutoram¹
553 2025 787 2106 incolumem,
814 2026 884 2095 nisi
907 2025 1045 2117 legibus
1091 2027 1278 2108 rebantur,
1302 2047 1389 2116 quas
1405 2017 1475 2093 buc
1490 2022 1772 2114 importaremus.
1826 2023 1945 2114 Quare
1967 2026 2081 2094 maio-

86 2119 275 2198 nunicetur.
1090 2148 1169 2194 rum
1192 2137 1393 2194 nostrornm
1422 2125 1644 2215 prudentiam
1670 2125 1797 2209 laudo,
1823 2129 1918 2219 quod
1945 2124 2081 2197 Roma-

156 2225 355 2296 Porrocum
373 2225 530 2296 civitates
547 2225 643 2295 orbis
657 2239 830 2296 terrarum
848 2224 1044 2317 Principes,
1089 2250 1153 2294 nas
1169 2225 1389 2316 potissimum
1406 2225 1497 2316 leges
1514 2227 1740 2314 delegerunt,
1766 2251 1852 2320 quas
1870 2228 1906 2296 in
1931 2229 2007 2298 iure
2023 2229 2043 2296 d
2051 2229 2081 2296 i-

84 2329 207 2416 coegerit
229 2328 417 2398 necessitas
441 2351 530 2415 pene
550 2325 744 2396 Diomeden
769 2329 861 2416 leges
879 2329 1043 2414 condere,
1090 2331 1202 2396 cendo
1220 2339 1460 2420 sequerentur.
1511 2323 1558 2396 Et
1575 2329 1717 2418 quando
1735 2323 1905 2397 bactenus
1927 2329 2081 2418 benigne

85 2431 143 2521 quis
163 2433 255 2498 luror
279 2443 351 2508 est..
385 2431 477 2518 apud
501 2453 566 2496 raas
590 2430 658 2495 iam
687 2452 752 2499 usu
777 2445 932 2519 receptas
953 2428 1043 2496 velle
1091 2423 1180 2496 milri
1194 2429 1391 2510 audiendo,
1416 2451 1559 2518 operam
1576 2429 1747 2511 narrastis,
1772 2429 1886 2498 favete
1900 2453 2030 2522 quaeso
2045 2445 2080 2500 et
2143 2460 2149 2469 ·

83 2535 221 2620 abrogare
243 2555 283 2599 ac
310 2529 501 2598 inducere?
541 2527 672 2618 Magoa
704 2529 971 2600 consuetudinis
990 2529 1043 2596 vis
1089 2530 1245 2622 reliquae
1268 2529 1433 2600 orationi.
1485 2523 1670 2620 Exponam
1692 2529 1787 2597 euim
1812 2532 1983 2610 breviter,
2016 2555 2081 2600 cur
2186 2615 2190 2626 Ι

84 2645 135 2714 est,
155 2655 235 2724 quae
256 2653 374 2698 mores
395 2653 533 2714 omnes,
554 2634 684 2722 quibus
706 2633 888 2700 assuefacti
911 2652 1043 2714 sunaus,
1089 2645 1271 2727 tantopere
1286 2631 1402 2714 iuvet,
1428 2654 1446 2698 a
1464 2627 1637 2715 Romanis
1655 2630 1747 2718 leges
1761 2633 1929 2701 mutuari.
1969 2632 2081 2702 Vetus

83 2733 139 2800 sine
174 2732 438 2823 perturbatione
478 2733 620 2822 publica
657 2733 788 2804 mutari
830 2757 903 2801 non
944 2711 1147 2802 sinixltnc
1162 2755 1238 2801 mos
1252 2744 1322 2812 est,
1347 2731 1392 2799 ab
1407 2731 1538 2820 optime
1556 2732 1937 2817 constitutisurbibus,
1961 2757 2079 2804 exem-

84 2831 176 2918 Quare
197 2835 288 2921 leges
313 2831 370 2898 vel
394 2826 462 2900 boc
485 2831 647 2916 nomine,
674 2837 769 2926 quod
795 2832 1040 2902 consuetudini
1089 2834 1145 2923 pla
1161 2847 1292 2928 petere.
1331 2826 1433 2901 Nihil
1449 2832 1576 2923 puduit
1590 2833 1738 2912 Atticos,
1765 2833 1955 2927 Aegyptias
1971 2858 2080 2928 qnas-

82 2935 325 3022 nosgerendus
347 2945 418 3016 est,
448 2935 607 3021 oportuit
630 2935 841 3004 conservari.
897 2929 1040 3004 Atcum
1088 2937 1168 3003 dam
1185 2935 1277 3024 leges
1295 2955 1362 3002 usu
1377 2957 1511 3022 capere,
1537 2945 1578 3002 ut
1594 2930 1796 3004 Herodotus
1813 2948 1969 3006 testatur.
2005 2935 2080 3006 Ne-

83 3035 113 3102 de
131 3037 222 3104 rebus
245 3031 414 3104 humanis
435 3033 539 3102 etiam
563 3036 651 3104 bene
680 3051 899 3120 mereantur,
922 3033 1041 3126 publi·
1087 3060 1145 3104 mo
1169 3033 1344 3106 Romanis
1368 3035 1454 3104 vitio
1477 3034 1599 3116 vertit,
1626 3037 1721 3126 qnod
1745 3059 1825 3104 cum
1849 3049 1988 3126 cogeret
2013 3061 2078 3128 pu-

82 3158 137 3202 cam
151 3133 436 3229 tranquillitatem
453 3149 486 3205 et
502 3135 699 3206 libertatem
717 3149 876 3221 tuentur,
894 3137 1042 3205 obsecro
1089 3137 1179 3205 blica
1195 3135 1380 3206 necessitas
1397 3135 1489 3224 leges
1506 3135 1743 3219 conscribere,
1770 3137 1808 3204 in
1823 3134 2010 3208 Graeciam
2026 3139 2079 3208 le-

83 3259 135 3304 non
151 3237 345 3320 insaniunt,
371 3235 433 3330 qui
449 3235 591 3325 refigere
606 3237 755 3309 iubent?
787 3235 917 3308 Actum
934 3237 1041 3306 suerit
1086 3251 1184 3327 gatos
1205 3237 1351 3322 misere,
1376 3240 1438 3330 qui
1461 3237 1555 3308 iude¹
1567 3237 1683 3325 legum
1701 3239 1872 3307 formulas
1886 3239 2080 3318 adferrent,

82 3337 112 3404 de
123 3338 292 3428 religione,
321 3339 365 3406 de
380 3333 612 3422 humanitate,
628 3339 789 3409 derebus
805 3337 1041 3408 bonisomni-
1087 3351 1121 3408 et
1145 3341 1188 3408 de
1204 3337 1345 3430 Repub.
1370 3337 1585 3408 instituenda
1610 3361 1767 3408 summos
1788 3339 1825 3407 in
1843 3337 1993 3410 Graecia
2008 3336 2077 3410 bo-

82 3437 141 3522 bus,
162 3441 226 3510 nisi
241 3451 363 3509 coetus
379 3433 567 3509 bominum
585 3441 661 3509 iure
676 3453 848 3530 cogantur
862 3464 903 3509 ac
918 3441 1042 3508 deleo·
1088 3440 1201 3509 mines
1217 3440 1456 3514 consulerent.
1507 3437 1547 3508 ld
1569 3451 1699 3508 etcum
1723 3441 1874 3510 maiores
1890 3443 2001 3510 nostri
2024 3443 2078 3510 le-
2128 3512 2137 3518 ,

83 3541 191 3616 dantur.
229 3541 357 3633 Neque
373 3564 457 3610 vero
475 3541 568 3610 inter
587 3554 720 3610 caetera
739 3541 855 3630 legum
872 3539 1039 3608 beneficia
1087 3541 1218 3624 cerint,
1243 3565 1321 3609 eum
1340 3540 1526 3608 Romanae
1542 3539 1646 3630 Reip.
1661 3541 1822 3610 instituta
1838 3544 1882 3610 ad
1900 3565 1965 3610 nos
1982 3555 2077 3614 attu-

83 3633 129 3708 hoc
143 3641 432 3731 praetereundum
454 3654 527 3724 est,
555 3643 649 3734 quod
667 3645 710 3710 de
733 3639 955 3733 expetendis,
982 3641 1040 3709 lu·
1086 3641 1211 3726 lerint,
1234 3640 1320 3732 quid
1338 3647 1468 3732 quaeso
1486 3640 1702 3734 peccarunt?
1747 3639 1848 3730 Quae
1863 3645 2004 3712 taudem
2020 3667 2078 3711 ars

82 3741 254 3837 dandisque
277 3743 406 3825 rebus,
447 3755 558 3811 rectas
579 3743 716 3812 civibus
736 3742 924 3834 opiniones
946 3741 1041 3810 inse-
1086 3766 1127 3812 ex
1141 3739 1404 3823 liberalioribus
1418 3742 1491 3811 illis
1504 3741 1602 3812 domi
1617 3742 1722 3810 nobis
1737 3757 1817 3812 nata
1832 3744 1908 3814 est?
1928 3743 2078 3828 Literas,

82 3857 151 3912 nant.
195 3847 235 3915 l·d
255 3847 345 3912 adeo
361 3844 404 3910 ad
420 3843 625 3912 formandos
640 3869 764 3930 mores,
791 3867 957 3933 magnum
974 3837 1039 3911 ba·
1086 3857 1285 3933 temporum
1309 3843 1534 3923 discrimina,
1565 3844 1720 3912 siderum
1744 3858 1843 3913 ortus
1863 3858 1897 3915 et
1919 3868 2075 3924 occasus,

54 3941 358 4022 ,betmomentum
407 3940 538 4012 Errant
556 3945 650 4013 enim
669 3945 871 4014 mortalium
887 3943 1040 4034 ingenia,
1085 3939 1415 4026 architectonicam,
1454 3943 1627 4014 Maricam
1659 3943 1767 4013 exteri
1794 3947 1962 4026 docuere,
1998 3947 2075 4016 sine

83 4043 130 4134 nisi
143 4050 235 4120 certis
253 4045 450 4138 praeceptis
472 4060 655 4134 regantur,
682 4062 716 4118 et
734 4060 776 4116 nt
792 4047 950 4140 quidque
965 4067 1037 4112 ma·
1085 4069 1235 4138 quarum
1252 4045 1453 4134 cognitione
1476 4045 1547 4115 vita
1573 4045 1678 4134 plane
1696 4069 1818 4115 manca
1838 4061 1906 4117 est:
1939 4049 1977 4116 in
1993 4049 2074 4142 qui-

82 4145 147 4215 sine
162 4151 385 4218 commodum
407 4146 443 4214 in
463 4149 654 4236 praesentia
670 4149 828 4226 videtur,
856 4147 903 4216 ita
928 4145 1038 4213 rumi-
1087 4148 1154 4215 bus
1179 4147 1207 4214 si
1230 4141 1322 4214 nibil
1345 4146 1495 4216 offendit
1520 4145 1767 4234 peregrinitas,
1792 4148 1876 4238 quid
1899 4163 1992 4218 vetat
2014 4175 2079 4218 ex-

81 4266 119 4314 ne
133 4248 223 4321 licere
244 4262 392 4342 putant,
420 4249 541 4318 oeulos
561 4263 784 4342 mentemque
808 4248 918 4316 libido
939 4269 1039 4336 prae-
1086 4247 1195 4318 ternis
1218 4247 1354 4334 legibus
1376 4247 1454 4316 uti?
1504 4246 1595 4336 Quis
1618 4248 1758 4318 dubitat
1782 4235 1901 4320 nostra
1925 4251 2075 4340 cultiora

83 4347 197 4438 stringit,
214 4368 254 4422 nt
272 4351 370 4444 qnod
389 4350 539 4417 maxime
555 4350 727 4442 cupimus,
753 4374 864 4440 saepe,
891 4349 959 4416 nisi
976 4351 1038 4416 de-
1086 4372 1175 4428 esse,
1202 4361 1238 4418 et
1253 4349 1363 4418 literis
1378 4362 1412 4418 et
1427 4348 1563 4435 legibus
1578 4345 1752 4420 Romanis
1765 4351 1938 4436 advectis,
1965 4377 2072 4446 qnam

82 4438 206 4522 hortetur
219 4455 340 4543 legum
355 4451 554 4532 auctoritas,
580 4451 753 4540 optimum
770 4475 843 4520 esse
858 4452 1038 4520 ducamus.
1084 4451 1183 4520 luere
1196 4450 1311 4540 prisco
1327 4450 1389 4518 illo
1406 4450 1555 4519 barbaro
1570 4450 1707 4534 seculo,
1732 4475 1812 4520 cum
1830 4476 1893 4522 nec
1909 4453 2074 4542 ingenuis

82 4543 186 4622 Avarus
208 4553 306 4623 nibil
329 4575 400 4621 esse
423 4552 503 4622 vitii
519 4551 558 4620 in
581 4553 727 4621 foenore
744 4554 904 4622 lacieudo
920 4551 1039 4620 existi·
1085 4551 1222 4622 artibus
1234 4551 1344 4620 animi
1359 4564 1559 4620 nostrorum
1575 4551 1742 4642 privatim
1755 4545 1983 4642 tingerentur,
2007 4579 2073 4624 nec

81 4666 138 4736 nat,
159 4669 193 4740 at
206 4657 234 4725 si
252 4657 413 4724 valerent
428 4653 537 4742 leges,
563 4677 653 4746 quae
669 4654 949 4724 foeneratoribus
963 4678 1037 4722 ma·
1085 4653 1228 4744 publico
1250 4653 1346 4738 iure,
1377 4667 1440 4724 aut
1460 4667 1552 4724 certa
1577 4652 1766 4744 disciplina
1792 4658 2074 4728 mansuefierent.

83 4747 162 4824 loten
174 4759 339 4828 mulctam
355 4756 632 4840 constituerunt,
657 4779 764 4848 quarn
780 4755 931 4840 lucibus,
957 4755 1038 4848 quis
1085 4751 1185 4825 Adeo
1201 4779 1246 4824 ne
1261 4755 1497 4846 praesentium
1514 4754 1682 4844 poenitet,
1703 4767 1744 4824 ut
1760 4769 1898 4827 mutare
1915 4782 1995 4827 cum
2011 4781 2074 4826 ve·
2118 4815 2121 4821 .

82 4873 132 4924 non
148 4871 366 4930 execraretur
387 4857 537 4946 suenus?
559 4855 661 4927 ‘Sunt
678 4880 767 4952 quos
781 4881 905 4948 parum
929 4858 1038 4948 pudet
1084 4868 1198 4926 tecum
1215 4855 1375 4925 barbarie
1390 4856 1533 4926 libeat?-
1546 4879 1636 4949 quae
1651 4853 1849 4950 cuiusmodi
1863 4857 1990 4940 fuerit,
2014 4857 2071 4928 vel

83 4960 201 5046 mentiri,
213 4975 247 5030 at
263 4983 346 5028 eum
361 4983 402 5027 ex
418 4959 493 5048 lege
507 4959 695 5029 duodecim
709 4959 908 5030 tabularum
921 4982 939 5027 e
953 4981 1036 5026 saxo
1083 4975 1127 5026 ex'
1140 4981 1180 5026 eo
1196 4969 1310 5048 potest
1324 4957 1521 5040 aestimari,
1547 4958 1641 5051 quod
1659 4951 1824 5028 humanis
1837 4955 1963 5031 hostiis
1976 4963 2071 5054 apud

84 5049 469 5149 'larpeiodeiiciebatur‚
495 5059 556 5154 qui
575 5059 701 5129 lalsum
727 5059 1036 5130 testimoniumdi·
1083 5054 1148 5128 bos
1161 5059 1302 5132 litatum
1316 5072 1377 5133 est.
1429 5055 1525 5130 Eant
1538 5081 1628 5153 quos
1641 5070 1825 5151 tantopere
1840 5075 1993 5133 vetustas
2008 5065 2068 5132 de-

83 5155 146 5228 risse
162 5167 342 5234 convictus
364 5176 458 5242 erat,
483 5185 569 5230 cane
592 5161 690 5250 peius
706 5177 739 5232 et
759 5185 874 5250 angue
890 5163 1035 5230 menda·
1082 5162 1215 5245 lactat,
1239 5173 1274 5230 et
1299 5161 1492 5250 glandibus
1511 5161 1617 5230 etiam
1637 5175 1835 5237 vescantur.
1893 5159 1967 5232 lam
1989 5189 2070 5234 cum

85 5257 148 5330 cium
165 5269 283 5338 oderat
306 5264 511 5336 multitudo.
567 5259 781 5353 Perpetuum
801 5264 917 5333 ocium
939 5287 1036 5333 nunc
1083 5259 1239 5334 Romani
1256 5263 1374 5333 literas
1393 5285 1458 5332 nos
1472 5276 1563 5335 artes
1581 5259 1737 5356 aliasque
1752 5265 1955 5346 docuerint,
1981 5266 2068 5359 quid

38 5451 39 5460 ἵ
85 5353 193 5438 inam
208 5369 301 5440 vitae
317 5379 414 5460 parte
429 5375 584 5457 ponunt,
610 5378 645 5436 at
661 5388 740 5436 cum
756 5361 883 5436 Atticis
897 5365 1035 5456 legibus
1080 5363 1150 5434 suit
1165 5389 1228 5436 cur
1242 5389 1316 5436 non
1332 5365 1477 5436 illorum
1494 5365 1587 5456 leges
1602 5366 1706 5435 etiam
1720 5364 1961 5452 imitaremur,
1986 5391 2067 5436 cum
