4646 5824
201 272 278 346 839
368 349 373 354 ,
787 267 952 344 DECL.
991 266 1067 344 DE
1098 267 1650 350 casncttuctuttRO.
1909 263 1912 270 ’
2016 309 2021 316 ·
2164 275 2232 350 840

200 445 368 518 lacticum
395 441 588 514 Ptolemaei
627 444 843 531 construxit,
876 443 977 514 cuim
1008 443 1081 516 duo
1114 456 1198 516 sunt
1248 445 1509 517 nutrimentum
1543 445 1581 516 in
1611 439 1798 517 humorem
1825 441 2124 521 melancholicum
2161 477 2232 524 ver-

202 549 363 642 aequalia
396 547 506 618 latera
547 545 677 636 pedum
720 545 896 618 denorum
932 559 967 616 et
1002 559 1198 621 ternorum.
1250 549 1409 634 tebutur,
1442 571 1554 642 quem
1574 548 1716 640 copiose
1742 549 1935 622 reileiebat.
1995 548 2049 622 lta
2071 554 2233 644 paulatim

204 649 313 732 ltem,
347 647 590 738 Quadrantem
622 647 767 740 circuli,
801 649 902 720 cuius
929 649 1199 734 semidiameter,
1250 649 1455 736 contabuit,
1479 673 1559 720 cum
1575 650 1720 744 quidem
1736 653 1871 723 cerebri
1886 653 1979 726 vires
1991 677 2105 747 usque
2118 659 2162 726 ad
2180 681 2233 727 ex·

128 828 135 846 ,
203 777 279 823 non
300 751 421 821 minor
444 751 558 822 tribus
586 750 734 834 cubitis,
765 751 814 822 ita
836 764 877 822 ut
897 751 1041 844 utrique
1062 751 1199 822 instru-
1250 765 1402 822 tremum
1425 746 1577 823 halitum
1598 752 1846 842 integerrimae
1867 769 1994 830 essent.
2045 753 2117 827 His
2131 760 2235 831 tribus

204 868 324 926 mento
345 851 638 946 perpendiculum
665 875 727 923 seu
746 848 953 949 κωνάριον,
979 853 1124 924 cistulae
1141 853 1197 922 in·
1251 853 1431 924 mensibus
1461 853 1565 946 quale
1596 849 1773 926 theatrum
1805 858 1950 928 luerunt
1976 858 2052 928 eius
2075 861 2237 932 virtutes?

205 957 343 1028 elusum
367 969 489 1028 contra
512 954 617 1023 flatus
638 967 825 1026 ventorum
842 955 1029 1026 artificiose
1045 956 1199 1026 adfixum
1250 953 1351 1028 Nulli
1372 955 1535 1025 fremitus
1557 971 1674 1041 erant,
1706 957 1806 1028 nulla
1827 959 2044 1050 indignatio:
2078 965 2139 1032 sed
2163 965 2236 1058 qnia

205 1059 271 1144 sit,
305 1058 506 1148 gubernans
532 1057 635 1126 istam
663 1057 943 1132 collocationem.
1008 1054 1200 1150 Coepimus
1251 1081 1352 1128 mens
1372 1057 1517 1130 obedire
1540 1055 1617 1130 Deo
1641 1060 1864 1147 decreverat,
1887 1074 1922 1131 ct
1941 1062 2030 1132 laeta
2052 1081 2236 1136 consuetu·

205 1160 315 1251 igitur
335 1183 406 1230 una
429 1159 586 1251 primum
605 1158 727 1230 multis
748 1159 1057 1231 observationibus
1080 1159 1201 1252 explo-
1252 1160 1372 1230 dinem
1390 1159 1548 1230 coelestis
1562 1156 1741 1232 Ecclesiae
1762 1164 1984 1256 expectabat,
2010 1189 2130 1237 mores
2148 1181 2237 1238 erant

205 1287 286 1334 rare
305 1285 426 1332 veram
451 1260 676 1331 latitudinem
699 1256 807 1333 huius
830 1263 973 1354 oppidi,
1007 1286 1113 1356 quam
1138 1263 1201 1330 de-
1253 1261 1403 1354 placidi,
1429 1261 1551 1355 quales
1566 1285 1640 1332 esse
1654 1263 1835 1351 solebant,
1857 1287 2038 1338 sermones
2054 1269 2237 1362 etiampls-

206 1359 462 1459 prehendimus
477 1385 550 1432 esse
564 1364 737 1453 graduum
752 1364 861 1434 unius
876 1378 911 1434 et
931 1363 1202 1459 quinquaginta,
1252 1364 1291 1432 ui
1308 1363 1448 1456 pietatis
1462 1369 1497 1434 et
1511 1364 1709 1436 suavitatis.
2018 1425 2020 1432 ,

208 1482 243 1540 et
257 1465 503 1559 scrupulorum
521 1479 675 1559 quatuor
695 1480 729 1538 et
743 1466 1012 1560 quinquaginta.
1061 1463 1201 1536 Deinde
1355 1463 1428 1536 Nec
1443 1466 1560 1536 studia
1578 1489 1723 1559 prorsus
1738 1465 1872 1541 omisit.
1910 1467 1994 1540 Dies
2008 1471 2058 1542 ita
2077 1472 2112 1541 ei
2127 1472 2237 1542 distri-

208 1583 243 1640 et
267 1582 402 1640 motum
425 1566 521 1639 Solis
546 1581 579 1637 et
600 1581 759 1659 tempora
785 1568 1113 1662 aequinoctiorum,
1138 1567 1202 1638 ulsi
1253 1567 1339 1638 buta
1356 1581 1447 1652 erat,
1473 1581 1646 1660 quantum
1670 1569 1710 1638 in
1731 1567 1793 1638 illa
1818 1572 1934 1642 morbi
1949 1573 2074 1644 sevitia
2092 1569 2237 1666 lieripo·

208 1664 508 1763 deprehendimus
521 1692 671 1740 vernum
690 1671 955 1764 aequinoctium
972 1670 1123 1742 sedecim
1140 1693 1201 1761 pe-
1254 1669 1333 1744 tuit.
1390 1667 1500 1738 Mane
1522 1669 1650 1740 filiolas
1671 1672 1759 1742 duas
1779 1672 1825 1740 ad
1845 1695 1882 1742 se
1896 1675 2063 1762 vocabat,
2089 1699 2130 1746 ac
2147 1677 2238 1747 iube·

209 1797 254 1844 ne
276 1772 422 1864 integris
451 1765 550 1842 horis
576 1771 653 1842 lieri
683 1773 838 1858 tardius,
872 1795 980 1868 quam
1010 1771 1203 1843 ostendunt
1253 1773 1314 1842 bat
1328 1769 1476 1842 recitare
1490 1771 1723 1862 precationes.
1764 1769 1844 1863 lpse
1857 1799 1957 1846 suam
1974 1775 2238 1866 invocationem,

208 1875 358 1947 usitatae
373 1874 670 1966 computationes,
693 1877 752 1944 sed
763 1875 925 1946 autumni
938 1873 1201 1968 aequinoctium
1254 1895 1336 1944 suos
1349 1873 1499 1963 gemitus
1514 1887 1549 1944 et
1563 1867 1761 1969 lachrymas
1769 1899 1834 1966 pro
1843 1869 2013 1959 Ecclesia,
2038 1903 2108 1972 pro
2124 1883 2238 1974 seipso,

208 2001 336 2071 parum
352 2000 373 2047 a
389 1975 524 2046 calculo
543 1975 753 2068 discrepare.
1253 1999 1319 2068 pro
1336 1975 1430 2046 natis
1445 1975 1631 2060 miscebat,
1656 1999 1757 2069 saepe
1775 1971 1861 2048 haec
1874 1979 1982 2050 verba
1995 1995 2169 2074 repetens.

313 2076 381 2148 His
401 2091 436 2150 et
458 2077 636 2149 similibus
661 2077 971 2150 observationibus
993 2078 1099 2164 moti,
1130 2073 1203 2150 Co-
1332 2073 1534 2162 ,invocate
1549 2079 1775 2170 omnipotens
1788 2077 1905 2162 Deus,
1931 2095 2076 2154 aeterne
2093 2098 2128 2155 et
2142 2086 2237 2155 unire

209 2181 396 2278 pernicum
431 2179 542 2270 magis
582 2177 752 2252 admirari
792 2194 829 2252 et
861 2205 979 2251 amare
1011 2179 1202 2273 coepimus.
1254 2191 1354 2272 pater
1377 2175 1525 2250 Domini
1547 2181 1659 2250 nostri
1681 2178 1759 2252 lesu
1785 2176 1938 2269 Christi,
1971 2187 2140 2258 conditor
2158 2187 2237 2257 coeli

186 2281 376 2378 „Eumque
400 2283 528 2368 secuti,
553 2297 692 2354 nostras
706 2283 971 2354 observationes
986 2307 1067 2354 cum
1085 2281 1203 2352 omni·
1255 2296 1289 2352 et
1320 2295 1435 2354 terrae
1466 2294 1501 2351 et
1526 2275 1733 2368 hominum,
1767 2297 1802 2353 et
1829 2279 2008 2357 Ecclesiae
2042 2301 2143 2374 tuae,
2174 2313 2238 2358 una

210 2389 279 2458 bus
294 2384 588 2479 praecedentibus
601 2385 639 2454 in
656 2380 723 2456 hoc
736 2408 863 2477 genere
881 2385 1108 2460 contulimus.
1159 2381 1202 2453 In
1254 2407 1335 2454 cum
1350 2384 1425 2453 filio
1450 2396 1511 2454 tuo
1526 2397 1711 2454 coaeterno
1729 2383 1886 2456 Domino
1902 2401 2025 2461 nostro
2043 2387 2125 2462 lesu
2142 2386 2237 2462 Chri-

211 2512 282 2585 qua
310 2487 593 2558 consideratione
621 2488 936 2560 animadvertimus
964 2487 1050 2558 anni
1082 2509 1201 2556 veram
1253 2501 1327 2571 sto,
1353 2499 1387 2557 et
1406 2483 1544 2578 Spiritu
1566 2501 1704 2572 sancto,
1729 2487 1888 2580 sapiens,
1910 2492 2024 2577 bone,
2051 2493 2162 2576 iuste,
2186 2517 2239 2561 ve·

211 2616 272 2664 seu
287 2591 515 2682 adpetentem
531 2589 813 2678 magnitudinem
828 2589 921 2674 eius,
946 2612 1053 2683 quam
1068 2585 1202 2678 Coper-
1253 2611 1333 2673 rax,
1370 2587 1588 2669 misericors,
1620 2601 1729 2676 caste,
1762 2590 1945 2663 liberrime
1980 2608 2099 2668 eustos
2124 2591 2238 2665 Eccle-

210 2691 313 2764 nicus
338 2691 590 2784 temporalem,
626 2688 756 2762 Graeci
779 2685 951 2776 τοπικὸν,
983 2689 1104 2762 Latini
1121 2713 1202 2764 ver·
1253 2691 1344 2776 siae,
1375 2688 1542 2760 miserere
1566 2689 1655 2772 mei,
1689 2705 1724 2762 et
1748 2693 1889 2765 remitte
1913 2689 2005 2764 mihi
2027 2697 2149 2766 omnia
2170 2719 2239 2766 mes

210 2808 345 2868 tentem
361 2793 504 2876 dicunt,
528 2817 625 2864 nunc
640 2793 771 2864 iterum
787 2794 957 2864 maiorem
979 2815 1069 2880 esse,
1094 2815 1201 2888 qnam
1253 2805 1413 2884 peccata,
1445 2805 1592 2884 propter
1625 2788 1741 2863 lesum
1772 2789 1955 2866 Christum
1982 2797 2099 2868 filium
2135 2811 2238 2878 tuum,

210 2897 268 2968 vel
281 2892 488 2988 Albategnii
509 2895 567 2965 vel
589 2890 768 2988 Alphonsi
791 2896 1029 2987 temporibus:
1056 2919 1096 2966 ac
1111 2918 1202 2988 pene
1254 2894 1459 2964 crucifixum
1482 2917 1548 2986 pro
1571 2895 1674 2964 nobis
1695 2907 1729 2966 ct
1753 2897 2017 2981 resuscitatum,
2051 2892 2240 2999 λόγονκαὶ

210 3022 335 3071 rursus
343 2998 526 3092 aequalem
540 2997 669 3068 sertam
686 2997 738 3082 ei,
759 3021 867 3090 quam
881 2995 1102 3068 Ptolemaeus
1118 3021 1202 3090 pro-
1254 2988 1379 3070 ἐικόνα
1400 3013 1469 3068 σου
1493 2991 1619 3068 ἀΐδιον
1624 3047 1637 3080 ,
1671 3021 1777 3090 quem
1800 2998 1945 3070 voluisti
1966 3025 2032 3092 pro
2052 3002 2160 3072 nobis
2174 3023 2239 3072 esse

211 3101 322 3187 didit,
356 3099 521 3170 videlicet
541 3113 681 3192 praeter
711 3099 788 3168 dies
814 3099 970 3188 integros
992 3097 1067 3174 365
1095 3094 1202 3169 hora·
1254 3097 1453 3182 victimam,
1484 3092 1549 3169 seui
1575 3089 1731 3192 μεσίτην
1760 3092 1825 3170 καὶ
1844 3095 1987 3195 ἱκέτην,
2001 3087 2006 3096 ’
2021 3103 2186 3174 mirando
2209 3115 2239 3174 et

211 3197 331 3274 rum5
352 3215 387 3274 et
406 3203 654 3292 scrupulorum
671 3201 869 3294 primorum
882 3195 933 3282 55
953 3201 1060 3272 unius
1083 3195 1202 3278 horae.
1254 3199 1486 3270 inenarrabili
1504 3201 1670 3272 consilio:
1704 3201 1880 3273 sanctifica
1897 3227 1956 3272 me
1972 3202 2113 3296 Spiritu
2129 3219 2238 3276 sancto

210 3303 303 3378 Cum
326 3304 461 3374 reditus
482 3302 577 3376 Solis
598 3304 643 3373 ad
667 3303 823 3374 medium
846 3301 1108 3397 aequinoctium
1127 3327 1201 3374 non
1254 3316 1336 3388 tuo,
1369 3325 1469 3372 serva
1492 3301 1532 3372 iu
1560 3297 1616 3372 his
1642 3302 1847 3392 regionibus
1867 3301 2047 3376 Ecclesiae
2071 3307 2238 3402 reliquias,

122 3397 128 3408 ”
211 3419 353 3500 superet
377 3401 529 3484 horas5
563 3407 728 3498 scrupula
750 3403 800 3475 49
831 3429 910 3476 cum
943 3406 1073 3477 triente
1093 3406 1202 3476 unius
1254 3428 1329 3475 non
1343 3403 1438 3474 sinas
1452 3403 1611 3494 extingui
1623 3405 1739 3474 lucem
1752 3401 1939 3496 Evangelii
1953 3408 2019 3479 tui.
2053 3406 2127 3479 Fac
2141 3409 2237 3479 etism

211 3505 381 3602 scmpuli.
445 3504 497 3579 At
522 3507 658 3580 reditus
686 3505 782 3580 Solis
812 3508 857 3578 ad
889 3509 1037 3580 eandem
1065 3509 1201 3580 stellam
1255 3528 1353 3577 meos
1381 3499 1562 3598 orphanos
1588 3530 1670 3577 vasa
1697 3507 1972 3581 misericordiae.
2041 3507 2172 3582 ln'voco
2206 3521 2237 3578 ts

210 3613 315 3682 fixam
354 3610 489 3682 excedit
521 3611 754 3705 quadrantem
795 3609 868 3681 diei
909 3633 999 3704 pene
1046 3623 1215 3682 sextante·
1254 3631 1457 3703 quanquam
1481 3607 1649 3698 languida
1675 3609 1902 3680 etimbeeilla
1917 3611 2006 3697 fide,
2031 3613 2094 3682 sed
2109 3613 2175 3683 bde
2189 3625 2236 3682 ta·

210 3713 320 3792 unius
344 3707 455 3782 horae
481 3713 762 3806 aequinoctialis.
822 3711 939 3802 Quem
960 3735 1095 3783 annum
1119 3713 1203 3783 licet
1254 3735 1348 3782 men.
1408 3707 1526 3782 Credo
1548 3710 1601 3780 bli
1622 3707 1690 3780 Dei
1711 3707 1866 3781 Domine
1879 3709 1972 3782 teau
1991 3707 2136 3786 Christe
2161 3737 2236 3805 pro-

204 3809 481 3912 ’ddcepors'psda
496 3815 692 3886 nominare.
743 3813 838 3886 Belli
852 3827 1011 3906 tempore
1027 3839 1107 3885 eum
1128 3839 1202 3885 non
1255 3811 1415 3883 missioni
1429 3826 1528 3898 tuae,
1556 3836 1662 3906 quam
1679 3813 1851 3904 sanguine
1864 3827 1925 3884 tuo
1940 3827 1976 3885 et
1991 3815 2237 3887 resurremione

210 3917 446 4010 impediretur
464 3917 780 4010 praelectionibus,
812 3928 853 3986 ut
871 3917 1089 3987 moesticiam
1110 3916 1202 3986 leni·
1254 3913 1460 4006 obsignasti.
1521 3908 1664 3986 Adiuva
1682 3937 1758 4002 me,
1785 3915 1880 4006 erige
1894 3939 2014 3988 meum
2032 3931 2153 4009 pectus
2166 3917 2234 3988 tide.

212 4033 286 4105 ret,
304 4019 386 4112 plus
400 4019 569 4112 temporis
582 4019 709 4090 tribuit
721 4015 1049 4105 observationibus,
1073 4018 1111 4088 in
1122 4018 1203 4113 qui·
1353 4014 1428 4086 Has
1442 4016 1535 4106 ipsas
1552 4039 1655 4087 voces
1671 4041 1774 4109 saepe
1790 4041 1870 4088 eum
1886 4032 2043 4110 repetere
2061 4018 2165 4092 multi
2178 4041 2235 4088 au·

211 4123 280 4194 bus
301 4139 378 4192 nou
399 4121 515 4192 solum
545 4121 677 4192 nostris
701 4115 875 4192 machinis
894 4121 1107 4204 maioribus,
1141 4123 1201 4190 sed
1255 4118 1419 4191 divimus.
1469 4114 1610 4188 Deinde
1628 4118 1718 4189 filias
1742 4119 2008 4214 alloquebatur,
2033 4134 2069 4191 et
2091 4119 2234 4192 inculca·

213 4223 318 4295 etiam
339 4223 419 4294 aliis
440 4223 641 4294 minoribus
661 4224 846 4306 utebatur,
872 4239 968 4316 'quas
984 4235 1071 4294 tunc
1091 4223 1203 4294 labri·
1254 4223 1316 4292 bat
1331 4221 1487 4315 aliquam
1502 4219 1684 4292 doctrinae
1698 4234 1845 4312 partem.
1891 4219 1958 4292 His
1973 4223 2146 4305 dimissis,
2168 4221 2233 4313 ipse

213 4325 286 4398 cari
315 4339 505 4398 curaverat.
571 4324 667 4396 Loca
701 4325 811 4416 igitur
841 4325 1022 4396 stellarum
1053 4326 1202 4396 lixarum
1255 4323 1393 4394 redibat
1407 4323 1452 4392 ad
1468 4345 1591 4413 operas
1608 4322 1797 4397 institutas.
1848 4319 1938 4394 Nam
1954 4323 2072 4396 morbi
2089 4339 2233 4415 tempore

211 4427 409 4500 multarum
422 4425 642 4513 observavit,
666 4451 758 4522 quae
780 4427 891 4521 ipsius
910 4451 1018 4498 manu
1032 4439 1202 4517 annotata
1255 4425 1406 4496 absolvit
1426 4423 1625 4493 versionem
1650 4425 1736 4498 libri
1751 4421 1901 4496 Lutheri
1918 4427 1963 4495 de
1976 4426 2113 4497 ultimis
2127 4421 2231 4495 verbis

211 4526 394 4603 habemus.
459 4524 616 4622 Opticen
647 4531 751 4600 etiam
789 4531 902 4622 probe
927 4529 1122 4612 intellexit,
1162 4537 1203 4623 nt
1253 4525 1383 4598 David.
1432 4522 1628 4618 Reliquum
1651 4540 1790 4618 tempus
1803 4527 1983 4598 tribuebat
1999 4529 2087 4599 alias
2100 4522 2230 4598 lectioni
2303 4513 2304 4608 Ῐ

213 4655 320 4726 opera
341 4631 416 4704 eius
441 4632 579 4722 generis
599 4631 711 4722 ipsius
742 4657 852 4702 mauu
878 4632 1053 4724 descripta
1083 4629 1200 4725 osten,
1254 4629 1495 4708 Psalmorum,
1528 4627 1616 4698 alias
1638 4625 1859 4714 Ptolemaeo,
1894 4627 2057 4716 Theoni,
2091 4625 2229 4709 Euclidi,
2303 4639 2304 4680 ῑ

212 4738 314 4809 dunt.
365 4731 457 4806 Nam
477 4747 512 4805 et
533 4728 676 4806 Rhetici
693 4733 976 4805 lucubrationem
994 4747 1028 4804 et
1043 4727 1202 4804 Alhase‘n
1254 4719 1442 4824 Epitomac
1466 4727 1756 4819 Regiomontani.
1815 4727 1864 4802 Et
1884 4755 1963 4801 cum
1980 4733 2043 4802 diu
2056 4733 2141 4804 foris
2156 4751 2228 4801 con·
2303 4747 2304 4802 t

211 4861 274 4909 sua
310 4861 420 4908 manu
454 4835 659 4928 descripsit,
697 4836 761 4907 ubi
791 4837 904 4908 multa
932 4827 1202 4936 διαγράμματα
1254 4833 1444 4924 templatus
1464 4845 1554 4903 esset
1575 4833 1732 4916 coelum,
1763 4835 1905 4903 tandem
1929 4857 2052 4905 rursus
2074 4835 2167 4904 velut
2180 4831 2227 4899 in-
2303 4835 2304 4920 l

212 4963 302 5034 quae
316 4942 461 5011 deerant
476 4938 629 5009 addidit.
1211 5019 1212 5022 Ἴ
1254 4957 1391 5026 gressus
1405 4933 1561 5018 coelum,
1586 4935 1699 5004 filium
1712 4931 1781 5003 Dei
1793 4931 1991 5006 Dominum
2011 4951 2166 5009 nostrum
2181 4930 2226 5000 le-
2303 4949 2304 4964 ¹

314 5041 385 5115 Sed
408 5041 498 5136 quia
522 5041 718 5131 longiorem
742 5040 1110 5112 commemorationem
1133 5032 1202 5108 hoc
1253 5061 1330 5110 sum
1346 5033 1528 5109 Christum
1542 5035 1796 5126 compellabat,
1817 5051 1851 5109 et
1867 5039 2031 5110 usitatam
2048 5033 2226 5108 invocatio-
2303 5051 2304 5132 ζ

213 5155 351 5236 tempus
374 5143 480 5214 nobis
506 5165 581 5213 non
602 5141 782 5224 concedit,
813 5165 924 5234 pauca
948 5143 993 5212 de
1021 5153 1199 5233 postremo
1254 5165 1335 5210 nem
1365 5153 1400 5211 et
1421 5137 1677 5209 consessionem
1701 5140 1890 5230 repetebat.
1949 5137 2136 5212 Sermones
2157 5157 2223 5207 cnm
2303 5179 2304 5254 p

212 5245 289 5314 eius
304 5259 384 5316 actu
399 5245 525 5314 dicam.
575 5243 793 5316 Meministis
806 5267 887 5314 eum
901 5243 1201 5334 decumbereplus
1253 5241 1375 5313 amicis
1403 5253 1522 5324 erant,
1564 5240 1685 5332 quales
1711 5254 1815 5311 antea
1842 5243 1985 5313 fueraut
2011 5244 2056 5312 de
2076 5239 2223 5314 omnibus

211 5345 327 5418 tribus
347 5345 546 5431 mensibus,
571 5347 648 5418 sine
666 5369 727 5437 spe
748 5347 1009 5435 recuperandae
1026 5343 1201 5416 valetudi-
1253 5343 1434 5416 doetrinae
1446 5341 1624 5432 partibus,
1649 5343 1694 5411 de
1708 5342 1870 5414 miranda
1878 5339 2057 5415 Ecclesiae
2067 5345 2220 5434 guberna·

212 5445 280 5519 nis.
336 5441 451 5516 Erant
482 5447 578 5517 enim
607 5449 779 5528 extinctae
810 5445 902 5518 vires
927 5447 1137 5533 ventriculi,
1168 5459 1202 5517 et
1252 5445 1368 5532 tione,
1394 5446 1439 5515 de
1451 5443 1732 5529 immortalitate,
1758 5445 1803 5515 de
1817 5469 1878 5538 spe
1898 5459 2041 5519 nostrae
2054 5454 2220 5519 consuetu·
