4760 5826
103 267 152 346 er
376 336 380 344 ,
467 335 471 346 ,
653 194 1570 349 oscamnnxtuermuocaus.
1700 373 1702 376 Ι
1971 221 1974 230 ’
2072 205 2129 340 ιι

104 439 265 511 laudatos
290 435 496 532 Principes,
533 438 596 508 'sed
630 438 839 510 clementiae
870 441 976 511 laude
1012 411 1092 511 cum
1142 431 1210 508 niis
1230 439 1317 520 fuit,
1345 441 1391 508 ita
1408 460 1483 509 ιιοιι
1493 437 1604 529 gessit
1618 461 1699 508 cum
1704 432 1798 510 alus
1816 437 1929 519 bella,
1951 437 2022 509 nisi
2045 461 2127 511 cum

103 541 356 612 Maximiliano
380 563 455 610 non
478 553 610 610 temere
633 541 886 662 conferendos,
924 565 1015 636 quae
1036 543 1093 612 vel
1140 543 1185 612 iis
1201 567 1266 660 ιιιιι
1257 541 1446 634 'publicae
1463 536 1831 640 salutiinfestieraot.
1871 537 2080 614 Privatam
2068 565 2139 610 rn··

104 638 172 714 hoc
191 644 347 762 amplior
368 658 439 729 est,
464 643 595 736 quod
583 662 659 736 ipsa
684 645 730 714 sit
754 644 915 716 omnium
933 641 1092 715 heroica·
1140 644 1269 713 iuriam
1286 644 1427 714 videtur
1442 638 1563 714 tulisse
1579 644 1696 712 minus
1720 631 1848 732 aegre,
1858 665 1966 736 quarn
1988 645 2127 713 soleant

8 759 10 770 ’
103 769 184 814 rum
199 745 373 815 virtutum
391 767 547 828 summa,
567 767 672 836 prora
688 760 723 816 et
736 770 885 839 puppis
901 761 941 816 ιιι
956 749 1089 818 dicunt.
1138 746 1245 835 vulgo
1271 743 1443 866 Regum
1432 748 1587 837 ingenia.
1648 745 1717 816 Sed
1744 745 1830 838 quid
1858 768 1932 814 non
1958 745 2127 836 privatim

102 841 289 917 Etenim
262 871 343 917 cum
358 869 475 917 sacrae
497 845 618 917 hterae
634 841 751 916 Deum
769 843 856 939 Opt.
871 847 969 921 Max.
996 873 1091 918 mor·
1138 849 1304 919 ferretis
1320 873 1383 942 qur
1404 873 1478 918 non
1502 848 1572 918 sibi
1591 847 1929 947 ιιιιιιιιιιιιιιιιιιιιιιι
1946 847 2038 934 geri,
2064 849 2125 917 sed

102 951 234 1022 talibus
259 941 480 1039 potissimum
507 948 698 1040 praeconio
720 949 925 1021 clementiae
948 967 981 1024 et
1005 954 1090 1044 φιλ·
1138 945 1343 1044 Christiano
1369 951 1544 1042 populo,
1555 952 1626 1020 imo
1647 944 1812 1021 Christo?
1839 973 1904 1018 nec
1927 948 2025 1018 aliud
2053 973 2127 1020 esse
2231 1031 2234 1040 Ι

104 1047 327 1148 ανθρωιιίας
347 1051 614 1133 commendant,
646 1073 718 1119 non
742 1065 857 1142 potest
879 1075 953 1122 esse
977 1055 1091 1122 bonus
1138 1049 1300 1142 Regem,
1324 1077 1430 1147 quam
1455 1055 1590 1123 bonum
1613 1051 1926 1143 patremfamilias?
1957 1050 2020 1144 qui
2049 1065 2126 1122 tum

102 1153 293 1246 Princeps,
332 1151 395 1244 qui
425 1177 500 1221 non
530 1153 636 1244 pleno
666 1165 806 1244 pectore
834 1167 1089 1225 sacrosanctam
1139 1175 1175 1221 se
1198 1155 1340 1224 demum
1362 1155 1504 1226 beatum
1530 1167 1648 1248 putat,
1673 1175 1753 1222 cum
1779 1155 1916 1244 beatam
1939 1153 2035 1224 videt
2061 1163 2124 1223 sua
2207 1202 2208 1212 ι

103 1253 380 1326 illamcoelestis
406 1249 696 1344 philanthropiae
718 1255 867 1372 speciem
889 1257 1089 1358 complexus
1138 1281 1243 1340 cura,
1270 1281 1343 1326 suis
1360 1257 1534 1342 consitus
1557 1279 1620 1326 sua
1638 1255 1812 1324 industria
1831 1255 2016 1324 familiam.
2070 1252 2126 1324 lta

102 1371 161 1429 est.
213 1357 305 1427 Nam
330 1351 396 1425 hac
417 1377 489 1425 una
509 1355 655 1426 iubetur
667 1377 815 1425 maxime
830 1359 961 1426 referre
987 1381 1090 1448 supe-
1137 1355 1248 1478 Regis
1270 1372 1338 1443 est,
1363 1381 1437 1428 non
1462 1357 1613 1431 libidine
1636 1345 1697 1426 sua
1718 1360 1866 1427 modum
1883 1369 2037 1428 statuere
2056 1355 2126 1424 im-

102 1485 183 1532 rum
207 1485 247 1529 ac
270 1459 420 1530 coeleste
442 1467 576 1527 numen
600 1459 639 1526 in
658 1459 773 1528 terris.
825 1456 987 1530 'landem
1006 1485 1089 1528 vero
1140 1460 1263 1550 periis,
1289 1462 1350 1528 sed
1366 1464 1551 1532 commodo
1568 1459 1724 1553 publico
1777 1457 1860 1550 Quo
1878 1481 1997 1528 minus
2011 1461 2128 1528 honos

103 1563 232 1632 sedatis
271 1559 449 1632 intestinis
475 1559 649 1645 motibus,
686 1555 930 1650 Burgundiam
963 1559 1090 1632 Gallus
1138 1575 1246 1680 agunt
1270 1559 1473 1654 Principes,
1507 1563 1570 1656 qui
1595 1562 1665 1631 sihi
1687 1561 1831 1680 ιιιιίιιιιὶι
1851 1559 1958 1630 licere
1982 1573 2126 1652 putant·

102 1665 253 1748 invasit,
275 1663 340 1732 ubi
366 1683 468 1752 saepe
492 1685 572 1731 cum
596 1656 698 1732 hoste
722 1685 928 1752 congressus
950 1677 1001 1734 est
1023 1689 1090 1734 no·
1139 1663 1294 1753 peiores,
1321 1665 1607 1760 quibusquidvis
1623 1665 1729 1747 libet,
1755 1663 1983 1733 itavidelicet
2004 1662 2127 1732 imbu-

101 1781 190 1852 ster,
222 1765 322 1854 signa
356 1787 460 1855 saepe
491 1763 629 1834 retulit.
689 1761 732 1833 lu
753 1787 910 1849 summa,
942 1762 1088 1835 Gallum
1138 1765 1205 1844 tis,
1241 1779 1281 1836 ut
1303 1767 1403 1838 nullo
1428 1767 1632 1837 discrimine
1659 1715 1806 1834 hohesta
1832 1789 1872 1834 ac
1896 1763 2035 1856 turpia,
2073 1765 2127 1834 fas
2189 1777 2191 1780 ’

104 1865 299 1938 Genuanra
316 1864 537 1950 exturbavit
561 1879 668 1958 atquc
684 1860 743 1934 hic
764 1818 910 1986 ιιιιὶιιιιιι
926 1876 977 1936 ιιι
999 1865 1089 1936 adir-
1139 1868 1237 1936 nefas
1254 1867 1442 1938 misceant
1470 1870 1532 1963 qui
1554 1893 1591 1938 ιι
1614 1889 1760 1985 regnare
1781 1889 1856 1986 ιιοιι
1880 1880 2029 1958 putant,
2056 1865 2127 1986 pisi

102 2069 295 2155 admonui,
321 2093 404 2138 nam
418 2081 458 2138 ut
473 2067 613 2158 singula
626 2069 864 2161 explicentur
891 2072 1007 2164 neque
1023 2065 1089 2138 boc
1137 2024 1367 2164 ιιιιιιιιιιιι,
1356 2095 1430 2158 ius,
1476 2073 1550 2156 fas,
1598 2073 1752 2155 bonum,
1799 2093 1969 2164 acquum,
2017 2069 2128 2161 pium,

103 2171 395 2267 patiturdiccndi
417 2171 596 2263 spacium,
621 2194 735 2264 neque
753 2171 935 2261 ingenium
961 2197 1089 2244 meum.
1137 2187 1319 2256 sanctum,
1346 2127 1469 2258 ιιιιιι,
1495 2127 1722 2262 religionem,
1747 2173 2036 2267 deniqucomnia
2058 2195 2127 2290 pu-

104 2275 234 2346 lamet
254 2274 392 2394 reliqua
412 2295 676 2363 percurremus,
702 2273 910 2344 melioribus
928 2275 1012 2342 inde
1030 2297 1086 2343 ιιι
1137 2274 1228 2344 blica
1253 2288 1288 2344 et
1314 2277 1449 2378 privata
1472 2277 1697 2349 conturbent.
1756 2272 1848 2344 Nolo
1879 2298 1976 2345 nunc
1998 2273 2126 2342 memi-

104 2403 172 2474 qnc
188 2399 292 2448 annis
312 2399 393 2446 cum
408 2375 504 2445 bello
528 2387 603 2445 tum
618 2397 701 2466 pace
716 2390 830 2464 gesta
856 2399 945 2470 quae
969 2375 1088 2444 omnia
1136 2377 1230 2446 nisse
1254 2367 1488 2446 Claudiorum
1500 2375 1737 2462 ,Neronum,
1761 2367 1971 2461 Commodi,
1997 2374 2126 2456 Helio·

103 2483 284 2572 ingentem
306 2492 341 2548 ιι
364 2501 444 2546 ιιιι
458 2473 644 2547 heroicum
664 2475 905 2547 Maximiliani
929 2478 1088 2546 animum
1136 2477 1270 2568 gabali,
1294 2433 1530 2564 Diocletiani,
1552 2473 1747 2564 Maientii,
1774 2492 1806 2548 et
1824 2477 2006 2551 similium.
2053 2475 2126 2569 lpsi

103 2590 270 2673 arguunt.
297 2577 448 2672 ltaque
436 2603 467 2648 rs
481 2579 604 2648 indole
618 2577 691 2663 tah,
709 2601 776 2648 usu
791 2603 910 2650 rerum
928 2577 999 2650 iarn
1016 2604 1089 2650 non
1136 2601 1202 2650 nos
1232 2580 1272 2648 in
1302 2582 1383 2651 sinu
1414 2595 1559 2666 nostro,
1590 2579 1780 2662 Genuaui,
1814 2580 1876 2674 qui
1908 2579 2125 2651 assuevimus

102 2681 295 2766 mediocri,
321 2705 416 2772 spem
434 2681 489 2750 sui
508 2693 642 2750 tantam
653 2677 870 2751 Germaniae
886 2681 1090 2772 proceribus
1135 2705 1274 2775 semper
1287 2705 1359 2752 esse
1377 2683 1501 2768 liberi,
1526 2683 1614 2752 tales
1637 2681 1766 2752 alimus
1783 2679 1958 2771 Regulos;
1985 2704 2075 2776 quos
2094 2680 2124 2750 si

102 2783 206 2868 fecit,
216 2787 396 2855 'utunum
410 2783 563 2854 fascibus
578 2779 772 2868 Romanis,
798 2797 975 2854 etcorona
997 2781 1088 2853 Ger·
1136 2809 1216 2854 cum
1240 2784 1415 2855 maiorum
1443 2785 1653 2854 saevissimis
1680 2801 1713 2853 et
1735 2784 2001 2861 immanissimis
2023 2782 2126 2872 flagi·

100 2912 237 2958 manici
253 2909 352 2976 regns
343 2885 517 2974 dignum
542 2885 754 2956 censuerint.
809 2883 1006 2978 Imperator
1028 2887 1090 2953 de·
1136 2887 1195 2954 tiis
1220 2909 1483 3004 comparemus,
1519 2887 1621 2956 facilc
1647 2885 1877 2970 crediderim,
1910 2907 2011 2977 posse
2042 2885 2124 2954 illos

102 2989 281 3080 signatus,
307 2987 401 3080 apud
411 2983 675 3082 Aqursgranum
685 2983 798 3078 Regio
812 2981 950 3056 honore
966 3001 1088 3057 auctus
1136 2984 1306 3058 hodiem
1332 3013 1521 3058 ιιιιιιιιιιιιιι
1545 2990 1722 3059 honorum
1746 2986 1954 3078 Principum
1974 2987 2124 3060 relatum

102 3107 172 3176 ιιι,
195 3085 304 3182 idque
322 3101 468 3183 parente
484 3114 585 3174 vivo
611 3111 700 3181 quae
712 3113 801 3157 raris
816 3085 988 3159 foehcitas
1004 3113 1089 3158 con
1137 3091 1196 3160 iri.
1245 3087 1388 3176 Quanto
1405 3092 1513 3160 satius
1534 3104 1607 3162 erat
1625 3089 1809 3181 Principes
1832 3084 1939 3158 huius
1962 3089 2123 3158 aetatise

101 3195 196 3284 tigit.
246 3191 408 3263 Primum
428 3192 591 3261 omnium
615 3189 828 3260 Germaniae
850 3203 979 3260 statum
1001 3215 1086 3259 con-

100 3293 344 3366 foederatione
367 3291 517 3369 Suevica
546 3292 699 3377 sancita,
731 3293 975 3377 confirmavit,
998 3290 1086 3362 rutili

62 3441 70 3453 =
100 3421 188 3469 sane
210 3395 378 3480 consilio,
411 3419 482 3489 quo
508 3391 722 3464 Germaniae
747 3419 830 3490 opes
859 3393 916 3464 vel
948 3395 1088 3486 potissi-

100 3495 455 3570 mum‘communitae
473 3507 574 3565 sunt:
599 3493 667 3565 fuit
689 3497 783 3566 enim
803 3521 842 3567 ea
861 3497 1088 3566 confoedera-

100 3605 153 3674 tio
170 3598 342 3670 hactenut
360 3598 398 3666 in
422 3599 529 3667 rebus
544 3597 663 3668 dubiis
684 3598 915 3668 certissimum
936 3596 1088 3668 Germa-

101 3705 185 3774 niae
202 3699 437 3794 praesidium:
460 3695 619 3770 Ostriam
636 3701 764 3769 deinde
780 3701 825 3770 ab
836 3699 1017 3790 Hungaris
1033 3721 1086 3768 as·

101 3806 225 3877 seruit.
277 3803 353 3874 Sub
370 3803 464 3872 idern
483 3813 622 3894 tempus
635 3801 822 3892 imperavit
837 3801 965 3873 Turris
983 3814 1087 3888 notae

101 3907 256 3978 ferociae
276 3903 434 3974 Baiazita
458 3926 536 3988 ιιι,
562 3903 623 3998 qui
649 3903 687 3972 in
702 3901 972 3996 Hellespontum
991 3928 1087 3994 gras-

103 4023 198 4080 satus
227 4009 340 4091 bello,
373 3999 515 4102 illyrios
539 4005 681 4074 afflixit:
734 4004 930 4088 Dalmatas,
956 4007 1085 4074 deinde

102 4135 193 4206 quac
229 4123 312 4179 sunt
345 4109 384 4177 in
418 4105 560 4176 viciniis
585 4108 762 4196 regiones,
795 4103 1016 4178 Corinthiam
1051 4121 1087 4178 et

101 4213 250 4285 Croatas
283 4210 432 4293 invasit,
464 4211 719 4300 depraedatum
750 4210 892 4292 similis:
944 4211 1085 4299 pessimi

101 4317 219 4386 fuerat
235 4312 385 4402 exempli
402 4335 457 4404 res
472 4313 611 4395 futura,
636 4312 705 4379 nisi
727 4312 979 4403 irrumpentem
1006 4311 1086 4380 Ma-

101 4417 309 4487 ximilianus
331 4409 588 4504 prohibuisset:
624 4413 762 4506 aliquot
787 4415 985 4484 'furcarum
1010 4439 1087 4482 ma-

101 4517 221 4611 nipuli
251 4517 290 4585 in
323 4517 406 4606 fuga
439 4515 529 4584 caesi
554 4527 649 4587 sunt.
700 4513 774 4584 Iam
799 4529 874 4586 tum
900 4511 1096 4606 ιιοιιιιιιι,Ι

103 4619 300 4691 Germania
322 4617 457 4688 Turcas
481 4617 577 4686 vinci
602 4639 702 4708 posse
721 4617 864 4703 didicit,
894 4643 935 4688 ex
957 4619 1087 4711 quibus

102 4747 169 4792 nos
185 4721 294 4812 paulo
310 4733 392 4789 ante
398 4743 561 4810 ,semper
575 4719 661 4789 alias
677 4743 818 4812 quoque
834 4720 974 4790 invictis
983 4743 1087 4812 g,ra-

102 4826 283 4894 rissimam
308 4821 441 4891 cladem
466 4823 532 4890 sub
547 4817 776 4941 S'gismundo
789 4819 937 4892 Caesare
954 4821 1087 4912 accepi-

1139 3189 1405 3261 Maximilinni
1395 3193 1557 3282 ingenio,
1584 3215 1645 3262 sua
1669 3206 1880 3282 temperare,
1905 3207 1945 3261 ut
1969 3215 2073 3292 quem
2102 3213 2122 3260 a

1136 3294 1271 3384 superis
1294 3309 1499 3386 acceperant
1519 3307 1672 3390 patrem,
1706 3307 1740 3364 et
1764 3307 1998 3378 servatorem,
2031 3315 2121 3361 eun-

1135 3398 1213 3464 dem
1229 3397 1389 3466 moribus
1411 3399 1606 3480 referrent,
1632 3395 1688 3464 vel
1705 3391 1773 3466 hoc
1788 3397 1914 3480 etiam
1941 3419 2011 3487 quo
2039 3415 2122 3483 gra·

2190 1949 2213 1998 ft

1136 3497 1325 3568 titudinem
1349 3496 1457 3568 animi
1493 3499 1549 3567 sui
1580 3498 1789 3568 coelestibus
1818 3449 2056 3580 declirarent,
2090 3495 2122 3564 si
2196 3560 2200 3570 ,

1134 3600 1290 3668 illum
1262 3623 1312 3668 sic
1334 3615 1448 3670 essent
1471 3600 1664 3689 compleri,
1689 3611 1729 3668 ut
1752 3599 1827 3670 cius
1849 3623 1954 3704 quam
1971 3597 2121 3668 maxime

1135 3700 1267 3770 similes
1289 3723 1325 3770 se
1346 3702 1489 3774 vellent.
1541 3703 1583 3772 In
1609 3697 1676 3772 hoc
1700 3725 1778 3772 cum
1802 3723 1939 3792 semper
1959 3699 2122 3791 publicae

1135 3804 1255 3875 salutis
1277 3804 1401 3874 arserit
1422 3827 1523 3886 cura,
1556 3799 1649 3873 nihil
1674 3827 1748 3872 non
1772 3805 1895 3872 datum
1929 3815 1981 3872 est
2002 3801 2120 3871 studio

1137 3905 1247 4024 pacis,
1276 3906 1437 3996 publicae
1458 3905 1577 3998 pietati
1600 3921 1634 3977 et
1656 3905 1832 3994 religioni.
1885 3901 1963 3998 Ipse
1984 3926 2122 3994 semper
2231 3925 2235 3943 ι
2310 3873 2333 3929 ”

1136 4009 1173 4076 in
1189 4009 1296 4076 armis
1311 4009 1398 4093 fuit,
1420 4033 1464 4076 ne
1484 4031 1641 4102 unquam
1664 4008 1782 4078 subito
1797 4020 1897 4077 motu
1915 4007 2121 4104 turbaretur

1137 4108 1340 4180 Germania.
1394 4109 1472 4204 lpse
1495 4127 1633 4202 semper
1649 4110 1740 4179 bella
1757 4109 1881 4198 gessit,
1906 4122 1946 4178 ut
1960 4110 2005 4176 ab
2020 4095 2121 4176 omni

1134 4225 1231 4282 metu
1246 4213 1422 4280 bellorum
1446 4225 1518 4282 tuta
1535 4225 1623 4282 esset
1641 4209 1850 4281 Germania.
1878 4235 1958 4281 cum
1975 4207 2121 4279 Geldris

1136 4315 1214 4382 ideo
1233 4313 1425 4394 dimicavit,
1446 4337 1491 4382 ne
1508 4314 1671 4384 viciniam
1688 4312 1884 4383 latrociniis
1897 4311 2120 4382 infestarent:

1135 4439 1213 4485 cum
1233 4411 1425 4499 Helvetiis,
1451 4429 1491 4486 ut
1507 4439 1587 4486 suos
1612 4441 1630 4486 a
1648 4415 1683 4484 vi
1708 4429 1892 4484 assereret:
1919 4437 1999 4484 cum
2015 4411 2121 4482 Pala-

1135 4517 1212 4587 tino
1234 4518 1336 4598 item,
1359 4539 1404 4585 ne
1427 4517 1465 4586 in
1477 4513 1646 4588 Rhenum
1664 4517 1744 4610 plus
1759 4539 1872 4608 aequo
1893 4527 2121 4604 grassaretur.

1136 4617 1227 4710 Quis
1248 4633 1300 4690 est
1322 4618 1416 4687 enim
1441 4619 1503 4712 qui
1531 4621 1640 4689 nescit
1666 4633 1874 4710 occupatum
1900 4618 1938 4685 in
1966 4614 2122 4700 Geldris,

1136 4723 1180 4791 ad
1202 4721 1463 4813 suscipiendum
1486 4745 1567 4790 cum
1590 4719 1762 4790 Helvetiis
1782 4721 1915 4790 bellum
1938 4718 2036 4809 gravi
2063 4741 2122 4786 re-

1136 4848 1216 4893 rum
1234 4847 1377 4894 suarum
1396 4823 1555 4914 periculo
1570 4821 1726 4892 aSuevis
1744 4836 1927 4892 evocatum
1944 4842 2036 4900 ιιιι,
2058 4821 2120 4912 qui
2161 4877 2164 4885 ι

100 4949 198 4996 mus:
227 4947 350 4994 verum
368 4917 461 4992 nihil
475 4925 589 4994 fuerat
611 4924 759 5012 periculi
776 4923 906 4994 nostris
920 4925 1026 4994 rebus
1047 4948 1088 4992 ex
1137 4926 1207 4994 iarn
1231 4940 1313 4997 ante
1334 4925 1466 4994 bellurn
1490 4926 1675 5012 gerebant,
1709 4947 1814 5016 quam
1838 4924 1936 4992 illios
1960 4921 2058 5011 signa
2078 4935 2122 4991 et

100 5027 233 5099 Turris
249 5021 367 5097 hoc
333 5051 436 5109 vivo
460 5049 564 5119 quern
579 5026 744 5094 scilieet
733 5051 802 5094 ram
819 5027 905 5098 olim
928 5026 1087 5115 agnitum
1136 5028 1272 5120 aquilas
1297 5025 1494 5096 vidissent?
1525 5041 1560 5096 et
1585 5049 1665 5095 cum
1697 5023 1869 5096 Palatinis
1892 5021 2120 5114 Principibus

99 5155 178 5200 non
195 5143 327 5198 temere
343 5152 381 5196 ιιι
397 5151 493 5196 arma
512 5128 670 5226 vocaturi
691 5141 807 5198 ιιιιιι.
836 5141 968 5198 caetera
981 5127 1089 5198 Bata
1136 5143 1216 5199 ante
1238 5131 1349 5198 multa
1370 5129 1446 5196 de
1437 5151 1513 5196 rure
1536 5139 1610 5198 aeta
1626 5141 1727 5207 sunt
1736 5149 1859 5221 quam
1878 5149 1974 5196 arma
1996 5149 2120 5195 move-

100 5233 171 5302 zita
193 5230 366 5314 invictus,
389 5225 554 5299 huius
520 5253 592 5297 vnn
609 5253 682 5300 non
704 5231 883 5304 sustinuit.
935 5228 1088 5319 Regres-
1136 5245 1277 5316 rentur,
1302 5232 1448 5300 fortasse
1465 5243 1541 5299 tum
1557 5251 1698 5324 quoque
1717 5249 1903 5328 parsurus,
1929 5249 2001 5296 ιιιιι
1989 5223 2120 5296 Pala

100 5359 160 5406 sus
178 5331 340 5403 ιιιῐιιιιι
329 5355 367 5400 ιιι
385 5331 576 5403 Sicambris
593 5333 727 5402 bellum
726 5334 864 5424 gessit,
885 5357 956 5426 quo
974 5345 1089 5403 essent
1135 5333 1251 5404 tinum
1271 5332 1427 5403 converti
1450 5333 1495 5400 ad
1519 5333 1591 5401 vim
1615 5331 1788 5405 sensisset.
1841 5327 1920 5422 lpse
1941 5323 2010 5398 hoc
2034 5329 2121 5414 scio,

100 5435 242 5508 arcolae
258 5458 278 5505 ι
293 5433 491 5525 latrociniis
506 5432 585 5506 tuti.
637 5431 728 5506 Nam
743 5449 784 5507 ut
804 5435 977 5506 assiduo
966 5459 1005 5504 ιιι
1029 5457 1088 5504 ar·
1135 5457 1217 5530 pars
1232 5435 1380 5506 illomm
1392 5432 1580 5519 malorum,
1602 5457 1682 5504 cum
1699 5429 2038 5521 comitiisAugustae
2054 5423 2120 5498 ha·
