4616 5816
208 223 285 304 469
742 205 912 292 ,DECb
952 203 1026 287 ott
1058 201 1331 285 sssatno
1364 202 1714 289 MUNSTERO.
2159 210 2226 286 460

207 415 294 474 tuus
327 403 388 464 est
439 383 626 476 Ingenium
658 381 714 452 illl
739 381 808 454 fuit
829 381 918 450 mite
942 403 983 450 ac
1010 379 1199 472 placidum,
1350 376 1423 452 Res
1439 379 1623 482 familiaris
1639 379 1714 469 illi,
1740 394 1780 453 ut
1801 381 1916 468 scitis,
1939 405 2013 452 non
2030 383 2226 476 amplafuit,

206 499 355 572 dixisses
368 487 550 562 homiuem
563 485 605 554 ad
631 479 887 556 humanitatem
903 495 937 552 et
953 481 1199 552 mausuetudi-
1249 481 1322 550 imo
1357 499 1402 548 ne
1431 481 1617 552 mediocris
1643 483 1807 574 quidem,
1841 487 1902 555 sed
1934 485 2050 555 tenuis
2082 499 2117 556 et
2147 509 2226 576 pene

209 624 311 683 nean,
336 592 436 687 quasi
454 587 626 658 divinitus
647 585 823 676 sculptum
843 597 878 654 et
899 583 1041 654 factum.
1094 581 1198 654 Hanc
1249 581 1392 666 affecta,
1424 581 1599 678 pleneque
1629 584 1729 670 talis,
1763 585 1905 680 qualern
1926 585 2097 656 Salomon
2119 609 2138 655 a
2159 583 2227 657 Deo

210 705 285 793 ipse
310 709 455 764 nauscae
477 688 657 758 lenitatem
680 686 801 756 studio
827 708 968 783 quoque
991 697 1024 754 et
1048 685 1198 754 medita·
1249 695 1358 774 optat,
1384 705 1464 751 cum
1479 683 1543 753 ait:
1569 679 1783 754 Demensum
1798 710 1916 756 meum
1934 690 1978 756 da
1993 683 2094 757 rnihi.
2126 683 2228 780 Atqui
2292 753 2293 766 ,

208 804 306 874 tione
321 795 502 870 tuebatur,
527 811 664 860 summa
680 786 860 875 diligentia
875 808 1014 870 cavens,
1040 786 1196 877 nequod
1248 784 1378 854 scimus
1400 807 1474 852 non
1495 785 1602 876 paulo
1621 785 1790 856 maiorem
1808 787 1973 858 virtutem
1992 811 2086 876 esse,
2106 812 2145 858 re
2160 813 2228 858 mo

209 899 347 974 duriter
368 919 387 965 a
411 915 448 961 se
475 903 536 960 aut
557 911 677 979 aspere
706 911 780 956 non
804 887 911 954 modo
940 887 1039 956 lieret
1062 886 1198 966 dicere-
1249 886 1326 955 dica
1353 897 1387 956 et
1407 906 1469 954 sua
1493 899 1699 958 contentum
1722 889 1857 960 vivere:
1883 889 2085 975 fortunam,
2106 890 2229 984 qualis-
2292 919 2293 948 1

210 1021 331 1080 torve,
357 995 417 1066 scd
434 1005 475 1062 ut
493 1004 527 1060 et
549 989 586 1058 in
612 1002 772 1079 aspectu,
797 986 1023 1080 incessuque,
1049 999 1083 1057 et
1098 985 1198 1056 omni
1250 1009 1420 1079 cunquea
1437 984 1513 1056 Deo
1529 988 1695 1077 contigit,
1720 989 1808 1058 boui
1830 991 2035 1076 consulere,
2058 1015 2166 1084 eaque
2179 991 2230 1084 pie

209 1101 365 1194 denique
389 1092 500 1166 animi
525 1090 752 1182 corporisque
775 1084 899 1159 habitu
924 1113 963 1158 ae
986 1101 1086 1159 motu
1112 1111 1198 1156 ean·
1248 1111 1290 1158 ac
1316 1083 1462 1158 honeste
1483 1088 1558 1173 uti,
1591 1113 1666 1158 non
1688 1085 1828 1160 inhiare
1855 1092 1982 1162 alienis
2002 1093 2230 1176 facultatibus,

159 1257 179 1286 „
210 1209 290 1276 dem
312 1195 519 1270 suavitatem
543 1191 784 1260 solenitatem
811 1201 1044 1259 conservaret.
1093 1183 1139 1260 Et
1158 1189 1198 1273 si,
1250 1188 1386 1258 nemini
1403 1188 1581 1274 invidere,
1604 1191 1739 1264 nullius
1754 1213 1896 1264 cursum
1913 1194 2106 1285 impedire,
2132 1218 2228 1286 quam

208 1321 250 1378 ut
274 1315 343 1386 est,
369 1293 580 1368 verecundia
601 1305 692 1360 recte
714 1303 859 1360 ornatus
882 1291 993 1376 vitae,
1025 1301 1059 1359 et
1082 1303 1198 1360 custos
1250 1290 1454 1380 ingentibus
1493 1291 1622 1382 opibus
1663 1317 1876 1388 quocunque
1916 1297 2023 1366 modo
2063 1294 2220 1388 quaesitis

208 1404 370 1478 omnium
395 1397 565 1466 virtutum
595 1389 807 1462 aCicerone
830 1389 980 1476 dicitur,
1019 1386 1112 1462 hanc
1137 1391 1198 1462 ille
1250 1391 1435 1483 splendide
1459 1391 1523 1462 uti.
1583 1389 1842 1464 Patrimonium
1862 1396 1923 1464 ille
1943 1391 2011 1465 hoe
2039 1390 2230 1488 pulcherri-
2293 1429 2294 1484 2

208 1509 376 1576 virtutem
391 1499 446 1567 vel
469 1495 585 1588 potius
603 1493 775 1564 virtutum
798 1493 958 1562 omnium
982 1492 1138 1582 reginam
1160 1515 1199 1561 ac
1250 1515 1348 1562 mum
1376 1505 1410 1560 et
1436 1492 1691 1583 amplissimum
1725 1495 1799 1564 suis
1830 1497 2031 1590 relinquere
2067 1498 2231 1579 studebat,
2293 1499 2294 1520 ¹

209 1601 478 1677 moderatricem
500 1596 584 1664 iude
601 1617 713 1687 usque
737 1618 756 1662 a
777 1617 886 1685 puero
909 1593 946 1662 in
964 1593 1064 1662 omni
1079 1593 1148 1662 vita
1165 1605 1200 1662 et
1251 1615 1394 1684 nempe,
1417 1593 1547 1662 famam
1568 1607 1733 1685 paternae
1754 1597 1942 1688 probitatis
1964 1611 1997 1669 et
2013 1599 2125 1684 vitae,
2150 1598 2230 1668 libe-

208 1707 347 1780 actione
366 1701 539 1770 illibatam
562 1719 698 1764 summa
717 1712 800 1764 cura
824 1695 981 1765 retinuit.
1034 1691 1135 1764 Adeo
1160 1705 1200 1764 ut
1250 1717 1373 1763 rorum
1390 1695 1536 1784 plamae
1551 1697 1969 1768 rectaminstitutionem:
1992 1699 2143 1769 alterum
2160 1699 2230 1792 qui-

210 1803 395 1880 nonnullis
411 1823 536 1892 parum
554 1795 752 1880 animosus,
786 1809 820 1867 et
838 1797 885 1864 ob
903 1819 979 1864 eam
997 1818 1136 1865 causam
1154 1795 1199 1864 ad
1251 1796 1331 1863 dem
1347 1795 1548 1884 plenissime
1567 1809 1773 1867 consecutus
1796 1813 1864 1879 est,
1892 1801 2043 1870 alterum
2064 1799 2230 1890 praeclare

209 1911 247 1980 id
271 1927 380 1998 genus
402 1899 602 1982 doctrinae,
634 1897 728 1990 quod
757 1898 950 1981 tractabat,
978 1897 1097 1966 minus
1121 1897 1200 1965 ido-
1252 1895 1430 1988 inceptum
1452 1895 1642 1967 immatura
1660 1921 1755 1968 mors
1774 1902 1975 1992 interrupit.
2026 1897 2146 1996 Atque
2168 1902 2231 1970 uti-

210 2031 299 2081 neus
322 2007 520 2082 videretur,
555 2011 590 2069 at
611 1999 672 2067 ille
692 2021 767 2067 non
796 1997 886 2070 tanti
911 1999 1061 2068 ducebat
1085 1997 1199 2067 ullum
1251 2021 1334 2066 nam
1355 1997 1487 2068 multos
1511 1999 1596 2068 tales
1619 2001 1885 2090 patresfamilias
1906 2003 1976 2070 iam
1998 2001 2158 2072 civitates
2176 1999 2231 2070 ha-

212 2111 439 2204 adplausum,
465 2115 505 2172 ut
521 2113 705 2192 propterea
727 2101 958 2170 verecundiae
980 2111 1077 2189 septa
1102 2111 1200 2168 tran·
1251 2099 1396 2182 herent,
1422 2123 1574 2191 quorum
1589 2101 1734 2182 domus,
1760 2117 1799 2172 ut
1816 2101 1980 2174 Doctoris
1995 2102 2142 2174 Sebaldi
2162 2103 2230 2180 fuit,
2294 2141 2295 2152 2

210 2213 308 2284 silire
320 2207 443 2289 vellet,
468 2227 545 2271 non
560 2201 654 2270 enim
671 2201 837 2292 profanae
849 2201 1089 2272 multitudinis
1104 2199 1200 2270 iudi·
1252 2213 1366 2270 essent
1382 2200 1478 2270 velut
1499 2223 1627 2288 parvae
1645 2203 1815 2294 quaedam
1833 2199 2032 2289 Ecclesiae,
2058 2205 2231 2298 inquibus

210 2316 283 2398 cio,
318 2310 378 2379 sed
402 2317 496 2375 recta
522 2301 677 2382 ratione,
711 2301 799 2394 quid
820 2301 957 2371 deceret
979 2301 1201 2384 metiebatur,
1251 2295 1456 2372 Christiana
1488 2299 1674 2392 disciplina
1707 2327 1747 2372 ac
1779 2305 1941 2374 doctrina
1974 2306 2125 2396 vigeret,
2164 2319 2229 2374 tum

210 2429 315 2508 atque
330 2409 360 2480 si
374 2407 477 2477 etiam
497 2404 715 2495 peccandum
733 2415 839 2483 esset,
866 2403 1018 2472 malebat
1031 2403 1127 2472 iuxta
1144 2425 1201 2470 re·
1252 2401 1376 2494 procul
1393 2401 1504 2470 dubio
1521 2401 1647 2472 melius
1662 2418 1695 2475 et
1710 2401 1947 2498 Respublieae
1962 2421 2079 2478 essent
2098 2403 2231 2476 habitu·

210 2517 328 2606 gulam
358 2505 518 2579 lsocratis
542 2504 580 2572 in
601 2499 693 2573 haue
716 2525 822 2596 quem
845 2503 943 2572 illam
969 2518 1102 2594 partem
1121 2525 1201 2592 pec·
1252 2526 1330 2582 rae,
1357 2515 1390 2570 et
1405 2501 1523 2574 minus
1538 2497 1765 2576 horribilium
1783 2508 2025 2600 exemplorum
2046 2504 2133 2578 haec
2148 2520 2231 2578 aetas

210 2633 306 2700 care3
331 2611 450 2680 minus
466 2607 559 2675 enim
577 2617 678 2694 turpe
700 2604 846 2695 putabat
861 2605 1047 2697 plusquam
1072 2627 1201 2674 conve·
1252 2605 1423 2696 paritura.

211 2715 305 2786 niret
322 2709 488 2783 timidum
511 2727 547 2774 se
563 2727 669 2798 quam
686 2705 927 2796 impudentem
944 2705 1105 2777 iudicari.
1157 2701 1201 2773 ln
1354 2701 1438 2773 Diri
1460 2705 1504 2773 de
1527 2706 1686 2776 moribus
1701 2722 1734 2778 et
1750 2709 1820 2782 vita
1835 2704 1943 2778 huius
1958 2709 2045 2796 viri,
2070 2724 2111 2781 ut
2133 2707 2231 2804 potui,

211 2818 349 2909 reliqua
371 2833 453 2880 vero
476 2808 549 2876 rita
572 2819 605 2875 et
625 2806 793 2874 moribus·
805 2799 898 2873 nihil
916 2819 989 2877 erat
1010 2807 1073 2876 illo
1096 2806 1202 2896 pudi-
1253 2805 1408 2876 breviter
1423 2805 1577 2902 quidem,
1597 2811 1640 2876 de
1657 2811 1784 2878 studiis
1799 2824 1833 2881 et
1847 2811 2010 2882 doctrina
2026 2814 2148 2882 eadem
2161 2813 2231 2880 bre-

212 2940 292 2990 com
316 2912 442 3002 magis,
468 2903 561 2977 nihil
584 2909 630 2976 ab
650 2907 749 2977 omni
774 2907 996 2998 turpitudine
1022 2907 1201 2977 remotius.
1254 2907 1361 2976 vitate
1383 2907 1552 2998 experiar.
1603 2905 1722 2978 Prima
1744 2911 1839 2980 enim
1862 2926 1954 2980 aetas
1976 2911 2029 2982 illi
2044 2928 2121 2984 arta
2139 2927 2185 2984 est
2199 2913 2231 2980 in

211 3016 262 3090 Et
277 3017 372 3112 quod
388 3014 428 3080 in
445 3009 575 3081 talibus
589 3007 740 3098 ingeniis
753 3008 910 3078 accidere
925 3009 1026 3093 solet,
1052 3029 1141 3102 quae
1157 3008 1201 3076 ad
1253 2995 1297 3076 ii's
1315 3007 1448 3097 literis,
1482 3031 1571 3100 quae
1591 3007 1621 3076 si
1643 3009 1717 3080 ullo
1744 3011 1783 3080 in
1806 3005 1967 3097 homine,
1992 3014 2032 3082 in
2054 3016 2233 3096 illucere,

212 3116 469 3190 humanitatem
483 3122 518 3182 et
532 3109 756 3178 clementiam
772 3131 852 3178 curn
869 3123 994 3179 natura
1010 3113 1203 3192 ducuntur,
1254 3133 1403 3192 nomen,
1429 3107 1572 3202 vimque
1597 3131 1695 3178 suam
1715 3113 2009 3204 comprobarunt;
2037 3111 2129 3184 nihil
2148 3115 2232 3184 enim
2296 3181 2297 3186 ,

214 3211 291 3291 tum
315 3239 398 3286 vcro
422 3232 648 3306 peromnem
673 3209 781 3280 vitam
807 3211 1005 3281 adsuefacta
1030 3205 1204 3294 sunt,'ut
1255 3211 1318 3280 illo
1343 3205 1553 3294 humanius,
1587 3205 1679 3278 nihil
1708 3213 1870 3300 suavius,
1899 3211 1993 3284 nihil
2019 3217 2139 3286 mitius
2165 3217 2233 3296 luit,
2296 3199 2297 3244 ³

214 3323 302 3404 sint,
331 3307 532 3410 ἠθικότερα
557 3323 591 3380 et
612 3311 654 3380 ad
672 3333 795 3382 ornnes
810 3310 892 3380 illos
908 3312 1060 3382 leniores
1075 3323 1204 3394 motus,
1256 3324 1318 3382 aut
1341 3311 1572 3380 tractabilius.
1624 3307 1735 3404 Atqui
1758 3315 1801 3383 ab
1826 3339 1867 3384 eo
1891 3317 2018 3386 ellectu
2035 3319 2150 3388 studia
2172 3312 2231 3384 hu-

213 3446 254 3494 ae
265 3419 450 3511 praecipue
467 3407 627 3509 oropyoir
641 3411 816 3492 molliora,
838 3411 886 3481 ita
903 3409 1204 3507 quoqucDoctore
1256 3410 1436 3482 munitatis
1458 3412 1550 3479 dicta
1572 3433 1644 3480 esse
1666 3427 1822 3498 constat,
1846 3419 1962 3508 quod,
1989 3431 2028 3488 ut
2043 3417 2165 3489 Cicero
2181 3418 2233 3500 ait,

214 3521 368 3596 Sebaldo
384 3511 479 3587 nihil
495 3527 568 3584 erat
579 3513 689 3601 magis
706 3506 965 3612 φιλόστοργον,
983 3511 1205 3587 nihilamore
1256 3515 1298 3583 ad
1323 3511 1584 3602 percipiendam
1606 3513 1860 3608 colendamque
1880 3517 2046 3588 virtutem
2066 3522 2232 3600 adiuvent,

214 3637 249 3696 et
264 3615 510 3694 benevolentia
528 3615 566 3683 in
583 3637 665 3684 suos
682 3615 871 3704 profusius.
1256 3629 1361 3707 atque
1385 3613 1476 3682 illud
1499 3609 1654 3706 ἠθικὸν,
1684 3611 1750 3686 hoe
1773 3633 1841 3700 est,
1867 3620 2075 3690 suavitatem
2095 3635 2129 3692 et
2145 3643 2231 3688 man·

317 3721 411 3792 Sunt
432 3715 622 3798 nonnulli,
655 3717 858 3804 praesertim
881 3739 922 3783 ex
938 3714 1094 3807 Satrapis
1120 3715 1206 3800 illis,
1256 3713 1492 3797 suetudinem,
1517 3715 1716 3802 inanimis,
1740 3719 1900 3788 moribus
1920 3735 1954 3790 et
1973 3723 2043 3792 vita
2060 3718 2231 3791 hominum

215 3827 279 3920 qui
293 3845 412 3894 errore
426 3816 555 3886 mentis
572 3838 646 3884 eam
663 3815 883 3886 fortitudinis
905 3815 1046 3884 laudem
1060 3819 1206 3899 ducunt,
1258 3814 1418 3885 efficiant.
1471 3813 1520 3884 Ut
1534 3839 1616 3884 vero
1634 3817 1699 3884 alia
1717 3833 1808 3888 terra
1824 3821 1936 3890 cultui
1952 3825 2063 3912 magis
2078 3824 2232 3892 obediens

216 3929 246 3996 si
262 3925 318 3994 vel
333 3945 413 4012 erga
430 3940 575 3990 uxorem
592 3929 626 3985 et
639 3916 772 3984 liberos
784 3916 945 3984 duriores
960 3915 1043 3996 sin't,
1063 3917 1120 3984 vel
1137 3917 1207 3984 sal·
1259 3931 1328 4001 est,
1354 3917 1422 3984 alia
1439 3915 1572 3998 minus,
1599 3918 1645 3987 ita
1664 3918 1803 4008 ingenia
1819 3946 1960 4014 quoque
1977 3927 2045 3994 alia
2062 3925 2140 3994 aliis
2157 3923 2232 3992 sacl-

217 4041 288 4096 tem
323 4047 396 4094 esse
422 4021 628 4100 videantur,
668 4015 760 4085 laedi
787 4039 887 4085 suam
912 4018 1206 4088 existimationem
1259 4019 1328 4086 lius
1351 4017 1561 4101 flectuntur,
1593 4019 1861 4114 formanturque
1884 4025 2054 4094 doctrina.
2106 4025 2153 4096 At
2168 4023 2232 4094 Do-

217 4140 360 4208 rentur,
388 4122 418 4191 si
435 4121 530 4214 quod
554 4141 633 4207 erga
658 4140 740 4188 suos
757 4118 888 4187 amoris
911 4131 972 4188 aut
993 4119 1208 4187 benevolen-
1259 4118 1346 4188 ctori
1364 4116 1517 4187 Sebaldo
1535 4119 1618 4188 inde
1632 4143 1743 4215 usque
1761 4148 1780 4190 a
1799 4124 1947 4212 pueritia
1965 4126 2144 4217 ingenium
2159 4150 2231 4196 con-

219 4229 287 4300 tiae
316 4227 455 4314 signum
484 4222 686 4290 ostendant:
731 4221 791 4288 sed
814 4233 855 4290 ut
882 4223 974 4310 apud
996 4216 1208 4311 Euripidem
1259 4220 1338 4309 tigit
1352 4220 1432 4288 lene
1447 4243 1486 4288 ae
1503 4214 1718 4308 humanum,
1741 4227 1835 4316 quod
1861 4239 2045 4318 postquam
2060 4229 2231 4320 disciplina

219 4321 434 4418 Amphitryo
456 4321 631 4410 praeclare
648 4319 751 4403 dicit,
778 4343 814 4388 se
831 4343 1020 4410 parvorum
1038 4333 1208 4410 nepotum
1260 4335 1294 4391 et
1309 4320 1421 4390 literis
1443 4321 1554 4389 excoli
1573 4324 1708 4414 coepit,
1734 4325 1836 4394 facile
1860 4351 1982 4397 omnes
2006 4343 2181 4402 venustate
2198 4349 2231 4397 ac

220 4451 340 4502 euram
358 4447 432 4494 non
445 4420 662 4511 adspernari,
683 4421 743 4490 sed
759 4421 841 4490 illos
856 4443 974 4490 secum
989 4421 1085 4491 velut
1100 4421 1210 4516 e‘cpol-
1260 4423 1431 4492 suavitate
1449 4443 1588 4490 morum
1606 4427 1793 4516 superavit.

220 4525 327 4608 κίδας
340 4548 449 4599 manu
465 4523 618 4605 ductare,
643 4544 748 4614 seque
765 4515 833 4590 hoc
847 4523 1003 4590 osticium
1020 4524 1209 4592 virobono
1362 4521 1501 4592 Deinde
1525 4545 1727 4613 progressus
1747 4539 1879 4616 aetate,
1903 4533 1947 4600 de
1970 4535 2139 4606 sententia
2155 4533 2231 4604 ami-

221 4631 370 4721 dignum
386 4624 560 4704 iudicare,
582 4621 629 4692 ita
648 4617 782 4692 Ductor
797 4621 969 4692 Sebaldus
986 4623 1024 4690 in
1040 4623 1209 4714 optimam
1262 4645 1385 4693 corum
1398 4621 1457 4692 lus
1474 4623 1577 4693 civile
1591 4627 1724 4696 discere
1739 4630 1870 4720 coepit,
1895 4632 1934 4700 in
1954 4634 2100 4730 eiusque
2118 4647 2232 4709 tracta·

223 4731 408 4819 coniugem
430 4737 464 4796 et
480 4723 607 4812 dignos
631 4722 695 4792 tali
712 4735 808 4813 patre
830 4723 959 4794 liberos
980 4724 1211 4794 clementissi·
1264 4724 1361 4794 tione
1377 4749 1451 4792 non
1467 4725 1610 4817 quidem
1632 4728 1863 4814 infoeliciter,
1888 4733 2039 4808 fideliter
2059 4754 2150 4810 certe
2165 4759 2231 4806 ver·

223 4857 322 4904 mum
349 4853 386 4900 se
412 4851 452 4898 ac
479 4823 771 4914 benignissimum
802 4826 991 4915 praebebat
1018 4841 1214 4916 parentem,
1263 4839 1357 4894 satus
1380 4837 1441 4897 est.
1492 4825 1684 4921 Quumque
1708 4846 1832 4900 natura
1856 4857 1876 4902 a
1903 4835 2026 4907 litibus
2047 4854 2082 4910 et
2102 4839 2232 4930 strepitu

224 4935 275 5006 ita
293 4948 430 5014 tamen,
463 4939 504 4997 ut
529 4920 622 4994 nihil
643 4925 741 5016 prius
765 4948 828 4994 nec
855 4925 1035 5019 antiquius
1054 4922 1219 5005 haberet,
1263 4926 1331 4996 fori
1348 4922 1556 4998 abhorreret
1572 4930 1721 5015 animus,
1744 4935 1994 5028 tranquillitati
2010 4955 2044 5011 er
2058 4942 2163 5034 quieti
2178 4961 2232 5007 na·

225 5059 332 5130 quarn
348 5047 389 5102 ut
401 5027 504 5100 liberi
523 5029 567 5095 ad
586 5027 766 5118 pietatem,
792 5027 978 5111 virtutem,
1003 5051 1042 5096 ac
1060 5028 1213 5119 optima·
1265 5041 1340 5110 tus,
1377 5029 1508 5122 quique
1533 5031 1644 5120 magis
1670 5033 1955 5123 benevolentiae,
1997 5063 2100 5134 quarn
2130 5042 2231 5111 litium

226 5158 307 5210 rum
333 5155 449 5202 rerum
477 5129 590 5198 studia
622 5127 866 5212 erudirentur3
903 5141 977 5198 erat
1005 5128 1112 5217 igitur
1138 5129 1212 5198 eius
1264 5129 1343 5198 iura
1366 5152 1525 5198 exercere
1545 5135 1799 5221 consuevisset,
1830 5155 1905 5208 nou
1927 5139 1988 5210 ille
2011 5144 2149 5236 quidem
2166 5143 2231 5210 foro

227 5238 371 5310 domus,
405 5231 575 5324 quaedam
606 5228 799 5300 modestiae
827 5252 866 5298 ac
898 5231 1151 5314 verecundiae,
1181 5243 1215 5299 et
1268 5250 1429 5320 prorsum
1453 5229 1641 5318 abstinuit,
1677 5237 1737 5304 sed
1761 5251 1878 5308 tamen
1901 5240 1939 5308 in
1962 5241 2233 5336 interpretatione

227 5331 462 5432 sanctissimae
476 5331 683 5424 disciplinae
698 5325 829 5404 schola.
1267 5329 1355 5401 iuris
1378 5353 1418 5400 ac
1441 5332 1600 5404 docendo
1621 5335 1844 5428 potissimum
1860 5365 2003 5433 operam
2025 5342 2234 5436 consumpsit,
