4646 5824
82 327 145 402 ut
362 331 369 334 ·
513 305 692 402 *utcu
732 319 807 400 ult
830 317 1045 400 muros
1085 316 1168 402 sts
1196 313 1495 401 tartarus
1522 321 1611 400 rra.
2030 330 2105 403 rra

81 497 171 573 tentia
184 495 443 588 muniadam,
465 495 651 572 sedetiam
667 493 948 570 consolationem
965 493 1050 570 dail-
1086 517 1231 591 ,paucas
1244 493 1457 584 ascivimus,
1483 495 1522 569 et'
1535 498 1686 590 legimus
1700 499 1778 571 sine
1792 497 1998 586 attentione,
2023 499 2100 574 sine

81 601 254 685 obtimam,
282 599 328 672 iis
344 600 698 694 quipmpter'studia
716 601 858 672 suntin
882 601 987 688 odio,
1015 615 1051 674 et
1099 600 1313 691 cogitatione
1332 599 1474 671 divinae
1494 602 1711 688 voluntatis,
1735 601 1885 696 perinde
1904 613 1946 675 ut
1965 602 2099 696 ignavi,

79 703 194 794 magnis
209 697 387 772 aerumnis
401 717 619 796 crementur.
676 701 740 774 Me
761 701 907 800 quidem
931 703 1049 796 ipsum
1098 712 1133 774 et
1153 698 1296 774 hebetes
1309 703 1432 794 legunt
1446 704 1620 796 poe'mata.

79 827 162 895 saepe
191 803 228 872 in
257 798 313 874 his'
343 805 477 877 nost'r'i‘s
503 801 669 897 periculis
696 817 732 878 ct
758 805 914 877 miseriis
938 805 1049 878 crexit
1202 802 1253 876 Ut
1268 804 1378 894 igitur
1391 819 1534 896 pectora
1548 820 1667 878 nostra
1682 807 1921 878 accendantur
1932 805 1977 878 ad
1992 829 2093 882 amo·

78 901 149 976 hacc
161 905 232 997 ipsa
247 907 561 994 commonefactio,
593 908 833 1000 disputantem
853 931 916 980 cur
930 907 1047 980 studia
1096 929 1173 981 rem
1197 907 1327 989 studii,
1359 907 1546 998 infigamus
1568 909 1708 978 animus
1732 903 1801 979 hoe
1815 901 1918 980 Pauli
1940 909 2092 982 dictum:

77 1007 237 1080 doctrinae
268 1009 402 1096 solam,
445 1033 537 1106 quac
568 1007 711 1080 irritent
735 1011 818 1082 odia
846 1003 1047 1096 hominum,
1096 1008 1155 1082 Sis
1169 1009 1327 1080 intentus
1341 1009 1507 1095 lectioni,
1533 1013 1630 1105 quod
1645 1023 1686 1081 ut
1704 1009 1847 1102 planius
1861 1011 2092 1102 intelligatur,

76 1133 141 1179 cum
156 1110 324 1202 possimus
340 1112 379 1180 in
396 1112 658 1207 tranquillitate
676 1125 711 1184 et
727 1111 900 1204 dignitate
916 1112 1046 1199 vivere,
1096 1111 1256 1182 continet
1272 1111 1368 1181 enim
1384 1112 1658 1186 eruditissimam
1682 1112 1927 1204 partitionem,
1960 1116 2090 1187 addam

74 1209 169 1282 literis
183 1212 347 1283 omnibus
363 1215 535 1286 abiectis?
568 1212 665 1286 Huic
680 1210 948 1308 reprehensioni
963 1237 1045 1284 cum
1095 1211 1376 1300 enarrationem,
1401 1227 1443 1285 ut
1457 1237 1580 1306 spero,
1603 1238 1679 1284 non
1693 1214 1868 1306 ingratam
1884 1213 2063 1287 studiosis.

74 1335 196 1405 oppono
212 1315 420 1386 mandatum
428 1313 516 1401 Dei,
541 1317 604 1410 qui
618 1315 789 1410 praecipit
803 1317 891 1409 legi,
915 1317 1045 1403 audiri,
1197 1313 1286 1386 Tria
1301 1317 1461 1388 membra
1479 1329 1579 1390 sunt:
1605 1308 1709 1389 lubet
1727 1317 1860 1408 legere,
1883 1320 2031 1406 docere,
2053 1331 2089 1390 ct
2164 1365 2168 1378 ·

73 1414 226 1506 cognosci,
247 1417 360 1488 amari
375 1419 486 1490 libros
494 1414 692 1510 Evangelii,
714 1441 837 1491 rursus
851 1419 1045 1513 acquiesco,
1094 1417 1284 1492 consolari.
1647 1469 1653 1476 -

74 1529 178 1588 etnon
192 1519 306 1589 solum
321 1521 479 1592 delector
501 1521 643 1608 studio,
676 1521 737 1592 sed
759 1522 864 1593 etiam
886 1515 1043 1592 humana
1196 1514 1402 1590 Gur-autem
1420 1543 1439 1590 a
1455 1517 1607 1592 lectione
1622 1521 1785 1593 orditur?
1815 1519 1886 1592 Hic
1903 1535 1939 1594 ct
1953 1522 2115 1594 discen·
2212 1583 2216 1589 .

73 1619 175 1691 omnia
188 1623 432 1712 postponenda
449 1645 522 1693 esse
537 1623 682 1696 lectioni
696 1623 905 1696 'coelestium
929 1623 1043 1694 libro·
1093 1621 1149 1692 nit
1163 1615 1349 1694 coelestem
1369 1623 1601 1694 doctrinama
1618 1618 1872 1718 Philosophia,
1906 1638 1941 1696 et
1962 1635 2086 1696 monet

71 1743 156 1807 rum,
178 1716 283 1794 ethis
299 1724 427 1796 studiis
444 1724 584 1797 fortiter
600 1739 728 1802 statuo.
788 1719 953 1818 Mihique
967 1724 1043 1816 ipse
1092 1723 1272 1816 alligatam
1287 1746 1362 1795 esse
1377 1719 1572 1796 Ecclesiam
1593 1727 1638 1794 ad
1663 1725 1775 1796 libros
1799 1721 2026 1819 propheticos
2049 1737 2086 1796 et

72 1821 200 1894 sublicio
225 1818 293 1895 hoc
310 1823 415 1896 Pauli
436 1827 589 1898 dictnmr
623 1827 681 1900 Sis
703 1827 863 1899 intentus
884 1827 1041 1908 lectioni,
1093 1826 1317 1920 apostolicos.
1377 1821 1543 1898 Caeterae
1561 1839 1672 1912 artes,
1705 1842 1746 1899 ut
1762 1821 2016 1913 Arithmetica',
2048 1840 2085 1898 et

71 1923 188 1996 stillas
208 1949 312 1997 voces
333 1926 430 1998 idem
451 1929 723 2024 praecipientes:
767 1925 841 2000 llic
865 1941 919 2000 est
947 1929 1041 2000 filius
1087 1928 1210 2020 vlegum
1242 1928 1405 2002 doctrina
1438 1941 1651 2000 extruuntur
1676 1953 1718 2000 ex
1743 1929 2083 2022 principiisnatura

71 2047 154 2096 meus
167 2027 335 2114 dilectus,
362 2025 460 2102 hunc
474 2032 606 2108 audite.
655 2029 762 2104 Item:
796 2029 871 2120 Qui
885 2055 959 2100 non
975 2055 1042 2102 au·
1092 2031 1205 2118 notis,
1231 2053 1306 2102 non
1323 2044 1469 2102 sumunt
1493 2030 1637 2102 initium
1660 2031 1874 2118 electione,
1909 2033 1970 2102 sed
1995 2045 2083 2124 'pro-

71 2125 175 2214 dierit,
198 2153 260 2222 ego
274 2131 374 2204 ultor
388 2155 461 2208 ero.
506 2132 673 2228 Denique
689 2146 826 2205 constat
840 2132 1041 2226 saepissime
1090 2133 1212 2203 missio
1225 2129 1413 2224 Evangelii
1434 2133 1596 2226 propria,
1629 2135 1808 2205 decretum
1823 2129 1892 2204 Dei
1913 2155 2081 2204 arcanum

71 2229 235 2318 repetitum
249 2253 325 2304 esse
339 2229 410 2305 hoc
425 2250 649 2330 praeceptum
673 2237 718 2306 de
736 2235 904 2306 discendo
919 2231 1042 2306 Evan-
1090 2235 1192 2321 fuir,
1212 2235 1338 2327 procul
1367 2257 1474 2327 supra
1495 2249 1530 2306 et
1551 2247 1647 2305 ert'ra
1671 2249 1897 2328 conspectum
1918 2234 2081 2307 omnium

72 2329 157 2420 gello.
1090 2331 1313 2428 Angelorum
1346 2350 1380 2408 et
1398 2331 1601 2408 ‘hominum
1633 2337 1811 2428 positum,
1857 2333 2081 2432 qundpate·

154 2433 195 2503 In
213 2429 279 2506 hac
294 2437 507 2528 cogitatione
521 2437 630 2510 simul
642 2438 748 2512 etiam
771 2451 899 2511 tetram
920 2438 1041 2530 ingra-
1088 2439 1220 2511 factum
1231 2441 1332 2510 Deus
1345 2439 1494 2510 tradidit
1505 2437 1671 2508 Patribus
1687 2453 1721 2510 et
1728 2433 1936 2531 Prophetis,
1959 2461 1999 2509 ac
2017 2462 2081 2510 vo-

70 2530 237 2636 titudinem
251 2549 288 2609 et
300 2541 557 2612 contumaciam
573 2543 711 2633 generis
727 2535 877 2613 humani
894 2543 1040 2636 deploro
1090 2541 1160 2612 luit
1175 2539 1339 2612 mandari
1352 2539 1485 2627 literis,
1510 2553 1546 2612 et
1567 2540 1743 2611 librorum
1766 2540 2081 2612 custodiendorum

71 2649 98 2705 ct
116 2637 276 2728 detestor,
307 2665 388 2712 cum
411 2642 592 2734 singulare
614 2659 648 2715 et
671 2665 851 2714 summum
871 2643 1041 2714 bonitatis
1089 2665 1210 2713 curam
1224 2640 1403 2714 Ecclesiae
1417 2642 1708 2715 suaemandavit.
1758 2642 1894 2724 Immo,
1920 2642 2001 2713 ideo
2015 2665 2083 2734 po·

71 2736 191 2810 divinae
214 2742 394 2834 specimen
421 2743 486 2826 sit,
527 2747 624 2840 qnod
650 2769 692 2815 ex
717 2765 846 2814 arcana
870 2767 934 2814 sua
957 2745 1040 2814 aede
1088 2743 1184 2814 litias
1198 2745 1337 2838 aliquas
1353 2756 1488 2828 servat,
1515 2757 1555 2814 ut
1571 2743 1645 2814 sint
1659 2743 1756 2813 velut
1772 2739 2008 2815 bibliothecae
2025 2766 2082 2814 sa-

70 2841 234 2929 prodiens,
256 2845 362 2915 nobis
376 2869 412 2916 se
427 2846 610 2938 patefecit,
636 2869 702 2917 nos
721 2842 924 2916 dulcissime
948 2845 1040 2916 allo·
1088 2869 1231 2916 crorum
1247 2845 1491 2930 voluminum,
1523 2857 1565 2915 ut
1578 2845 1702 2936 politia
1719 2843 1840 2942 Moysi
1856 2846 1960 2916 annis
1981 2845 2081 2916 mille

69 2940 188 3034 quitur,
220 2959 263 3026 ,et
289 2949 423 3039 profert
450 2947 660 3040 sapientiam
687 2948 844 3038 ignotam
871 2943 1040 3017 omnibus
1089 2945 1293 3040 quingentis
1307 2941 1372 3016 has
1387 2947 1435 3016 ob
1450 2947 1746 3032 cansasdefensa,
1778 2959 1933 3032 senata,
1965 2961 2001 3018 et
2022 2947 2080 3016 di-

69 3047 235 3132 creaturis,
258 3073 351 3142 quae
367 3049 472 3120 unica
483 3049 685 3124 'remedium
702 3063 836 3121 certum
863 3062 898 3119 et
920 3049 1040 3120 efficax
1088 3049 1182 3118 vinis
1198 3047 1411 3119 testimoniis
1427 3061 1553 3119 ornata
1567 3061 1631 3130 cst,
1655 3063 1697 3120 ut
1712 3063 1747 3120 et
1755 3045 1971 3122 bibliotheca
1989 3063 2080 3119 esset

65 3144 310 3236 accingentium
324 3152 501 3222 malorum
517 3151 656 3240 generis
672 3145 833 3222 humani.
865 3148 935 3220 Hic
951 3149 1039 3244 quid
1088 3151 1250 3221 codicum
1275 3144 1586 3242 propheticorum,
1610 3163 1645 3222 et
1659 3152 1757 3223 testis
1773 3163 1881 3232 esset,
1907 3149 2081 3224 divinitus

67 3245 310 3339 estindignius,
335 3277 443 3346 quam
451 3248 567 3322 Deum
583 3276 648 3322 nos
661 3253 901 3346 alloquentem
916 3251 1040 3321 audire
1087 3265 1266 3342 acceptam
1281 3273 1356 3320 esse
1371 3273 1451 3338 eam
1467 3252 1680 3326 doctrinam.
1730 3249 1822 3324 Cum
1837 3252 1947 3342 igitur
1955 3248 2081 3324 Eccle-

66 3346 166 3434 nolle,
188 3376 228 3422 ac
242 3365 379 3426 tantam
396 3352 593 3426 bonitatem
605 3353 814 3445 aspernari?
847 3375 939 3446 quae
952 3375 1040 3423 eon·
1088 3352 1332 3422 siaedoctrina
1352 3375 1428 3422 non
1450 3354 1587 3432 oriatur
1610 3377 1631 3424 a
1655 3354 1734 3425 luce
1756 3345 1893 3445 ingenii
1916 3350 2078 3438 humani,

66 3445 192 3537 spidtur
205 3447 358 3545 lucipsa
375 3456 414 3526 in
431 3479 489 3540 re,
512 3457 617 3550 quod·
625 3456 730 3528 toties
746 3469 818 3526 tam
839 3453 1040 3526 illustribus
1070 3456 1149 3523 ¹sed
1171 3477 1212 3523 ex
1234 3473 1321 3522 voce
1335 3448 1402 3522 Ilei
1428 3453 1593 3524 mandata
1618 3453 1732 3526 literis
1751 3457 1993 3546 cognoscenda
2019 3455 2078 3535 sit,
2124 3517 2131 3529 .

65 3549 255 3626 tetimoniis
276 3577 314 3626 se
332 3557 525 3648 patefecit?
578 3553 670 3647 Quis
692 3551 786 3627 hanc
809 3555 1038 3647 ingratitudi-
1087 3555 1402 3626 necesmriamcsse
1418 3554 1604 3624 lectionem
1617 3556 1842 3628 manifestum
1864 3572 1934 3643 est,
1965 3571 2000 3628 et
2020 3577 2078 3626 sa-

65 3669 133 3720 nem
152 3677 222 3726 non
245 3655 423 3730 existimet
444 3658 589 3748 dignam
612 3681 686 3730 esse
706 3657 934 3730 atrocissimis
948 3679 1038 3748 poe-
1085 3657 1224 3749 piantur
1255 3653 1389 3726 Paulus
1427 3654 1584 3747 primum
1625 3658 1670 3728 de
1704 3659 1856 3730 lectione
1896 3658 2078 3750 praecipit.

64 3748 131 3821 nis?
175 3751 228 3828 Ac
252 3759 439 3850 multiplea
460 3774 513 3831 est
537 3759 772 3850 ingratitudo,
807 3760 913 3834 multi
929 3755 1039 3830 Athei
1086 3756 1194 3848 Quod
1211 3781 1293 3828 curn
1306 3757 1355 3828 ita
1370 3757 1434 3842 sit,
1462 3757 1734 3830 assuefaciamus
1751 3774 1787 3832 et
1806 3783 1873 3831 nos
1896 3761 2010 3852 ipsos,
2042 3773 2079 3831 et

65 3855 276 3932 raucissima
297 3860 477 3934 affirmant
499 3861 682 3934 fabulosos
707 3885 782 3933 esse
812 3863 926 3934 libros
953 3885 1038 3954 pro-
1085 3873 1245 3942 nostros,
1264 3873 1305 3932 nt
1319 3857 1477 3932 studiose
1492 3859 1648 3950 legamus
1663 3861 1941 3934 divinoslibros.
1966 3859 2078 3934 Cum-

64 3947 204 4042 phctiuos
219 3975 255 4034 et
271 3964 504 4055 apostolicos,
530 3985 660 4057 eosque
673 3961 743 4054 legi
761 3959 973 4056 prohibent,
997 3976 1039 4034 ut
1085 3985 1155 4056 que
1169 3983 1311 4034 necasse
1326 3961 1373 4031 sit
1385 3962 1540 4048 servasi,
1570 3976 1607 4034 ct
1620 3964 1690 4055 legi
1704 3958 1770 4034 hos
1786 3965 1916 4050 libros,
1951 3964 2078 4036 litera-

63 4048 263 4134 Politiaruun
278 4065 389 4162 audio
402 4065 548 4150 dixisse,
573 4065 829 4156 interrogatum
844 4089 891 4136 an
907 4066 1039 4156 legeret
1085 4087 1166 4135 rum
1182 4064 1298 4136 studia
1313 4085 1473 4133 arsamus
1488 4077 1522 4135 et
1538 4064 1706 4140 colamus.
1756 4063 1805 4138 Et
1819 4073 2020 4161 quanquam
2038 4066 2077 4138 in

63 4163 307 4237 tanoslibros?
330 4167 494 4238 semelae
509 4166 651 4256 legisse,
677 4191 744 4238 nec
757 4181 897 4259 tempus
905 4167 980 4238 ulla
997 4167 1038 4238 iu
1085 4165 1171 4236 odio
1183 4179 1288 4250 suut,
1311 4177 1430 4234 umen
1449 4177 1590 4235 nostros
1606 4166 1751 4236 labores
1759 4164 1836 4238 Deo
1853 4170 2010 4260 placere,
2040 4181 2078 4240 et

62 4252 195 4336 lectione
208 4266 360 4357 minace
375 4268 545 4360 posuisse.
592 4263 641 4339 Et
655 4268 747 4341 alius
762 4269 908 4364 qudam
923 4269 1036 4340 inter-
1085 4287 1189 4337 curae
1206 4287 1280 4337 esse
1295 4265 1457 4336 smarnos.
1515 4263 1613 4337 llaec
1632 4269 1829 4340 consolatio
1854 4292 1957 4362 saepe
1980 4269 2077 4359 cogi-

63 4376 187 4450 nutus
199 4369 245 4438 de
257 4370 369 4440 seems
380 4370 503 4455 libris,
526 4364 638 4456 nihil,
662 4369 801 4466 inquit,
825 4395 913 4442 curo
928 4369 1036 4464 quin-
1085 4370 1193 4440 tanda
1209 4383 1243 4441 et
1256 4368 1447 4459 repetenda
1464 4365 1537 4454 est,
1557 4367 1642 4462 quia
1658 4371 1777 4442 minus
1791 4373 1911 4442 suavia
1927 4373 2017 4444 fiunt
2031 4370 2077 4442 li-

62 4481 121 4551 que
145 4465 254 4540 libros
283 4468 424 4568 Moysi,
467 4466 537 4542 hoc
568 4493 675 4558 euro,
718 4473 899 4567 quomodo
928 4493 1037 4564 pagus
1083 4483 1240 4543 terarum
1254 4469 1371 4542 studia
1388 4463 1457 4539 hoc
1470 4481 1639 4561 tempore,
1658 4495 1738 4542 cum
1756 4497 1829 4544 non
1846 4476 1961 4546 solum
1976 4497 2078 4567 prae-

61 4561 203 4662 quluque
217 4569 306 4642 meis
321 4573 476 4664 praediis
489 4575 618 4645 addere
633 4574 777 4667 possim.
829 4573 928 4645 Talis
951 4597 1037 4644 con·
1084 4571 1156 4642 mia
1172 4571 1273 4644 nulla
1287 4585 1372 4642 sunt
1387 4565 1629 4644 honestissimi
1645 4574 1788 4662 laboris,
1814 4578 1874 4647 sed
1890 4577 1995 4646 etiam
2011 4600 2078 4667 po-

62 4672 197 4758 temptus
211 4696 286 4743 nou
303 4675 419 4746 solnm
434 4675 653 4766 ingratitudo
672 4687 742 4756 est,
774 4680 835 4747 sed
852 4671 1036 4746 horribilis
1083 4686 1222 4746 tentum
1247 4686 1282 4745 et
1303 4673 1502 4766 sapientum
1535 4673 1676 4746 iudiciis
1708 4691 1938 4768 premuntur,
1973 4690 2007 4748 et
2037 4676 2077 4744 in

61 4762 148 4838 furor
170 4785 205 4846 et
228 4771 467 4868 blasphemia,
508 4801 598 4873 quae
628 4775 815 4869 praecipua
840 4801 946 4849 causa
985 4791 1037 4848 est
1084 4776 1207 4847 odium
1222 4777 1467 4860 adducuntur,
1493 4776 1556 4870 qui
1573 4775 1694 4848 literas
1719 4781 1864 4868 semina¹
1879 4801 1953 4849 esse
1974 4778 2078 4848 dissi-

62 4867 281 4946 calamitatum
307 4880 533 4969 publicarum
556 4881 599 4948 in
627 4873 693 4949 hac
717 4880 808 4965 vita,
846 4893 881 4952 et
904 4879 1035 4950 deinde
1084 4878 1227 4950 diorum
1249 4877 1446 4950 clamitant.
1506 4875 1690 4950 Adversus
1712 4881 1796 4950 talia
1820 4880 1952 4953 iudicia
1975 4903 2078 4972 prae-

61 4966 126 5040 sine
142 4976 213 5046 ulla
237 4979 462 5055 dubitatione
486 4981 671 5075 suppliciis
692 4983 847 5052 aeternis
867 5005 1035 5074 compen·
1084 4981 1195 5071 ceptis
1210 4981 1277 5052 Dei
1294 5003 1359 5049 nos
1384 4979 1630 5065 consolemur,
1663 5005 1754 5075 quae
1770 4983 1885 5055 libros
1904 5004 2019 5054 sacros
2043 4995 2078 5052 et

61 5071 190 5147 tabitur.
734 5111 742 5120 „
1083 5081 1153 5172 legi
1168 5096 1204 5154 et
1220 5081 1384 5172 cognosci
1400 5081 1620 5152 severissime
1635 5082 1771 5156 iubent.
2056 5158 2060 5166 ,

149 5175 279 5252 Verum
309 5206 384 5253 uon
411 5197 550 5256 tantum
572 5181 768 5275 Epicureos
791 5187 874 5258 illos
893 5205 1035 5255 aenne-
1184 5180 1270 5254 Dixi
1284 5205 1390 5275 supra
1405 5181 1633 5275 partitionem
1651 5186 1827 5258 eruditam
1847 5209 1939 5273 esse,
1965 5198 1999 5256 et
2014 5208 2079 5256 cur
2164 5271 2167 5277 Ι

61 5291 142 5362 mus,
171 5284 231 5352 sed
254 5298 417 5357 nostrum
437 5287 550 5380 frigus
571 5287 676 5357 etiam
697 5309 944 5378 agnoscamus,
985 5308 1039 5354 ne.
1082 5284 1239 5375 primum
1255 5288 1343 5358 facta
1359 5286 1405 5356 sit
1425 5285 1560 5366 ‚mentio
1585 5286 1765 5374 lectionis,
1796 5291 1953 5362 breviter
1971 5311 2079 5380 expo-
2164 5355 2168 5364 .

62 5391 116 5444 ¹¹⁰⁸
127 5381 265 5474 quidem
277 5389 444 5458 ardemus
457 5390 576 5460 studio
588 5388 729 5476 legendi
743 5405 778 5461 et
791 5387 1033 5464 meditationis
1082 5387 1150 5456 sui.
1207 5383 1349 5460 Addam
1371 5399 1405 5458 et
1427 5401 1563 5458 caetera
1586 5389 1757 5464 membra.
1814 5389 1897 5465 Non
1919 5391 2001 5464 satis
2028 5403 2080 5460 est

61 5493 149 5567 tura,
174 5485 264 5560 sient
287 5493 412 5561 ardere
430 5515 497 5564 nos
513 5491 709 5585 oportebat.
762 5489 862 5565 Raro
879 5489 1033 5589 pagellas
1080 5488 1196 5582 legere
1209 5513 1327 5588 sacros
1340 5490 1464 5577 libros,
1488 5491 1549 5560 sed
1566 5492 1709 5592 accedat
1724 5495 1897 5569 doctriua.
1951 5491 1993 5566 ld
2010 5506 2079 5564 est:
2193 5559 2201 5576 ,
2237 5457 2242 5466 ⁶
