4614 5820
62 267 130 347 sas
617 267 778 344 unca.
827 267 901 344 ua
940 267 1038 345 nu1
1072 205 1499 344 ruv'o'caraouu'
1997 277 2075 350 aas

63 431 145 508 hane
170 458 289 506 veram
316 433 538 506 divinitatem
562 455 654 518 esse,
689 446 870 503 aeternum
895 431 1034 504 Patrem
1086 431 1186 504 iubet
1208 423 1469 522 παρῤησιάζειν
1484 455 1558 502 non
1581 446 1698 504 nostra
1722 433 1868 516 fiducia,
1894 439 1954 505 sed
1973 433 2073 524 Filii,

62 533 157 606 huius
177 534 264 606 Filii
284 533 408 608 sunus
438 534 477 602 in
501 531 671 617 iordane,
703 546 739 604 et
760 531 893 602 Filium
918 529 1035 622 ipsum
1087 543 1121 600 et
1135 526 1227 600 hanc
1244 531 1276 598 ei
1290 525 1498 623 παρῤησίαν
1513 546 1651 620 gratum
1667 535 1822 612 officium
1838 559 1922 608 esse.
1966 537 2073 610 Certe

59 636 238 726 imaginem
257 636 411 724 genitam
426 634 638 722 cogitatione
652 631 787 716 Patris,
809 645 845 702 et
860 631 1034 722 Spiritum
1086 633 1201 700 donec
1223 630 1364 719 languet
1390 631 1547 716 animus,
1578 646 1613 704 et
1640 658 1706 704 nos
1728 637 1858 724 negligi
1885 637 2072 721 existimat,

60 751 209 806 sanctum
239 735 411 805 immenso
443 757 563 804 amore
589 733 813 823 copulantem
839 731 978 802 Patrem
1002 743 1035 800 et
1086 743 1204 800 manet
1225 752 1373 801 arcanus
1395 745 1428 802 et
1449 732 1558 802 tristis
1580 734 1742 805 fremitus
1762 736 2081 810 adversusDeum.·

59 833 201 918 lilium,
229 835 301 905 imo
319 849 354 904 et
368 831 561 905 Ecclesiam
577 857 656 904 curu
675 835 767 906 Deo.
952 893 956 922 ,
1086 828 1183 900 llaec
1205 830 1313 919 igitur
1332 831 1415 900 fides
1440 831 1478 900 in
1500 835 1597 902 omni
1620 833 1840 906 invocatione
1862 839 2072 928 praeluceat,

154 932 262 1004 Hunc
284 936 394 1024 igitur
415 931 531 1004 Deum
553 935 762 1026 patefactum
787 930 892 1000 nobis
912 930 1035 1019 cogita,
1085 944 1126 1002 ut
1142 953 1224 1000 vere
1240 953 1305 999 nos
1319 930 1427 1020 recipi
1441 947 1584 1023 propter
1598 929 1728 1002 Filium
1744 949 1946 1011 metuamus.

58 1058 123 1104 non
156 1037 322 1118 surdum,
356 1057 431 1103 non
455 1030 604 1122 Epicuri
636 1025 921 1130 povdypugsgtov,
960 1055 1033 1100 non
1186 1029 1282 1100 Haec
1305 1043 1356 1099 est
1379 1029 1439 1099 illa
1460 1033 1618 1104 coelestis
1639 1035 1820 1116 doctriua,
1849 1040 1892 1108 de
1915 1063 1982 1131 qua
2000 1037 2071 1108 Za·

57 1135 249 1204 Stoicorum
264 1147 417 1204 mentem
432 1133 607 1221 alligatam
628 1133 741 1202 causis
763 1132 943 1202 secundis:
972 1133 1032 1200 sed
1085 1125 1222 1200 charias
1249 1130 1381 1222 iuquit:
1418 1127 1612 1202 Effundam
1642 1157 1747 1225 super
1775 1139 1921 1206 domum
1950 1137 2068 1220 David

56 1235 274 1322 aspicientem
296 1233 436 1318 omnia,
462 1234 618 1318 bouum,
652 1234 803 1316 iustum,
834 1231 1033 1300 misericor·
1084 1229 1257 1321 Spiritum
1278 1231 1407 1320 gratiae
1431 1245 1464 1302 et
1484 1255 1639 1322 precum.
1691 1235 1870 1306 Divinitas
1896 1239 2067 1330 promissa

56 1337 138 1418 dem,
161 1335 328 1418 iudicem,
353 1347 499 1418 matum,
518 1357 686 1417 veracem,
711 1331 931 1402 liberrimum
949 1354 1033 1405 esse.
1084 1343 1135 1400 est
1155 1329 1416 1416 reconciliatio,
1447 1344 1481 1400 et
1503 1334 1606 1403 datur
1629 1333 1783 1425 Spiritus
1811 1351 1974 1423 sanctus,
2005 1339 2068 1432 qui

56 1427 97 1503 Et
115 1435 293 1526 quievere
316 1433 465 1524 pcccatis
488 1433 618 1504 nostris
641 1433 824 1520 irascitur,
848 1443 883 1500 et
899 1443 968 1516 est,
992 1443 1032 1502 ut
1083 1425 1175 1500 hanc
1197 1429 1310 1500 lucem
1332 1430 1370 1498 in
1395 1431 1571 1502 mentibus
1595 1436 1770 1520 accendit,
1795 1449 1834 1507 ut
1856 1461 1919 1508 nos
1934 1439 1971 1508 iu
1987 1462 2068 1530 gra-

55 1533 160 1624 inquit
178 1531 341 1626 Moyses,
374 1533 465 1624 ignis
488 1557 717 1618 consumens,
742 1556 823 1601 moa
847 1533 892 1600 de
916 1531 1031 1622 placa·
1084 1530 1168 1600 tiam
1184 1530 1293 1621 recipi
1309 1543 1511 1606 statuamus.
1545 1531 1651 1620 Quod
1666 1559 1745 1606 cnm
1760 1537 1810 1620 lit,
1835 1550 1909 1608 tum
1924 1539 2068 1610 demum

56 1634 143 1703 tione
165 1635 393 1724 cogitandum
416 1645 485 1722 est,
509 1647 774 1728 propterquam
791 1653 871 1702 vere
889 1643 1032 1702 etcerto
1084 1631 1247 1726 accedere
1276 1631 1319 1699 ad
1345 1629 1461 1702 Deum
1494 1635 1682 1722 audemus,
1722 1649 1757 1708 et
1789 1651 1907 1730 petere
1939 1653 1973 1710 et
2006 1663 2067 1710 ex·
2165 1667 2167 1670 ·

55 1732 170 1824 recipit
189 1756 267 1804 uos.
1084 1745 1222 1823 pectere
1237 1729 1341 1802 bona.
1543 1752 1545 1755 ’

146 1831 201 1903 Sit
221 1834 330 1923 igitur
346 1829 414 1904 hoc
436 1835 629 1904 secundum
655 1843 889 1924 praeceptum.
939 1825 1030 1898 Cum
1184 1828 1280 1900 llaec
1292 1831 1425 1920 agnitio
1441 1833 1608 1904 amentiae
1624 1847 1657 1905 et
1671 1836 1863 1908 voluntatis
1877 1837 1965 1925 Dei,
1992 1838 2067 1909 dis-

54 1955 144 2000 mens
159 1927 379 2004 huncDenm
396 1934 599 2026 alloquitur,
625 1933 738 2026 quise
753 1931 856 2000 uobis
871 1953 1030 2000 suavoee
1083 1953 1229 2000 cernens
1242 1929 1500 2002 invocationem
1517 1931 1693 2005 ethnicam
1710 1961 1845 2019 svera,
1869 1961 2005 2030 semper
2026 1939 2065 2008 in

55 2033 211 2117 ostendit,
238 2047 419 2124 praecepta
434 2035 588 2124 primum
606 2033 822 2121 consideres,
849 2031 888 2099 in
903 2029 1032 2124 quihus
1082 2041 1270 2122 conspectu
1283 2030 1342 2115 sit,
1368 2045 1402 2102 et
1416 2035 1575 2199 qpotidie
1590 2035 1629 2104 in
1644 2035 1867 2108 invocatione
1882 2040 2066 2129 cogitetur.

22 2193 25 2200 .
55 2132 201 2201 invocari
217 2153 255 2203 se
269 2134 379 2208 iussit.
417 2131 620 2204 Haecdicta
641 2133 708 2204 tibi
729 2130 936 2222 proponitur
968 2127 1030 2198 ln·
1180 2127 1322 2202 Deinde
1335 2155 1415 2201 cum
1453 2155 1495 2202 oc
1511 2138 1617 2218 modo
1633 2136 1850 2210 seiunximus
1870 2139 2065 2211 invocatio·

56 2257 130 2300 voca
145 2257 201 2300 me
216 2234 255 2301 in
270 2234 329 2303 die
342 2233 595 2308 tribulationis.
626 2231 732 2302 ltem:
756 2229 880 2314 Petite,
892 2244 926 2300 et
938 2229 1029 2298 acci·
1081 2251 1163 2298 nem
1179 2243 1334 2300 nostram
1349 2231 1395 2300 ab
1418 2225 1575 2321 ethnica,
1601 2247 1635 2308 et
1650 2236 1720 2306 iarn
1737 2239 1780 2308 ad
1799 2252 1980 2309 aeternnm
1996 2239 2065 2310 Pa-

55 2332 157 2422 pietis.
207 2329 264 2402 Ae
288 2335 432 2424 prodest
451 2335 579 2404 multas
607 2334 693 2404 tales
721 2331 911 2402 sententias
939 2331 1029 2405 bene
1081 2343 1170 2399 trem
1183 2331 1332 2400 ducente
1346 2327 1439 2404 l'ilio
1452 2333 1595 2409 adducti
1611 2358 1752 2424 sumus,
1776 2334 1903 2412 sithoc
1919 2341 2064 2411 tertium

56 2432 230 2502 meditatas
242 2447 375 2514 tenere,
398 2455 487 2526 quae
501 2429 689 2504 hortentur
701 2445 743 2504 ut
755 2433 799 2500 ad
814 2427 928 2500 Deum
943 2452 1029 2500 con·
1080 2443 1318 2522 praeceptum.
1607 2427 1611 2436 ’

55 2531 228 2620 fugiamus.
261 2530 400 2603 Deinde
412 2546 446 2604 et
459 2533 707 2624 promissiones
720 2531 914 2620 adiungito.
946 2527 1029 2598 Non
1180 2527 1286 2616 Vult,
1311 2527 1351 2600 u't
1366 2543 1468 2602 antea
1485 2532 1686 2620 audivistis,
1710 2535 1843 2608 Paulus
1863 2537 2064 2634 nuddqomi-

56 2633 212 2723 praecipit
237 2645 374 2704 tantum
401 2636 512 2726 petia
535 2656 572 2703 se
593 2631 690 2704 Deus
711 2631 857 2702 salutem
881 2643 916 2700 et
937 2629 1029 2700 vitae
1081 2623 1167 2715 ζειν.
1216 2625 1332 2720 Ergo,
1361 2645 1402 2704 ut
1428 2635 1522 2724 apud
1546 2636 1721 2706 medicam
1748 2641 1865 2710 morbi
1887 2654 1922 2712 et
1943 2641 2063 2710 omnia

56 2732 229 2819 praesidia,
254 2735 314 2802 sed
330 2733 563 2822 amplissimas
578 2731 830 2822 promissiones
841 2729 965 2812 edidit,
988 2727 1028 2796 in
1062 2727 1339 2822 neumaiam
1354 2733 1529 2802 narranda
1545 2749 1646 2820 sunt,
1670 2735 1719 2808 ita
1733 2761 1800 2809 nos
1814 2740 1972 2810 miserias
1985 2741 2062 2812 Deo

57 2833 171 2922 quibus
206 2834 362 2904 ostendit
393 2834 497 2902 nohis
522 2831 673 2915 Filium,
708 2854 813 2924 quem
846 2824 1043 2898 constitui&
1080 2853 1305 2919 exponamus,
1330 2854 1369 2900 ae
1386 2833 1546 2902 meditati
1560 2839 1604 2904 ad
1620 2831 1716 2906 hunc
1731 2840 1904 2910 medicum
1919 2841 2063 2912 acceda-

56 2933 255 3019 piscatorem
281 2928 345 3004 aeui
363 2928 518 3025 μεσίτην
536 2927 600 3002 καὶ
624 2929 747 3024 ἱκίτην
766 2954 829 3020 pro
846 2930 974 3013 nobis,
994 2941 1028 2998 et
1079 2951 1168 2998 mus.
1220 2927 1302 3000 Non
1323 2954 1468 3022 paucas,
1497 2955 1570 3002 noo
1594 2937 1736 3024 exiguas
1757 2962 1942 3010 aerumnas
1965 2965 2062 3011 com-

55 3046 185 3121 propter
206 3027 305 3104 hune
326 3033 477 3106 affirmat
500 3048 593 3104 certo
617 3057 682 3104 uos
709 3029 838 3122 recipi,
869 3028 1028 3100 exaudiri
1079 3051 1335 3114 memoremus,
1358 3055 1440 3102 vere
1464 3031 1789 3126 παῤῥησιαζοντις,
1815 3041 1879 3110 ubi
1902 3042 1941 3110 in
1962 3065 2063 3110 men-

56 3143 85 3200 et
97 3133 236 3203 servari.
349 3122 355 3133 ’
1078 3143 1148 3200 tem
1162 3130 1252 3200 illud
1261 3127 1407 3206 Tauleri
1422 3132 1556 3203 vestiet:
1581 3133 1772 3230 Nunquam
1787 3134 1983 3212 humanum
1998 3167 2061 3231 pe-

143 3230 186 3300 ln
206 3227 265 3301 his
287 3227 580 3324 promissionibus
597 3227 833 3318 persolvenda
849 3250 948 3298 mens
962 3241 1029 3314 est,
1078 3243 1155 3300 ctus
1174 3241 1245 3299 tam
1268 3231 1413 3300 avidum
1431 3255 1505 3302 esse
1521 3235 1565 3303 ad
1583 3237 1848 3330 accipiendum,
1873 3265 1979 3336 quarn
1994 3241 2062 3313 Dei

56 3354 132 3422 quae
152 3331 275 3403 multis
294 3329 504 3402 tristissimis
521 3327 809 3398 dubitationibus
823 3323 881 3398 hic
895 3352 1026 3398 concu-
1078 3329 1218 3400 bonitas
1238 3344 1291 3401 est
1304 3331 1349 3400 ad
1364 3333 1535 3407 dandum.
1983 3389 1987 3400 .

56 3431 147 3511 titur,
172 3445 342 3526 tanquam
361 3431 500 3500 diversa
515 3428 667 3520 impulsa
683 3428 850 3498 fluetibus
869 3423 933 3500 καὶ
949 3451 1028 3521 χει·
1178 3427 1217 3499 Si
1239 3429 1320 3522 quis
1342 3455 1416 3500 non
1437 3433 1588 3503 aflicitur
1602 3429 1779 3506 Ecclesiae
1799 3437 2062 3528 dilaceratione,

56 3527 243 3625 μαζομένη.
1078 3539 1122 3598 et
1134 3528 1214 3598 aliis
1236 3530 1404 3611 miseriis,
1437 3531 1566 3602 deinde
1589 3533 1818 3626 imperiorum
1841 3541 2060 3610 confusioni-

142 3631 241 3702 Scias
268 3643 389 3700 autem
406 3623 583 3699 ethnicam
609 3627 845 3719 precationem
869 3649 960 3711 esse,
992 3625 1023 3696 si
1077 3627 1161 3714 bus,
1186 3629 1240 3698 illi
1257 3653 1339 3712 vere
1356 3631 1467 3702 rohur
1480 3644 1515 3702 et
1529 3656 1588 3702 aes
1602 3634 1728 3725 triplex
1750 3638 1841 3710 circa
1857 3653 1993 3730 pectus,
2018 3656 2059 3714 ut

56 3729 185 3817 cogitas,
223 3731 438 3800 recitandam
460 3729 602 3822 quidem
625 3751 700 3798 esse
725 3723 816 3798 hane
845 3726 1026 3822 βαττοιο·
1075 3725 1206 3800 Po'e‘tae
1227 3729 1344 3800 verbis
1364 3745 1465 3817 utar,
1497 3748 1619 3806 natum
1644 3747 1706 3810 est.
1766 3739 1852 3810 Vult
1874 3763 1939 3811 nos
1961 3739 2059 3812 Deus

54 3823 149 3922 yion,
172 3833 235 3901 sed
255 3830 431 3919 ambigere
451 3830 631 3914 animum,
656 3851 703 3900 an
720 3823 817 3898 Deus
833 3841 931 3898 curet
947 3842 1025 3898 tuas
1076 3829 1198 3900 dolore
1218 3829 1441 3921 publicorum
1463 3833 1638 3906 malornm
1660 3837 1769 3923 albei,
1792 3852 1833 3912 nt
1851 3864 2057 3914 aseeorum

56 3950 179 4016 preces,
210 3944 272 4000 aut
305 3931 453 4019 gemitus
486 3941 587 4012 tuos,
623 3953 688 3999 nec
713 3929 824 4018 magis
844 3941 1025 4021 expectare
1075 3929 1330 4020 mitigationem
1346 3945 1516 4023 petamus.
1565 3934 1636 4008 Sed
1655 3961 1775 4008 verum
1793 3953 1844 4011 est
1863 3941 1952 4011 illud
1969 3943 2057 4012 Pin-

55 4025 151 4099 alleo
165 4030 359 4114 auxilium,
385 4053 490 4122 quarn
510 4029 539 4096 si
555 4031 682 4098 ludens
702 4029 784 4099 talis
798 4041 1025 4121 expectasse·
1074 4029 1253 4113 derisum,
1283 4027 1481 4106 adelasiae
1501 4029 1629 4124 πιέζει,
1655 4033 1861 4132 ἀλλοτρίων
1882 4037 1927 4114 οὐ
1948 4041 2058 4135 μέλει.

56 4126 201 4214 nionem,
233 4144 294 4201 aut
317 4125 460 4198 hamum
488 4123 634 4199 trahens
661 4129 829 4214 silurum,
860 4141 922 4200 aut
944 4151 1023 4199 era-
1073 4125 1294 4200 Domesticae
1315 4132 1527 4206 calamitates
1550 4135 1660 4227 magis
1681 4141 1881 4214 excruciant
1906 4145 2058 4226 animos,

56 4237 115 4296 tam
135 4245 304 4322 expectes.
353 4227 447 4298 Huic
466 4229 683 4299 dubitationi
702 4229 865 4318 fugitanti
882 4243 916 4299 et
936 4253 1021 4298 con-
1072 4229 1186 4300 aliena
1202 4231 1315 4301 levius
1333 4256 1507 4306 curamus.
1878 4319 1881 4326 ¹

56 4332 209 4402 temoeuti
226 4329 341 4400 Deum
360 4325 502 4399 ethnico
519 4353 637 4412 more,
661 4351 882 4422 nequaqnam
900 4329 1022 4398 indul·
1173 4330 1245 4402 Sed
1258 4331 1363 4418 furit,
1386 4334 1448 4428 qui
1463 4335 1621 4424 publicas
1635 4332 1813 4410 Ecclesiae
1833 4351 1868 4412 et
1886 4340 2056 4434 imperio-

56 4432 191 4512 gendum
211 4446 275 4506 est.
324 4429 395 4500 Sed
417 4429 579 4518 erigenda
597 4453 696 4500 sucus
712 4429 923 4519 cogitatione
938 4453 1021 4520 pro-
1072 4453 1153 4500 nrm
1173 4433 1413 4524 quassatioues
1430 4430 1523 4506 nihil
1546 4437 1593 4507 ad
1614 4459 1651 4508 se
1671 4443 1846 4530 pertinere
1869 4442 2056 4516 existimat.

56 4526 260 4612 missionum,
282 4553 323 4600 ac
336 4532 559 4600 statuendum
579 4553 659 4598 vere
674 4552 740 4599 nos
756 4544 790 4598 et
805 4543 924 4599 nostra
939 4544 1019 4600 vota
1069 4527 1297 4624 Experientia
1313 4533 1419 4606 nimis
1432 4558 1554 4608 vuum
1569 4559 1642 4608 esse
1655 4551 1801 4612 testatur
1814 4539 1958 4614 Solonis
1972 4569 2055 4614 ver·

56 4642 183 4718 propter
202 4629 335 4700 Filium
357 4630 568 4719 placatorem
592 4629 711 4718 recipi.
767 4627 929 4724 Cumque
952 4621 1021 4700 hoc
1070 4655 1168 4715 sum,
1193 4633 1256 4727 qui
1269 4634 1336 4706 ait:
1360 4633 1500 4709 lutrant
1516 4637 1556 4707 in
1577 4633 1749 4711 thalamos
1763 4642 1904 4733 publiea
1921 4645 2053 4716 damna

58 4741 213 4800 certamen
228 4732 267 4799 in
282 4730 409 4799 animis
424 4754 497 4798 non
512 4731 589 4798 leve
604 4730 660 4813 sit,
686 4723 752 4797 hoc
768 4729 906 4818 insigne
921 4730 1018 4800 testi·
1069 4745 1163 4806 tuos.
1214 4733 1336 4828 ltaque
1356 4736 1514 4826 publicas
1534 4751 1569 4810 et
1588 4739 1742 4830 privatas
1764 4765 1949 4814 aerumnas
1965 4769 2053 4814 con·

58 4829 197 4899 monium
220 4831 353 4923 pectori
374 4830 558 4920 infigatur,
590 4831 685 4921 quod
703 4843 795 4901 extat
819 4829 857 4898 in
872 4831 1016 4921 epistola
1068 4831 1280 4918 sideramus,
1312 4857 1439 4930 easque
1456 4836 1533 4910 Deo
1555 4860 1812 4932 proponamus,
1841 4855 1876 4914 et
1898 4844 1960 4914 illa
1983 4844 2050 4916 Dei

59 4923 288 5018 adEphesiost
313 4929 382 5000 Per
398 4955 502 5021 quern
519 4925 688 4998 habemns
703 4928 885 5010 fiduciam,
909 4945 943 5000 et
959 4953 1020 5001 ae·
1067 4933 1247 5023 agnitione
1270 4949 1305 5006 et
1322 4935 1389 5004 lide
1410 4961 1529 5008 earum
1553 4940 1806 5030 mitigationem
1823 4956 1858 5014 et
1877 4944 2050 5015 auxilium

60 5028 161 5098 cedere
182 5035 225 5101 ad
251 5032 366 5102 Deum
393 5032 564 5100 audemus
589 5029 734 5100 fidentes
760 5045 902 5121 propter
923 5055 1017 5104 eum.
1066 5047 1227 5126 ριιιιιιιιι
1241 5047 1276 5106 et
1290 5049 1520 5127 expectemus.
1568 5037 1683 5111 lmmo
1697 5053 1737 5113 ut
1749 5044 1870 5116 ardeat
1883 5046 2051 5140 depreea-

61 5115 232 5200 0dulcem
257 5131 462 5202 concionem
490 5133 678 5200 verborum
703 5133 859 5220 pondera
882 5131 1016 5202 intelli·
1066 5133 1136 5220 tio,
1161 5131 1247 5206 haec
1261 5151 1435 5226 reputato.

61 5230 149 5306 genti.
184 5231 367 5324 vituperat
381 5231 516 5300 animos
529 5231 699 5320 fugientes
713 5227 849 5316 Deum,
873 5256 938 5304 nec
953 5255 1016 5322 pe·
1166 5233 1396 5306 Seuerissime
1416 5238 1586 5330 praecipit
1600 5237 1698 5311 Deus
1717 5242 1903 5316 universae
1923 5243 2048 5320 Eccle-

61 5332 153 5400 tsntes
173 5333 216 5403 ab
241 5357 282 5402 eo
299 5333 414 5416 bona,
439 5353 573 5424 nosque
594 5332 637 5400 ad
658 5329 772 5402 Deum
790 5327 957 5418 retrahit,
979 5346 1014 5406 et
1064 5333 1136 5417 siae
1150 5349 1185 5410 et
1205 5335 1374 5431 singulis,
1398 5351 1439 5410 ut
1454 5351 1614 5431 petamus
1628 5341 1820 5432 auxilinm,
1846 5348 1946 5420 addit
1963 5375 2049 5442 pro-
