4718 5828
220 259 288 335 151

221 437 411 506 videbatur
431 435 595 525 ingenia,
620 455 807 526 moresque
823 447 857 504 et
872 446 982 504 totam
999 432 1101 527 quasi
1114 435 1218 504 πολι-

221 531 326 612 τείαν
347 540 575 608 formicarum
599 536 814 622 describere,
840 538 937 630 quod
959 537 1043 606 inde
1061 535 1216 628 plurima

222 637 542 734 pulcherrimarum
557 640 921 728 virtutumexempla,
947 651 1093 724 etvere,
1119 638 1217 731 quod

223 747 325 816 aiunt
355 741 502 828 Graeci,
531 735 922 838 popuq'xcadyuduir
950 765 1072 832 capere
1102 741 1216 811 liccat.

225 847 353 916 Videte
380 861 497 917 autem
519 859 693 938 quantum
715 867 792 912 mea
814 869 869 912 me
894 842 1061 914 fefellerit
1081 843 1217 935 opinio.

132 974 136 993 ¹
225 947 334 1038 Quod
363 950 467 1018 enim»
491 947 691 1036 argumenti
718 969 828 1036 genus
854 946 1053 1016 arbitrabar
1074 958 1220 1038 propter

225 1050 434 1126 tenuitatem
451 1051 526 1119 sine
543 1072 670 1138 magno
688 1049 834 1140 negocio
851 1049 980 1141 exponi
995 1062 1031 1117 et
1048 1047 1218 1139 perpoliri

123 1229 126 1234 ,
224 1177 344 1246 posse,
369 1153 406 1222 id
428 1153 466 1220 in
491 1151 709 1243 experiundo
729 1150 880 1236 cognovi
898 1153 1003 1240 longe
1019 1173 1117 1220 secus
1133 1172 1218 1222 esse.

224 1255 394 1345 Comperi
411 1255 505 1324 enim
524 1279 598 1324 non
615 1253 802 1322 mediocris
813 1253 956 1323 artificis
972 1277 1055 1340 esse,
1081 1249 1218 1321 honore

225 1360 418 1430 verborum
440 1381 496 1428 res
519 1358 626 1450 exiles
646 1379 775 1426 ornare
797 1380 836 1424 ac
852 1357 1041 1429 illustrare.
1093 1353 1220 1442 Quan-

226 1485 331 1556 quam
349 1460 457 1550 igitur
474 1460 666 1528 sentiebam
681 1482 737 1526 mc
753 1471 913 1548 suscepto
930 1459 1031 1528 oneri
1048 1458 1217 1548 imparem

226 1566 322 1644 fore,
349 1576 468 1632 tamen
491 1562 662 1654 quoniam
683 1583 758 1628 non
775 1562 819 1628 ad
836 1561 970 1650 ingenii
986 1562 1132 1644 famam,
1158 1559 1218 1626 sed

227 1664 413 1736 exercendi
434 1663 517 1758 styli
537 1687 639 1733 causa
660 1685 901 1753 susceperam,
926 1663 1091 1732 desistere
1106 1660 1220 1744 nolui,

226 1769 286 1838 sed
305 1767 425 1860 peregi
439 1765 595 1836 fabulam
611 1789 717 1858 quarn
732 1765 960 1856 inceperam.'
994 1763 1135 1852 Quaeso
1150 1762 1219 1852 igi·

226 1885 287 1942 tur
302 1893 383 1954 vos,
405 1881 447 1938 ut
463 1893 529 1960 pro
547 1863 767 1938 humanitate
784 1881 899 1936 vestra
916 1889 972 1934 me
987 1866 1141 1955 benigne
1156 1889 1220 1934 au-

227 1973 349 2043 diatis:
376 1974 474 2064 quod
493 1971 523 2039 si
540 1971 639 2040 nulla
656 1969 725 2038 alia
743 1991 817 2053 res,
842 1982 962 2038 tamen
977 1964 1118 2038 scholae
1134 1991 1221 2037 con-

227 2075 378 2145 suetudo
400 2099 420 2142 a
444 2073 545 2142 vobis
569 2074 757 2163 impetrare
780 2071 902 2156 debet,
928 2083 961 2140 et
977 2070 1008 2140 si
1025 2093 1124 2139 suam
1140 2071 1220 2138 lau·

227 2181 309 2248 dem
322 2171 493 2246 honestus
509 2187 656 2245 conatus
669 2185 836 2256 merctur,
857 2197 931 2242 non
946 2172 1086 2262 indigni
1100 2173 1222 2240 favore

227 2279 411 2350 indicandi
426 2301 549 2348 sumus
562 2273 811 2346 honestissimo
827 2287 1035 2366 argumento
1049 2287 1222 2364 suscepto,

229 2383 334 2452 etiam
357 2381 479 2464 sirei,
511 2404 616 2472 quam
639 2378 875 2462 instituimus,
906 2377 1113 2446 difficultate
1137 2374 1220 2443 victi

228 2506 361 2554 snmus.
422 2481 490 2552 Sed
516 2497 556 2552 ut
579 2476 793 2570 Philosophi
817 2481 855 2548 in
880 2479 1117 2570 descriptione
1143 2477 1223 2546 ani-

229 2585 424 2667 mantium,
451 2585 606 2675 primum
631 2585 676 2652 de
700 2583 870 2674 cuiusque
886 2580 1131 2672 procreatione
1147 2579 1223 2648 dis-

229 2699 377 2782 putant,
404 2687 510 2756 itaet
534 2685 638 2754 nobis
664 2684 893 2754 formicarum
917 2683 1144 2768 ortus‚·inde
1159 2703 1222 2750 us-

231 2813 301 2885 que
318 2791 363 2859 ab
384 2814 472 2873 ovo,
498 2801 538 2857 ut
560 2788 679 2873 aiunt,
712 2787 923 2877 repetendus
947 2787 1025 2858 crit.
1089 2783 1221 2852 Verum

228 2889 380 2962 historia
400 2891 630 2960 formicarum
655 2889 794 2978 longior
817 2889 929 2958 Iliade
948 2891 1068 2958 futura
1091 2887 1155 2966 sit,
1191 2885 1221 2953 si

229 2995 350 3065 omnia
370 3017 656 3063 commemorare
686 2991 809 3058 velim:
844 2993 904 3060 sed
937 2986 1005 3059 hoc
1029 2991 1072 3058 ad
1100 3011 1220 3056 earum

161 3183 164 3190 Ι
229 3099 371 3166 laudem
388 3119 600 3185 magnopere
614 3093 788 3183 pertinere
804 3093 1097 3176 existimavimus,
1125 3093 1220 3183 quod

230 3223 311 3270 cum
336 3211 408 3268 tam
430 3197 542 3266 multa
565 3196 763 3266 divinitatis
785 3195 932 3284 vestigia
958 3195 996 3262 in
1020 3195 1221 3272 aisement,

229 3301 382 3391 intelligi
398 3299 524 3391 possit,
548 3323 605 3368 eas
619 3323 693 3368 non
708 3299 784 3366 sinc
799 3311 893 3368 certo
910 3296 977 3366 Dei
993 3296 1141 3365 consilio
1157 3319 1223 3361 na-

231 3419 285 3474 tas
314 3426 406 3488 esse,
440 3401 626 3494 multoque
648 3400 766 3470 verius
790 3425 895 3492 quam
919 3399 1073 3489 poeticos
1098 3393 1222 3466 heroas

230 3529 343 3596 genus
372 3529 390 3574 a
421 3502 504 3574 love
531 3528 669 3574 summo
701 3505 853 3589 ducere,
881 3517 921 3572 ut
951 3500 1062 3571 Poiita
1093 3499 1221 3594 inquit.

231 3609 423 3698 Quomodo
442 3607 535 3675 enim
552 3606 591 3676 in
609 3601 675 3675 hae
691 3609 830 3677 terrena
847 3619 973 3674 natura
989 3603 1101 3675 futuri
1118 3623 1221 3693 prae-

231 3710 378 3780 scientia
394 3709 470 3777 sine
486 3707 607 3778 divina
626 3709 666 3774 vi'
679 3707 827 3777 existere
842 3707 981 3798 potest?
1030 3705 1113 3775 Non
1130 3699 1221 3772 hanc

230 3827 366 3882 tantam
389 3806 536 3880 haberet
554 3805 613 3878 hic
628 3808 842 3877 vermiculus
861 3807 1091 3889 industriam,
1120 3807 1222 3893 longe

230 3914 384 3984 alienam
408 3935 428 3981 a
448 3913 637 3982 brutorum
655 3922 777 4001 captu,
803 3909 902 3978 nulla
919 3908 1112 3998 gregalium
1126 3907 1222 3975 noti-

230 4015 305 4095 cia,
329 4015 428 4084 nulla
450 4027 574 4084 mutua
597 4011 786 4082 collocutio
809 4012 903 4081 inter
920 4033 976 4078 cas
993 4023 1099 4093 essct,
1123 4009 1222 4078 nulla

122 4171 126 4178 .
230 4127 376 4187 nossent
394 4127 595 4207 temporum
618 4113 844 4198 discrimina,
870 4113 940 4182 nisi
957 4125 1110 4181 mentem
1127 4111 1222 4181 Deus

229 4217 415 4288 indidisset
436 4229 616 4286 tantarum
636 4239 777 4300 rerum,
803 4229 945 4309 tamque
967 4216 1146 4283 variarum
1165 4237 1223 4281 ca-

230 4343 364 4413 pacem.
436 4315 580 4389 Etenim
607 4337 751 4410 sapere,
789 4317 991 4387 meminisse
1021 4316 1222 4408 praeterita,

230 4421 481 4514 consequentia
507 4443 669 4503 cernere,
693 4421 815 4490 futura
837 4418 1063 4512 praevidere,
1089 4441 1135 4486 ne
1156 4413 1222 4486 ho·

229 4523 345 4594 mines
376 4522 541 4615 quidem,
574 4521 643 4590 nisi
670 4521 843 4592 divinitus
867 4522 1036 4592 commoti
1063 4519 1222 4590 excitati·

230 4649 300 4720 que
330 4637 487 4714 possunt.
540 4623 633 4712 Quis
662 4626 776 4712 enim,
817 4623 979 4718 quamvis
1007 4623 1223 4712 ingeniosus,

229 4730 306 4798 sinc
330 4725 394 4796 Dei
419 4751 505 4818 ope,
532 4727 649 4796 varios
673 4741 790 4798 motus
815 4727 1015 4809 stellarum,
1042 4723 1222 4813 magnitu-

229 4831 420 4922 dinesque,
446 4828 576 4897 molem
598 4842 731 4915 terrae,
756 4844 791 4900 et
813 4829 881 4898 alia
897 4827 1007 4898 multa
1025 4821 1222 4918 deprehen-

229 4931 362 5003 disset?
413 4929 532 5002 Multo
562 4931 682 5000 minus
708 4931 818 5022 igitur
845 4932 978 5001 bestiae
1006 4928 1221 5012 ratiocinari,

720 255 878 334 Duco.
913 241 989 332 DE
1023 250 1305 332 ENGOMIO
1339 247 1777 340 nortmannum?

2191 264 2269 344 152

1268 423 1420 526 intelligi
1448 449 1581 526 potestc
1599 423 1703 506 'riam
1727 461 1805 510 cum
1833 461 1949 508 sacrae
1974 439 2097 510 literae
2121 433 2281 510 mittant
2349 507 2350 512 ,

1269 560 1335 606 nos
1357 540 1402 606 ad
1419 538 1604 620 formicas,
1629 553 1799 632 tanquam
1815 543 1859 610 ad
1878 542 2080 638 magistros,
2106 545 2268 636 profecto

1270 641 1470 730 significant
1500 635 1568 710 hoc
1598 643 1748 711 consilio
1777 667 1796 711 a
1821 641 1897 712 Deo
1922 646 2128 715 fabrefactas
2152 642 2271 716 ethis

1270 742 1404 831 ingenii
1427 743 1570 812 dotibus
1593 744 1782 814 instructas
1798 767 1889 830 esse,
1913 763 1954 817 nt
1969 749 2095 816 docere
2110 773 2176 818 nos
2194 749 2271 818 uti-

1270 846 1316 913 lia
1341 857 1494 938 possent.
1547 843 1596 915 Ut
1614 846 1710 914 enim
1727 847 1851 916 nullus
1868 850 2137 939 paterfamilias,
2162 852 2193 919 si
2211 875 2271 919 sa-

1271 947 1364 1038 piat,
1390 947 1503 1016 lilium
1527 951 1726 1016 docendum
1751 949 1860 1019 tradit
1885 951 1936 1030 ei,
1964 952 2065 1021 cuius
2088 977 2162 1022 non
2181 979 2272 1043 pro-

1271 1051 1331 1118 bat
1354 1049 1611 1134 cruditionem,
1642 1051 1691 1120 ita
1713 1052 1885 1120 credibile
1907 1065 1977 1136 est,
2011 1077 2076 1123 nec
2101 1055 2271 1124 divinum

1271 1150 1446 1244 Spiritum
1469 1175 1535 1220 nos
1557 1155 1600 1220 ad
1625 1153 1801 1222 eiusmodi
1817 1155 2004 1242 magistros
2019 1156 2177 1236 mittere,
2205 1158 2272 1249 qui

1271 1275 1346 1322 non
1367 1254 1517 1322 doceant
1538 1255 1713 1324 coelestia.
1767 1254 1912 1326 Necesse
1935 1271 1986 1326 cst
2010 1257 2118 1346 igitur
2134 1282 2193 1328 cas
2211 1283 2274 1327 ar-

1271 1369 1342 1440 tes,
1369 1376 1456 1448 quas
1478 1357 1584 1425 nobis
1604 1357 1692 1426 istae
1716 1357 1902 1427 discendas
1922 1374 2146 1450 proponunt,
2172 1361 2274 1428 divi-

1272 1459 1369 1527 nitus
1401 1457 1438 1524 in
1463 1459 1623 1527 sensibus
1648 1483 1688 1527 ac
1711 1472 1840 1528 natura
1864 1461 2094 1530 formicarum
2119 1464 2274 1552 scriptas

1272 1575 1376 1653 atque
1400 1561 1553 1650 sculptas
1575 1583 1668 1645 esse,
1693 1585 1846 1653 vereque
1865 1585 1938 1630 esse
1956 1564 1994 1632 in
2011 1563 2077 1649 cis,
2102 1581 2141 1636 ut
2157 1564 2273 1634 Po'e'ta

1272 1665 1343 1744 ait,
1377 1675 1512 1752 partem
1538 1662 1694 1755 aliquam
1716 1663 1860 1734 divinae
1882 1665 2028 1745 mentis,
2061 1679 2097 1735 et
2121 1661 2275 1737 haustus

1271 1759 1465 1839 aethereos.
2349 1755 2350 1766 ¹

1373 1863 1456 1936 Dixi
1478 1860 1647 1936 hactenus
1673 1869 1717 1937 dc
1734 1868 1963 1938 formicarum
1980 1882 2061 1939 ortu
2078 1893 2119 1940 ac
2134 1869 2278 1938 nobili-

1273 1980 1362 2052 tate,
1388 1992 1478 2060 quae
1505 1991 1580 2036 non
1608 1993 1753 2061 parvam
1775 1973 2121 2041 commendationem
2147 1967 2275 2040 habet:

1273 2070 1388 2139 adfert
1417 2070 1513 2138 enim
1544 2071 1715 2142 nobilitas
1744 2097 1818 2141 non
1846 2075 1953 2142 modo
1984 2073 2022 2142 in
2047 2067 2277 2157 hominibus,

1274 2175 1334 2242 sed
1357 2171 1462 2240 etiam
1485 2172 1522 2239 in
1549 2175 1742 2263 pecudibus
1766 2176 1939 2266 quaedam
1961 2175 2101 2247 virtutis
2122 2177 2278 2260 semina,

1275 2287 1362 2366 qua'e
1386 2297 1404 2341 a
1431 2288 1617 2364 parentum
1636 2291 1762 2345 natura
1779 2277 1816 2342 in
1836 2291 1996 2366 posteros
2011 2291 2273 2369 propagantur.

1275 2375 1378 2446 Nune
1406 2377 1451 2443 de
1482 2376 1633 2463 ingeniis
1664 2401 1703 2446 ac
1729 2369 1890 2446 moribus
1915 2380 2029 2470 deque
2054 2379 2152 2448 omni
2175 2381 2278 2449 vitae

1275 2480 1530 2546 consuetudine
1554 2479 1696 2548 illarum
1721 2480 1912 2548 dicendum
1932 2493 1994 2552 est.
2047 2478 2166 2572 Atque
2181 2476 2278 2551 haec

1275 2603 1355 2672 pars
1376 2581 1566 2660 orationis,
1593 2583 1679 2673 quid
1699 2583 1798 2650 aliud
1815 2577 1942 2666 habet,
1968 2605 2075 2674 quam
2091 2578 2280 2652 honestis·

1275 2684 1402 2751 simam
1430 2685 1610 2776 quandam
1636 2683 1788 2752 formam
1814 2697 1907 2753 recte
1931 2685 2103 2754 vivendi?
2154 2683 2275 2755 Nemo

1275 2779 1576 2876 Philosophorum
1609 2809 1685 2852 non
1710 2786 1859 2854 tradidit
1883 2788 1974 2854 bene
1997 2786 2142 2860 vivendi
2167 2811 2278 2877 prae-

1275 2895 1385 2977 cepta.
1438 2875 1510 2956 'sad
1526 2882 1633 2956 huius
1649 2887 1773 2958 insecti
1785 2882 1942 2971 historia,
1966 2889 2054 2981 quid
2067 2889 2112 2959 sit
2124 2905 2278 2975 rectum,

1275 2989 1362 3081 quid
1386 3002 1507 3079 turpe,
1542 2991 1628 3081 quid
1652 2991 1757 3074 utile,
1789 2990 1876 3082 qnid
1899 3013 1991 3075 non,
2026 2991 2112 3083 quid
2135 2994 2278 3075 deceat,

1275 3091 1402 3160 melius
1428 3087 1629 3184 Chrysippo
1660 3105 1695 3161 et
1716 3091 1890 3163 Crantore
1911 3093 2010 3165 dicit.
2076 3090 2169 3181 Quis
2194 3119 2277 3164 non

1274 3189 1360 3262 haec
1381 3193 1571 3280 singularis
1594 3183 1805 3283 prudentiae
1823 3193 2099 3287 diligentiaeque
2113 3196 2278 3264 indefes-

1275 3319 1332 3364 sae
1354 3317 1463 3384 opera
1485 3317 1558 3364 esse
1582 3297 1702 3364 dicat?
1753 3295 1956 3385 Colligendi
1980 3297 2094 3367 victus
2109 3311 2276 3388 tempora

1274 3397 1496 3485 intelligunt,
1530 3398 1682 3490 proinde
1709 3421 1874 3468 acervum
1899 3398 2070 3468 frumeuti
2095 3397 2133 3466 in
2157 3423 2277 3469 messe

1275 3512 1517 3590 comportant,
1557 3502 1735 3583 condunt,
1772 3513 2071 3594 compereuntque
2104 3501 2141 3568 iu
2182 3497 2278 3594 hye-

1275 3625 1387 3687 mem,
1413 3602 1622 3693 praevidcnt
1639 3602 1734 3670 enim
1750 3597 1931 3694 hyeme'in
1947 3601 2066 3672 vacuis
2083 3603 2176 3692 agris
2190 3601 2276 3672 fr'n-

1274 3717 1345 3773 stra
1359 3719 1409 3772 'se‘
1426 3704 1597 3795 pabulum
1617 3703 1836 3796 quaesituras
1859 3722 1943 3776 esse.
2000 3699 2124 3772 Onera
2146 3727 2276 3774 morsu

1275 3819 1420 3896 gerunt,
1454 3807 1560 3892 longe
1591 3805 1745 3888 maiora,
1777 3825 1884 3896 quam
1915 3829 1980 3896 pro
2005 3801 2164 3895 corporis
2184 3831 2278 3897 por-

1275 3910 1373 3978 tione
1402 3907 1494 3978 ferre
1524 3929 1624 4000 posse
1653 3907 1823 3976 credibile
1845 3906 1900 3978 sit.
1953 3905 2138 3995 Quaedam
2162 3932 2277 3996 gran-

1275 4011 1376 4080 diora
1389 4013 1624 4102 protrudunt,
1650 4023 1722 4078 tota
1738 4009 1897 4100 corporis
1911 4009 2006 4078 mole
2017 4007 2185 4089 obnixae,
2213 4033 2276 4080 se-

1275 4113 1372 4182 mina
1398 4112 1605 4205 priusquam
1638 4113 1812 4196 condant,
1845 4112 2038 4195 arrodunt,
2055 4133 2116 4180 ,ne
2144 4135 2275 4182 marsus

1276 4226 1399 4284 exeant
1421 4215 1461 4282 in
1481 4213 1601 4304 fruges
1624 4237 1643 4281 e
1665 4227 1776 4296 terra,
1801 4213 1995 4283 madefacta
2017 4213 2132 4282 imbre
2151 4215 2275 4303 profe·

1275 4329 1360 4386 runt
1383 4329 1489 4410 atque
1509 4317 1652 4386 siccant.
1683 4313 1778 4384 'Nec
1799 4329 1927 4399 noctu,
1951 4315 2056 4406 plena
2071 4315 2177 4398 luna,
2205 4341 2274 4386 va·-

1275 4441 1360 4489 cnae
1382 4432 1476 4490 sunt.
1528 4415 1650 4510 Usque
1671 4420 1759 4486 adeo
1783 4429 1885 4508 turpe
1906 4419 2043 4488 ducunt
2063 4417 2202 4499 feriari,
2229 4433 2276 4490 ut

1274 4521 1414 4591 nullum
1437 4519 1506 4590 sibi
1530 4531 1669 4610 tempus
1690 4519 1859 4588 idoneum
1878 4520 1993 4589 labori
2008 4517 2124 4610 perire
2138 4519 2275 4596 sinant.

1276 4622 1476 4693 luterlnnio
1498 4634 1636 4692 cessant
1658 4623 1703 4691 ab
1726 4645 1853 4711 opere,
1878 4622 2000 4715 siquae
2018 4621 2057 4690 in
2074 4620 2201 4693 itinere
2216 4623 2275 4692 fe-

1275 4725 1396 4794 rendis
1419 4723 1538 4813 granis
1559 4739 1723 4812 gravatae
1747 4737 1848 4808 sunt,
1875 4723 2029 4814 gregales
2053 4738 2205 4808 norunt,
2235 4739 2275 4797 et

1275 4827 1447 4921 quoniam
1470 4849 1574 4920 saepe
1594 4841 1765 4920 tanquam
1787 4825 1994 4894 exdiversis
2010 4825 2213 4897 civitatibus
2230 4827 2272 4896 in

1275 4931 1397 4998 cadem
1422 4928 1479 4998 via
1501 4928 1739 5012 conveniunt,
1772 4928 1811 4997 in
1833 4951 1947 4998 unum
1970 4927 2125 5020 aliquem
2149 4928 2273 4998 locum

229 5048 263 5103 et
275 5035 395 5108 futura
410 5033 549 5117 videre,
574 5046 609 5103 et
623 5034 902 5104 animadvertere
917 5031 1125 5123 praesentia,
1151 5030 1221 5099 nisi
1274 5055 1397 5102 omnes
1411 5031 1616 5100 universum
1629 5029 1871 5100 commeatnm‘
1879 5043 2119 5122 comportant,
2145 5028 2274 5122 ibique

226 5131 296 5204 Dei
318 5135 489 5206 beneficio
512 5148 671 5226 possunt·
722 5135 849 5230 Neque
863 5131 958 5203 enim
975 5129 1060 5202 haec
1075 5133 1221 5202 aliunde
1274 5157 1337 5204 sua
1363 5134 1463 5223 signa
1488 5145 1764 5221 recognoscunt,
1798 5131 1850 5200 ibi
1874 5132 1974 5202 velut
1995 5131 2187 5202 exercitum
2207 5155 2272 5202 re-

228 5259 335 5329 quam
367 5261 386 5306 a
411 5233 488 5337 Deo
520 5237 560 5306 in
583 5245 758 5308 terrenam
781 5253 944 5309 naturam
970 5241 1220 5328 propagantur.
1273 5249 1472 5319 censentes,
1497 5234 1636 5325 agmina
1654 5245 1838 5324 separant,
1862 5245 1899 5304 et
1913 5255 2019 5306 suurn
2036 5233 2165 5327 cuique
2184 5259 2274 5304 ave-

152 5347 156 5359 “
226 5337 371 5410 Habent
397 5339 508 5428 igitur
534 5339 702 5410 formicae
727 5363 801 5409 uon
825 5339 976 5410 dubium
1001 5337 1140 5428 generis
1164 5337 1220 5406 sui
1271 5332 1431 5409 bendum
1459 5339 1617 5410 tradunt.
1670 5331 1812 5406 Obviae
1843 5331 1938 5405 inter
1966 5357 2003 5406 se
2028 5335 2130 5430 qnasi
2156 5335 2274 5406 collo-

226 5435 386 5512 autorem
405 5438 538 5527 Deum,
563 5442 664 5513 cuins
686 5442 737 5514 rei
762 5443 797 5512 id
824 5462 966 5537 quoque
985 5441 1127 5530 signum
1145 5461 1219 5509 esse
1271 5453 1450 5534 quantur,
1479 5463 1521 5510 ac
1541 5451 1813 5530 percontantur,
1839 5438 1954 5508 donec
1975 5449 2175 5530 agnoscant.
2189 5436 2273 5509 sin-
