4614 5820
60 295 122 368 601

260 425 275 450 Ο

59 465 159 536 clesia.
210 455 371 532 Fortasse
394 464 462 532 alia
487 463 566 532 aliis
587 463 806 554 temporibus
825 477 1037 554 congruunt.

59 567 118 636 Sed
140 561 205 634 hoc
230 577 387 656 tempore
413 565 531 634 nescio
554 590 599 634 an
624 566 810 658 quisquam
834 567 913 656 pins
937 587 1039 633 men-

58 684 118 738 tem
138 689 176 736 ac
198 667 319 734 oculos
337 691 356 735 a
378 681 566 767 conspectu
583 663 759 738 Ecclesiae
775 682 931 736 avertere
949 691 1036 757 pos·

57 771 103 838 sit.
151 764 241 836 Cum
264 763 373 856 igitur
397 769 544 836 omnino
571 769 704 860 aliquid
730 770 832 835 etiarn
859 793 955 837 nunc
979 770 1034 837 di-

13 877 16 884 '
58 871 193 938 cendum
217 869 280 948 sit,
306 870 491 958 patiamini
514 893 642 961 quaeso
666 893 721 937 me
746 869 924 960 paulisper
947 870 1035 937 insi·

57 986 134 1040 stere
154 966 235 1038 huic
258 971 335 1058 ipso
356 985 597 1056 argumento,⁴
612 973 647 1039 in
667 973 760 1063 quod
781 971 882 1038 initio
900 972 1033 1040 oratio-

57 1073 104 1140 nis
121 1095 173 1138 me
189 1072 352 1158 cogitatio
370 1067 498 1140 horum
516 1086 713 1162 temporum
730 1071 886 1157 induxit,
913 1085 952 1140 ut
967 1073 1034 1141 ali-

56 1175 130 1265 quid
151 1173 263 1240 dicam
284 1175 328 1241 de
352 1169 418 1241 hoc
434 1175 644 1242 admirando
661 1170 727 1242 llei
743 1197 867 1264 opere,
894 1197 964 1266 quo
983 1189 1033 1242 te-

57 1289 156 1344 statur
167 1297 203 1341 se
218 1289 386 1364 perpetuo
402 1297 610 1343 conservare
625 1271 818 1344 Ecclesiam
834 1275 871 1343 in
887 1278 1033 1349 mundo,

144 1371 220 1444 Etsi
244 1399 327 1444 vero
349 1399 421 1444 uon
439 1375 486 1444 ita
503 1389 655 1445 extreme
671 1377 851 1466 stupidus,
878 1391 939 1445 aut
953 1401 1034 1466 per-

57 1475 119 1544 dite
143 1477 321 1544 conlidens
343 1499 440 1560 sum,
471 1493 605 1546 utnon
631 1478 778 1546 sentiam
802 1503 858 1544 me
882 1478 1032 1548 multum

56 1577 269 1644 succumbere
290 1578 528 1665 magnitudini
552 1579 703 1668 suscepti
718 1579 861 1662 oneris,
884 1603 949 1648 nec
971 1581 1033 1648 de-

56 1691 174 1746 terrear
188 1679 429 1748 imbecillitate
444 1703 533 1762 mea,
554 1705 659 1772 quam
675 1693 768 1749 certe
782 1703 943 1768 agnosco.
980 1680 1032 1750 Ac

56 1780 119 1869 ipse
141 1780 288 1848 maxime
311 1780 429 1870 optavi
454 1782 497 1848 de
515 1776 581 1850 hoc
599 1783 675 1871 ipso
690 1783 888 1870 argumenti
905 1807 1031 1872 genere

57 1880 165 1948 audire
181 1895 346 1949 sonantes
365 1905 466 1950 voces
484 1885 704 1972 superiorum
722 1899 943 1968 nostrorum,
970 1884 1032 1977 qui

57 1982 88 2048 in
108 1981 271 2050 diuturna
294 1983 548 2070 gubernatione
570 1979 746 2054 Ecclesiae
769 1999 802 2054 et
826 1986 1032 2074 ingentibus

58 2081 293 2152 certaminibus
320 2087 466 2168 versati,
501 2099 534 2154 et
556 2085 761 2174 intelligunt
784 2087 938 2176 pericula
961 2082 1031 2155 Ec-

58 2181 180 2267 desiae,
205 2199 241 2254 et
264 2207 388 2272 magua
411 2185 446 2254 vi
468 2211 507 2255 ac
522 2189 650 2257 robore
665 2187 809 2277 spiritus
825 2187 1032 2256 confirmare

58 2281 180 2374 piorum
200 2299 336 2356 mentes
361 2301 516 2376 possunt.
574 2287 643 2358 Sed
666 2289 747 2380 quia
774 2283 862 2356 mihi
883 2291 1030 2358 omnino

59 2389 267 2454 subeundum
290 2387 359 2456 luit
380 2383 448 2457 hoc
471 2411 562 2457 onus
586 2389 771 2459 autoritate
794 2389 925 2480 publici
952 2415 1030 2458 rnu-

58 2488 156 2570 neris,
189 2486 263 2558 Vos
283 2513 365 2573 oro,
398 2504 438 2559 ut
457 2485 548 2557 mihi
572 2491 708 2559 veniam
731 2492 820 2560 detis
844 2515 951 2581 pauca
974 2492 1031 2559 di-

59 2601 159 2671 cturo,
191 2608 366 2682 quantum
388 2592 567 2682 temporis
593 2593 751 2681 angustia
777 2593 924 2682 patitur,
957 2607 1030 2660 non

58 2713 110 2776 pro
132 2692 328 2777 argumenti
351 2692 540 2780 dignitate,
564 2697 624 2762 sed
646 2695 689 2761 ad
714 2695 1031 2761 commonefacien-

59 2791 110 2856 dus
133 2805 163 2858 et
183 2793 387 2862 excitandos
411 2795 667 2878 adolescentes,
693 2807 733 2863 ut
757 2807 788 2862 et
811 2794 877 2884 ipsi
899 2795 943 2861 de
959 2790 1031 2864 Ec·

60 2891 167 2959 clesiae
189 2893 358 2984 periculis
381 2895 533 2983 cogitare
556 2895 710 2980 discant,
736 2910 770 2965 et
790 2909 872 2964 vota
893 2919 932 2963 ac
949 2921 1029 2987 pre·

58 3015 194 3062 cescum
216 2995 292 3084 ipsa
316 2995 553 3084 coniungant,
579 3010 619 3065 nt
636 2996 728 3065 Deus
744 3018 819 3064 eam
835 2998 873 3066 in
891 2992 947 3064 his
964 3023 1030 3089 po-

59 3096 176 3163 stremis
191 3097 444 3165 certaminibus
458 3111 490 3166 et
509 3099 673 3188 periculis
687 3109 880 3172 conservet.

143 3191 252 3265 Plenai
293 3213 344 3268 est
379 3197 543 3268 universa
576 3199 748 3289 scriptura
767 3199 1030 3290 ¹eneruplorum,

59 3319 132 3384 quae
151 3299 344 3367 ostendunt
363 3298 474 3369 solius
488 3297 555 3370 Dei
577 3300 733 3390 potentia
751 3299 904 3368 mirabili
923 3301 1029 3367 modo

59 3391 230 3468 Ecclesiam
255 3400 444 3487 gubernari
462 3411 495 3471 et
509 3402 666 3470 delendi:
693 3401 752 3470 sed
767 3400 898 3471 infiniti
914 3401 1029 3492 operis

59 3513 146 3583 esset,
175 3514 285 3570 totam
310 3495 495 3570 historiam
520 3499 714 3582 Ecclesiae,
744 3503 828 3571 inde
850 3527 962 3594 usque
984 3503 1029 3570 ab

60 3599 146 3668 initio
170 3602 304 3672 conditi
329 3603 455 3671 mnndi
479 3603 569 3670 velle
592 3604 792 3691 complecti,
826 3627 913 3696 quae
938 3597 1028 3670 nihil

58 3700 139 3769 aliud
153 3727 257 3792 quam
273 3705 444 3793 stupenda
460 3704 627 3772 miracula
646 3704 820 3788 continet,
845 3704 883 3770 in
900 3704 1029 3796 quibus

59 3804 200 3890 adparet,
232 3805 376 3897 quantis
403 3806 581 3874 aerumnis
604 3829 741 3896 semper
764 3805 961 3875 conflictata
986 3806 1030 3874 sit

59 3896 205 3976 Ecclesia.
261 3901 308 3974 Et
329 3920 446 3973 tamen
465 3905 503 3973 in
521 3906 563 3974 iis
579 3908 749 3974 mirandis
764 3909 880 3975 modis
898 3907 1030 3976 divini-

60 4013 105 4071 tus
117 4022 244 4076 servata
265 4019 386 4075 contra
403 4003 535 4076 hostem
552 4008 615 4074 blii
633 4007 697 4082 Dei
714 4007 907 4078 diabolum.

144 4105 264 4197 Longe
293 4122 435 4198 superat
463 4133 604 4177 omnem
636 4105 827 4182 humanam
859 4110 1031 4202 eloquen-

60 4203 130 4272 tiam
151 4203 295 4277 historia
320 4211 515 4298 primorum
531 4224 716 4299 parentum
734 4223 768 4279 et
783 4223 942 4300 patrum,
967 4210 1029 4300 qui

60 4310 152 4376 secuti
174 4325 257 4378 sacrat
278 4333 389 4401 usqne
412 4315 454 4378 ad
474 4311 662 4400 dilnvium.
717 4308 861 4397 Quanto
878 4311 914 4378 in
931 4313 1029 4379 luctu

61 4421 87 4473 et
107 4433 255 4479 moerore
277 4411 403 4480 versati
429 4427 512 4481 sunt
531 4410 645 4480 Adam
670 4425 703 4481 et
719 4410 838 4496 Hera,
866 4437 945 4480 cum
969 4435 1028 4480 ac·

61 4522 143 4595 cepta
165 4513 398 4601 promissione
420 4516 464 4580 de
487 4507 650 4596 Christo,
683 4529 716 4583 et
743 4527 910 4603 concepta
935 4527 1030 4582 certa

61 4629 109 4696 spe
124 4609 566 4702 propagandaeEcclesiae,
592 4617 684 4684 natis
699 4616 837 4685 duobus
851 4612 1030 4684 liliisCain

62 4723 87 4775 et
101 4707 201 4797 dbel,
225 4715 342 4783 subito
363 4715 483 4784 vident
499 4716 566 4784 sibi
586 4715 815 4806 amplissimas
833 4739 910 4804 spes
928 4739 1048 4806 praev

63 4809 136 4894 cidi,
165 4829 284 4885 necato
300 4817 425 4885 0altero
457 4817 550 4902 lilio,
583 4819 643 4909 qni
672 4819 813 4887 futurus
838 4832 911 4886 erat
934 4819 1030 4888 velut

64 4911 256 4996 plantarium
277 4943 379 4986 verae
400 4913 596 5001 Ecclesiae,
623 4943 701 4986 cum
724 4917 813 4986 alter
835 4918 927 4986 lilius
949 4943 1029 5008 par-

64 5011 156 5082 ricida
177 5019 369 5106 praeclaras
392 5019 470 5086 illas
494 5041 590 5108 spes,
617 5044 703 5111 quas
727 5020 770 5087 dc
791 5019 867 5109 ipso
891 5019 941 5110 pii
966 5045 1029 5109 pa-

64 5127 162 5183 rentes
182 5133 409 5210 conceperant
432 5121 621 5189 frustratus
638 5133 737 5192 esset.
790 5119 862 5206 Qui
879 5145 957 5189 cum
974 5145 1029 5190 es-

65 5228 127 5283 tent
145 5211 196 5286 his
221 5219 459 5305 moeroribus,
487 5235 598 5291 totum
621 5224 754 5312 primae
771 5221 892 5290 aetatis
909 5236 1029 5290 cente-

65 5315 183 5386 narium
212 5323 377 5406 conlecti,
409 5347 488 5392 cnm
518 5323 616 5391 nulla
645 5324 713 5390 iam
740 5337 828 5393 esset
851 5319 1029 5421 Ecclesiae

65 5412 168 5504 iacies,
192 5443 254 5491 nec
274 5427 389 5515 posset
403 5447 553 5516 usquam
569 5425 754 5520 propagari
768 5425 928 5495 doctrina
946 5449 1026 5496 coe-

594 288 778 363 ·DECL.
811 287 888 362 DE
920 281 1211 364 ECCLESlA
1244 283 1504 361 CHRISTI.

1089 458 1201 528 lestis:
1229 458 1312 551 quia
1338 457 1522 547 posteritas
1549 453 1640 526 Cain
1663 471 1845 548 paternam
1868 419 2096 547 impietatem·

2008 285 2099 374 oua,
2133 389 2139 395 Ι

1089 561 1306 643 sectabatur,
1349 573 1383 628 et
1413 559 1593 628 videretur
1623 581 1767 648 prorsus
1791 558 1861 628 iarn
1890 559 2086 628 concidisse

1087 659 1263 744 Ecclesia,
1288 673 1440 730 tamena
1455 656 1533 730 Deo
1546 661 1743 730 restituitur
1757 673 1791 730 et
1804 673 1975 744 servatur,
2001 661 2083 731 dato

1088 763 1160 832 lilio
1179 759 1287 843 Seth,
1313 785 1376 853 per
1399 787 1504 856 quem
1527 762 1706 851 colligitur
1728 762 1859 855 aliquis
1883 775 2018 846 coetus,
2044 762 2083 830 in

1087 887 1158 957 quo
1181 877 1282 933 sonat
1304 889 1371 931 vox
1389 864 1546 932 coelestis
1567 865 1611 932 de
1628 865 1750 933 futuro
1766 862 1918 944 semine,
1946 877 1980 932 ct
1997 859 2083 932 hinc

1087 979 1299 1057 propagatur
1311 961 1468 1034 Ecclesia
1484 979 1625 1056 patrum
1640 966 1811 1059 usquead
1827 965 2013 1037 diluvium.
2036 1045 2041 1056 ,

1190 1068 1261 1140 Ubi
1297 1089 1420 1135 rursus
1448 1068 1647 1135 miseranda
1677 1081 1728 1137 est
1757 1063 1933 1136 Ecclesiae
1963 1068 2080 1154 facies,

1085 1191 1159 1236 non
1187 1171 1301 1236 solum
1322 1166 1463 1238 Cainica
1488 1170 1690 1258 posteritas,
1729 1169 1788 1236 sed
1814 1169 1920 1238 etiam
1941 1169 2077 1262 reliqua
2123 1183 2125 1187 '

1085 1284 1160 1338 orta
1185 1269 1402 1358 apatribus‚
1435 1271 1497 1364 qui
1520 1271 1590 1338 iarn
1615 1291 1727 1340 anctos
1750 1270 1805 1340 bis
1828 1269 1926 1338 mille
1950 1270 2078 1360 guber-

1085 1385 1212 1440 narant
1228 1368 1438 1452 Ecclesiam,
1463 1373 1578 1440 delicit
1601 1396 1621 1441 a
1643 1395 1723 1440 vera
1749 1371 1895 1461 pietate,
1922 1385 1955 1440 et
1975 1371 2022 1440 ita
2038 1373 2077 1441 in

1084 1485 1219 1542 arctum
1242 1473 1414 1562 redigitur
1427 1469 1603 1558 Ecclesia,
1626 1486 1666 1543 ut
1692 1497 1731 1542 ex
1754 1473 1920 1542 universa
1939 1473 2076 1566 reliqua

1084 1574 1314 1644 multitudine
1341 1575 1451 1644 totius
1474 1569 1622 1646 humani
1643 1575 1780 1664 generis
1803 1599 1877 1644 non
1900 1574 1971 1644 nisi
1996 1587 2075 1644 octo

1083 1677 1221 1746 animae
1236 1691 1429 1746 serventur.
1480 1675 1604 1748 Postea
1620 1670 1747 1745 horum
1766 1676 1871 1746 etiam
1887 1677 2073 1766 posteritas

1083 1801 1103 1848 a
1130 1802 1211 1848 vera
1236 1779 1408 1866 religione
1429 1777 1600 1858 relabitur
1622 1779 1660 1846 in
1681 1777 1881 1848 idolatriam
1895 1791 1929 1846 et
1945 1777 2072 1868 impie*-

1083 1892 1206 1964 tatem,
1233 1894 1266 1948 et
1280 1879 1374 1948 inter
1389 1889 1518 1970 paucos
1536 1904 1576 1948 ex
1594 1879 1755 1970 patribus
1772 1894 1932 1950 servatur
1948 1873 2073 1949 Eccle-

1083 1980 1146 2051 sia.
1198 1977 1247 2050 Εἰ
1267 2003 1308 2050 ex
1331 1976 1438 2051 huius
1454 1981 1613 2074 reliquiis
1629 1975 1810 2049 Abraham
1827 1995 2012 2050 revocatur
2028 1983 2074 2051 ab

1083 2105 1202 2151 errore
1233 2095 1267 2152 et
1299 2083 1483 2163 idolatria,
1524 2085 1567 2151 ad
1600 2083 1865 2151 instaurandam
1888 2095 1920 2150 et
1946 2106 2074 2174 propa-

1082 2186 1233 2271 gandam
1251 2175 1449 2253 doctrinam
1464 2185 1740 2274 promissionum
1755 2185 1798 2252 de
1813 2179 1968 2254 Christo.
2018 2179 2073 2252 Ea

1082 2285 1165 2353 filiis
1182 2281 1277 2354 lsaac
1298 2309 1337 2354 ac
1354 2299 1523 2375 nepotum
1538 2285 1880 2378 peregrinationibus
1897 2284 2072 2374 colligun-

1082 2399 1141 2454 tur
1166 2381 1305 2455 deinde¹
1320 2385 1430 2478 aliqui
1453 2401 1590 2470 coetus,
1617 2399 1651 2462 et
1673 2386 1833 2456 doctrina
1857 2399 2072 2478 propagatur

1082 2489 1187 2556 etiam
1203 2487 1240 2556 in
1257 2485 1467 2580 Aegyptum.

1185 2585 1275 2657 Vere
1299 2589 1460 2658 miranda
1485 2603 1567 2659 sunt
1589 2583 1747 2678 exempla
1771 2613 1844 2658 non
1865 2583 1974 2659 huius
1990 2604 2070 2659 tan-

1081 2702 1156 2758 tum
1173 2689 1306 2780 primae
1322 2691 1443 2760 aetatis
1458 2687 1634 2784 Ecclesiae
1649 2706 1808 2782 patrum,
1833 2693 1892 2760 sed
1908 2690 2070 2782 oninium

1081 2803 1301 2882 temporum,
1327 2816 1416 2884 quae
1438 2805 1521 2861 sunt
1542 2807 1708 2884 perpetua
1724 2794 1895 2886 quaedam
1912 2793 2070 2862 testimo-

1082 2893 1140 2960 nia
1159 2893 1377 2962 mirabilium
1394 2918 1541 2984 operum
1556 2891 1644 2986 Dei,
1671 2889 1738 2962 hoc
1752 2907 1821 2980 est,
1845 2908 1879 2964 et
1896 2893 2069 2963 adflictio-

1081 3018 1167 3066 num
1184 3019 1223 3062 ac
1238 3018 1505 3080 aerumnarum,
1531 3009 1565 3065 et
1582 2995 1833 3065 liberationum
1847 2991 2033 3064 Ecclesiae.

1184 3093 1254 3166 Sed
1277 3097 1428 3164 maxime
1450 3097 1612 3166 omnium
1633 3096 1872 3166 memorabilis
1889 3111 1941 3168 est
1956 3091 2069 3166 histo-

1080 3187 1133 3265 ria
1169 3196 1390 3266 liberationis
1428 3199 1553 3288 populi
1582 3195 1691 3268 lsrael
1728 3212 1762 3268 et
1796 3197 1996 3268 eductionis
2028 3223 2070 3266 ex

1082 3294 1260 3390 Aegypto,
1303 3311 1338 3367 et
1372 3310 1413 3367 ut
1446 3301 1592 3390 adparet
1630 3300 1790 3370 omniurn
1828 3294 2069 3382 historiarum,

1081 3399 1240 3468 omnium
1269 3413 1444 3483 aetatum,
1484 3424 1502 3469 a
1532 3402 1709 3493 principio
1738 3401 1864 3471 mundi
1889 3401 2069 3494 usquead
2135 3423 2141 3428 ·

1080 3501 1206 3584 linem,
1240 3515 1378 3590 excepta
1408 3499 1483 3589 ipsa
1503 3497 1637 3572 Christi
1667 3503 1830 3592 passione
1856 3516 1889 3572 et
1910 3525 2068 3571 resurre-

1081 3602 1214 3685 ctione,
1239 3601 1344 3688 longe
1360 3603 1522 3675 maxima.
1573 3601 1654 3671 Nou
1669 3603 1784 3671 solum
1800 3602 1894 3672 enim
1912 3615 1963 3672 est
1978 3603 2068 3670 ima-

1081 3725 1123 3791 go
1141 3697 1317 3770 Ecclesiae
1338 3703 1497 3771 omnium
1523 3716 1740 3794 temporum,
1765 3706 1823 3774 sed
1847 3703 1951 3772 etiarn
1968 3728 2069 3795 prae-

1081 3805 1183 3893 cipua
1204 3827 1301 3894 pars,
1328 3805 1434 3896 plena
1459 3803 1655 3894 ingentium
1679 3805 1950 3890 miraculorum,
1979 3828 2069 3898 quae

1081 3921 1115 3976 et
1136 3905 1280 3975 caeteris
1303 3906 1521 3996 temporibus
1541 3908 1691 3995 insignia
1714 3909 1869 3997 exempla
1884 3919 2070 3992 monstrat,

1081 4031 1172 4100 quae
1192 4019 1383 4092 testantur,
1408 4021 1443 4076 et
1460 4010 1590 4077 servari
1606 4007 1797 4078 Ecclesiam
1815 3996 1854 4076 ac
1869 4009 1942 4098 regi
1957 4033 1976 4079 a
1992 4005 2070 4078 Deo
2103 4061 2114 4086 ,

1081 4110 1157 4176 sine
1189 4108 1372 4197 praesidiis
1400 4102 1582 4194 humanis,
1615 4123 1650 4179 et
1671 4109 1823 4178 exerceri
1846 4109 1953 4180 variis
1976 4110 2070 4180 cala-

1080 4210 1272 4280 mitatibns.

1181 4307 1301 4396 Quam
1325 4307 1543 4379 horrendum
1568 4324 1618 4380 est
1643 4310 1680 4379 in
1703 4305 1770 4380 hoc
1785 4326 1906 4400 coetu,
1931 4315 1992 4408 qui
2007 4337 2069 4404 ge·

1081 4410 1129 4480 rit
1157 4433 1287 4479 nomen
1312 4409 1488 4484 Ecclesiae
1511 4409 1595 4495 Dei,
1629 4414 1689 4506 qui
1723 4409 1827 4486 habet
1856 4429 1908 4485 tot
1940 4429 2067 4486 ettam

1080 4512 1231 4582 illustria
1244 4527 1248 4530 ’
1262 4514 1463 4584 testimonia
1488 4513 1690 4583 divinarum
1711 4515 1982 4602 liberationum,
2015 4533 2069 4590 ta·

1080 4638 1163 4683 men
1186 4616 1408 4706 praecipuam
1427 4627 1559 4706 partem
1574 4615 1719 4709 populi,
1740 4618 1872 4689 multos
1891 4635 2071 4710 praestan-

1081 4729 1133 4786 tes
1154 4715 1266 4797 viros,
1299 4715 1488 4808 Principes*
1504 4731 1538 4786 et
1559 4719 1809 4806 gubernatores
1837 4715 2071 4790 horribilibus
2095 4731 2100 4734 “

1081 4818 1249 4908 exemplis
1274 4819 1412 4908 puniri,
1437 4819 1711 4889 multitudinem
1731 4821 1833 4890 toties
1849 4821 1972 4913 plecti,
2004 4824 2070 4891 do-

1081 4943 1146 4988 nec
1160 4923 1416 5009 propemodum
1433 4921 1595 4989 universa
1611 4921 1703 5011 perit
1718 4945 1841 4991 eorum
1856 4923 1920 5015 qui
1933 4923 2070 5012 ingenti

1081 5043 1229 5088 numero
1253 5045 1293 5089 ex
1311 5015 1471 5114 Aegypto
1491 5021 1669 5106 exierant,
1697 5036 1730 5092 et
1751 5036 1870 5092 tamen
1885 5037 2073 5095 servantur

1081 5121 1220 5213 aliquae
1241 5122 1365 5213 populi
1388 5123 1578 5215 reliquiae,
1612 5147 1702 5216 quae
1725 5139 1931 5196 manserunt
1952 5126 2073 5196 incor-

1079 5237 1223 5314 ruptae,
1263 5238 1298 5294 et
1325 5224 1548 5295 retinuerunt
1580 5224 1762 5294 doctrinae
1792 5227 2003 5317 puritatem,
2039 5241 2073 5297 et

1079 5337 1240 5413 expertae
1263 5339 1346 5394 sunt
1365 5326 1545 5396 mirandas
1567 5326 1815 5415 liberationes,
1841 5329 1929 5402 sicut
1947 5331 2074 5400 ordine

1079 5419 1226 5497 historia
1241 5424 1386 5500 indicat.
1518 5423 1524 5434 ’
