4616 5816
225 229 307 306 447
834 218 995 300 DECL.
1024 215 1101 294 DE
1131 217 1165 293 V
1176 214 1277 294 tra
1308 153 1648 300 auousrtrtr.
1815 229 1819 236 ·
2167 235 2231 312 443

230 396 580 479 torum'Ecclesiae?
630 393 732 484 Quae
762 418 845 465 curn
875 395 1069 466 ostendunt
1098 393 1216 487 qualia
1265 409 1380 468 ctores
1407 409 1614 486 propugnat.
1673 388 1763 466 Earn
1791 398 1989 472 orationem
2020 427 2092 476 non
2122 407 2234 482 dubito
2296 381 2297 450 d

231 507 365 578 fuerint
379 503 558 572 doctrinae
575 497 786 582 certamina,
810 498 964 566 formant
978 497 1217 566 studiosorum
1265 495 1482 588 complexam
1496 520 1569 566 esse
1586 510 1620 568 et
1637 492 1828 588 Augustini
1843 501 1984 588 laudes,
2004 519 2038 576 et
2050 508 2234 582 universam

233 607 383 684 iudicia,
416 625 550 694 nosque
570 602 613 670 de
633 595 809 668 Ecclesiae
832 597 997 690 periculis
1013 597 1218 680 admonent,
1266 595 1444 670 Ecclesiae
1460 621 1618 684 cauum,
1643 601 1778 692 quaesi
1794 615 1945 688 extaret,
1968 606 2045 677 iure
2061 608 2236 702 vituperari

232 706 441 779 etdiscendi
463 725 582 772 curam
607 700 812 770 exuscitant.
872 695 926 767 Ac
944 697 1127 790 praecipue
1142 693 1220 768 Au·
1267 722 1422 792 possem,
1446 700 1477 769 si
1486 699 1580 768 idem
1590 717 1836 792 argumentum
1849 719 2005 775 retexere
2018 731 2120 780 ausus
2133 736 2238 781 essem.

232 807 366 900 gustini
381 804 624 876 contentiones
638 802 796 890 exemplo
812 823 885 869 esse
899 813 1063 890 possunt,
1089 813 1219 892 quanta
1268 800 1339 872 Sed
1362 799 1446 894 quia
1467 801 1707 886 desideratur,
1738 827 1841 898 spero
1872 829 1937 875 vos
1959 803 2051 878 mihi
2073 812 2239 906 aequiores

232 909 414 982 doctrinae
424 906 590 975 varietate
605 916 640 974 et
653 903 771 992 copia,
793 915 923 994 quanta
932 901 1115 990 vigilantia
1131 921 1221 991 opus
1268 903 1356 976 fore.
1406 895 1499 989 Amo
1514 903 1630 972 studia
1645 927 1821 976 sacrarum
1837 907 2040 992 literarum,
2065 925 2101 982 et
2115 929 2241 1005 propter

233 1011 278 1080 sit
303 1010 366 1094 iis,
400 1009 461 1100 qui
484 1007 521 1078 in
544 1001 611 1075 hoc
632 1027 778 1072 munere
794 1027 866 1072 nno
882 993 1042 1072 om'nium
1065 1001 1104 1070 in
1118 1001 1221 1071 terris
1269 999 1355 1072 haec
1376 995 1616 1092 Augustiuum
1639 1005 1808 1078 admiror.
1859 1006 1979 1098 Quare
1997 1012 2100 1081 deco
2116 1015 2241 1106 potissi-

232 1111 387 1180 maximo
402 1108 597 1177 difficilimo
616 1119 820 1188 versantur,
845 1103 1009 1174 videlicet
1031 1103 1068 1170 in
1088 1101 1222 1172 diiudi-
1270 1127 1368 1173 mum
1384 1103 1492 1175 libuit
1506 1105 1643 1188 dicere,
1669 1130 1749 1177 curu
1764 1108 1840 1178 dies
1855 1109 1887 1179 ei
1907 1111 2044 1182 dicatus
2059 1137 2116 1182 me
2132 1138 2241 1206 nuper,

235 1213 372 1282 catione
403 1223 439 1280 et
462 1207 718 1297 gubernatione
749 1204 930 1274 doctrinae
960 1205 1220 1274 ecclesiasticae.
1270 1219 1310 1275 ut
1324 1207 1369 1273 de
1390 1205 1466 1274 eius
1488 1207 1559 1276 vita
1577 1221 1611 1277 et
1629 1205 1880 1280 certaminibus
1896 1213 2085 1302 cogitarem
2107 1215 2258 1307 diligen-¹

234 1313 372 1384 Lucent
395 1310 527 1382 inillis
543 1307 793 1378 certaminibus
810 1307 965 1396 exempla
983 1301 1109 1378 harum
1126 1328 1223 1374 com·
1271 1307 1358 1390 tius,
1383 1307 1635 1380 admonuisset.
1688 1308 1803 1382 Venio
1820 1313 1928 1402 igitur
1942 1315 1987 1384 ad
2003 1310 2195 1388 historiam.

235 1415 399 1486 munium
434 1409 581 1494 artium,
629 1433 718 1502 quae
751 1407 927 1476 iuventuti
962 1419 1224 1498 proponuntur,
1372 1405 1484 1476 Natus
1506 1423 1558 1479 est
1581 1405 1801 1500 Augustinus
1827 1409 1975 1484 honesto
1991 1416 2071 1487 loco
2086 1417 2124 1486 in
2139 1420 2243 1489 muni·

236 1540 344 1609 quare
364 1537 438 1582 non
463 1525 513 1580 est
531 1509 838 1599 intempestivum,
864 1533 944 1577 cum
963 1511 1006 1576 de
1024 1507 1224 1577 nostrisar-
1272 1507 1364 1599 cipio
1387 1505 1575 1594 Africano,
1604 1513 1700 1604 quod
1723 1513 1797 1606 ipse
1818 1513 2004 1606 Tagastam
2028 1531 2146 1605 vocat3
2177 1521 2243 1612 opi-

235 1619 332 1688 tibus
347 1615 418 1684 dici
433 1614 541 1695 solet,
565 1613 750 1700 decerpere
765 1609 899 1703 aliquid
922 1634 962 1679 er
986 1609 1225 1678 ecclesiasticis
1273 1623 1479 1680 uocantem
1503 1605 1718 1682 Thebestam
1743 1639 1763 1684 a
1786 1612 1990 1687 Ptolemaeo
2016 1621 2154 1706 vocari,
2182 1647 2244 1692 uon

235 1717 412 1800 materiis,
455 1713 662 1804 praesertim
692 1736 771 1782 cum
806 1711 925 1781 omnia
957 1711 1072 1780 studia
1105 1724 1225 1780 nostra
1273 1711 1398 1802 procul
1421 1711 1610 1783 distantem
1638 1737 1660 1782 a
1684 1713 1872 1786 Madauro.
1932 1715 2100 1792 Parentes
2119 1722 2246 1794 fuerunt

209 1805 216 1818 ’
238 1819 424 1912 praecipue
438 1817 589 1884 debeant
611 1839 651 1882 eo
667 1826 841 1904 spectare,
865 1827 905 1882 ut
921 1835 985 1903 nos
998 1813 1225 1896 instruamus,
1275 1811 1448 1882 Patricius
1462 1825 1497 1882 et
1510 1809 1675 1901 Monica,
1699 1811 1923 1888 Christianae
1937 1821 2104 1910 religioni
2120 1825 2247 1910 addicti,

238 1935 278 1992 ut
298 1915 475 2004 Ecclesiae
507 1915 586 1986 usui
610 1937 682 1982 esse
705 1914 889 2002 possimus.
947 1911 1016 1982 Hic
1037 1912 1135 1998 finis,
1166 1907 1225 1982 hic
1274 1913 1338 1983 etsi
1352 1926 1452 2004 pater
1465 1937 1544 1984 sero
1557 1915 1679 1986 matris
1693 1918 1822 2010 pietate
1836 1919 1881 1988 ad
1896 1915 2029 1992 Christi
2044 1925 2245 2014 agnitionem

223 2020 366 2114 'scopus
393 2017 560 2088 omnibus
587 2015 690 2084 bonis
716 2015 893 2084 mentibus
923 2015 1122 2105 propositus
1153 2037 1225 2082 esse
1274 2027 1469 2107 pertractus
1493 2029 1562 2098 est,
1593 2017 1651 2086 vir
1668 2019 1803 2111 alioqui
1818 2021 1957 2110 gravis,
1988 2019 2156 2096 honestus
2173 2029 2246 2097 etin

238 2124 359 2202 debet.'
406 2119 525 2208 Quare
540 2142 640 2210 spero
658 2141 722 2186 vos
736 2142 809 2186 non
824 2117 1023 2207 improbare
1034 2113 1101 2184 hoc
1117 2117 1226 2204 genus
1274 2116 1400 2207 primis
1420 2117 1575 2187 liberalis
1594 2117 1633 2186 in
1653 2119 1814 2192 fovendis
1832 2121 1898 2190 filii
1912 2123 2058 2210 studiis,
2083 2141 2124 2199 ut
2138 2123 2247 2218 Augu-

238 2237 539 2314 argumentorum.
580 2219 795 2312 Quanquam
808 2232 924 2290 autem
941 2217 1042 2286 video
1058 2217 1224 2310 prolixio-
1274 2217 1389 2287 stinus
1411 2218 1485 2307 ipse
1507 2219 1697 2310 praedicat.
1749 2221 1878 2293 Matris
1896 2248 1979 2294 vero
1996 2249 2123 2316 magna
2152 2232 2247 2320 pietas

239 2351 313 2396 rem
338 2349 409 2394 esse
430 2321 621 2410 'Augustini
641 2315 844 2416 historiam,
878 2345 983 2412 quam
1002 2335 1042 2392 ut
1060 2313 1117 2388 hic
1137 2317 1227 2387 reci·
1275 2334 1309 2389 et
1332 2319 1503 2389 excellens
1529 2320 1568 2388 in
1590 2323 1689 2390 omni
1711 2336 1895 2394 matronae
1921 2323 2036 2396 officio
2052 2329 2164 2399 virtus
2181 2329 2248 2400 tuit.

238 2427 305 2498 tari
332 2439 404 2496 tota
426 2423 554 2516 possit,
579 2421 715 2492 etiamsi
730 2422 836 2490 velim
860 2447 935 2490 eam
951 2424 1083 2490 nudam
1101 2435 1136 2490 et
1150 2419 1227 2488 sine
1276 2415 1415 2490 Omitto
1434 2415 1512 2505 hic,
1537 2445 1628 2514 quae
1643 2423 1688 2492 de
1703 2445 1787 2494 suae
1801 2424 1979 2516 puericiae
1997 2431 2156 2500 moribus
2171 2430 2248 2500 reci·

237 2529 322 2599 ullis
337 2525 554 2597 ornamentis
569 2530 780 2614 proponere.
830 2519 965 2592 Verum
980 2523 1018 2590 in
1036 2517 1101 2590 hac
1115 2535 1227 2591 mate·
1275 2533 1325 2590 tat
1348 2521 1438 2613 ipse,
1462 2546 1552 2613 quae
1573 2537 1658 2594 sunt
1673 2526 1874 2596 communia
1889 2528 2057 2600 omnibns
2078 2533 2179 2602 etiam
2193 2533 2248 2602 bo-

239 2629 292 2699 ria
308 2627 571 2721 quoquomodo
587 2625 768 2693 elaborare
784 2623 882 2713 pium
906 2645 978 2692 esse
997 2627 1103 2692 duco:
1130 2623 1226 2715 quod
1275 2623 1332 2691 nis
1356 2623 1527 2711 ingeniis,
1560 2624 1626 2694 etsi
1646 2625 1761 2697 voluit
1775 2621 1832 2696 his
1853 2630 2021 2722 exemplis
2038 2631 2248 2704 imbecillita-

239 2731 270 2800 si
287 2753 349 2798 vos
366 2750 507 2820 quoque
522 2725 679 2809 sentitis,
704 2739 745 2794 ut
759 2724 933 2810 arbitror,
959 2739 1039 2816 peto
1056 2717 1147 2792 mihi
1167 2749 1228 2792 ve·
1276 2738 1346 2794 tem
1368 2719 1513 2792 hnmani
1536 2725 1674 2814 generis
1699 2727 1905 2818 depingere3
1940 2733 1998 2799 sed
2031 2725 2177 2804 humani
2198 2755 2248 2822 ge-

240 2831 336 2900 niam
358 2828 455 2908 dari,
486 2830 581 2920 qnod
605 2825 775 2896 orationis
796 2850 921 2896 sonum
943 2851 983 2896 ac
1001 2827 1225 2917 splendorem
1276 2825 1372 2894 neris
1386 2825 1566 2916 corruptio
1581 2821 1687 2896 habet
1700 2829 1789 2898 alios
1802 2829 1953 2899 maiores
1968 2835 2131 2920 morbos,
2155 2857 2249 2928 quam

239 2957 314 3002 non
339 2930 508 3012 adhibeo,
541 2952 645 3021 quem
674 2927 821 2997 varietas
843 2928 1043 3016 argumenti
1064 2928 1228 3017 postulat.
1276 2927 1327 2994 ibi
1344 2940 1580 3001 recensentur.
1630 2927 1754 2998 Dicam
1776 2929 1903 3020 igitur,
1926 2945 1967 3001 ut
1982 2936 2103 3026 coepi,
2128 2938 2170 3007 de
2186 2935 2250 3006 eius

239 3033 321 3105 Non
336 3033 450 3100 solum
474 3025 731 3120 pulcherrimae
754 3029 900 3098 virtutes
917 3028 1003 3098 boni
1018 3028 1180 3098 Doctoris
1193 3041 1228 3097 et
1277 3027 1416 3100 studiis.
1448 3099 1453 3106 ,
1979 3093 1982 3098 .

241 3131 486 3226 gubernatoris
506 3127 683 3200 Ecclesiae
706 3125 763 3198 hic
778 3133 1028 3198 monstrandae
1044 3143 1165 3214 erant,
1193 3142 1228 3198 et
1375 3125 1566 3220 Postquam
1583 3127 1682 3198 domi
1697 3128 1854 3220 percepit
1868 3127 2152 3225 Grammaticen,
2177 3139 2250 3206 mis-

241 3235 401 3306 eratione
416 3233 669 3315 illustrandae,
692 3230 875 3300 sedetiam
890 3254 1016 3320 magno
1032 3245 1133 3300 motu
1148 3230 1228 3300 ani·
1276 3251 1335 3299 sus
1351 3229 1459 3298 estad
1476 3223 1687 3300 Rhetorices
1704 3231 1917 3319 professores
1935 3236 1972 3303 iu
1990 3239 2162 3328 oppidum
2179 3237 2249 3309 Ma-

240 3338 292 3409 mi
308 3333 524 3426 deploranda
547 3328 725 3402 Ecclesiae
741 3331 938 3416 calamitas,
963 3335 1057 3425 quod
1076 3333 1139 3400 diu
1157 3333 1226 3401 iam
1276 3331 1447 3412 daucum,
1478 3332 1573 3421 quod
1600 3355 1620 3399 a
1645 3327 1821 3401 Thebesta
1845 3329 1948 3406 distat
1975 3339 2172 3410 miliaribus
2193 3365 2251 3409 no-

242 3463 306 3532 pto
331 3433 540 3526 Augustinis
563 3447 711 3522 regnant
739 3431 942 3518 Pontifices,
983 3431 1163 3522 Caligulae
1192 3445 1228 3502 et
1276 3435 1358 3502 stris
1378 3429 1507 3522 opinor
1531 3445 1673 3522 septem.
1731 3429 1924 3523 Praecipua
1949 3449 2033 3507 tuuc
2061 3441 2101 3509 in
2133 3437 2249 3511 scholis

239 3539 417 3622 Nerones,
438 3549 473 3606 et
486 3535 636 3606 extincta
650 3534 759 3603 veteri
770 3535 949 3618 doctriua,
969 3529 1228 3604 acluceEvau-
1277 3557 1360 3602 cura
1387 3545 1462 3601 erat
1484 3533 1704 3602 adsuefacere
1734 3531 1972 3606 adolescentes
1994 3541 2038 3610 ad
2063 3543 2251 3612 declaman-

178 3716 183 3734 .
241 3642 343 3730 gelli,
364 3635 563 3708 horrendae
580 3637 743 3705 tenebrae
758 3631 950 3704 Ecclesiam
969 3651 1228 3726 oppresserunt.
1277 3637 1363 3703 drrm
1389 3647 1423 3702 et
1444 3635 1487 3702 ad
1511 3633 1781 3724 extemporalem
1803 3635 2017 3710 facundiam.
2070 3641 2114 3712 lu
2136 3669 2175 3712 eo
2200 3666 2250 3732 ge-

240 3741 411 3812 Doctrina
427 3741 470 3807 de
493 3738 560 3806 fide
576 3750 609 3805 et
625 3761 707 3804 vera
723 3737 945 3806 invocatione
961 3732 1095 3806 Christi
1115 3737 1228 3805 deleta
1277 3759 1361 3804 nere
1384 3758 1465 3803 cum
1491 3735 1700 3827 aliquandiu
1722 3737 1930 3807 exercitatus
1953 3754 2041 3812 esset
2067 3759 2104 3816 et
2128 3745 2251 3814 foelici-

189 3923 191 3926 .
241 3856 312 3927 est,
344 3839 508 3910 idolatria
532 3837 714 3906 manifesta
737 3849 893 3928 recepta,
925 3851 958 3906 et
979 3837 1017 3904 iu
1041 3833 1178 3906 scholas
1195 3851 1229 3907 et
1278 3849 1332 3906 ter
1357 3837 1604 3924 promovisset,
1645 3832 1894 3926 Carthaginem
1923 3839 2096 3930 mittitur,
2130 3867 2251 3939 quaes
2296 3871 2297 3932 t

242 3943 431 4014 conciones
445 3941 601 4008 invectae
616 3951 698 4008 sunt
712 3937 841 4027 impiae
862 3939 1102 4028 persuasiones
1117 3937 1229 4027 pluri·
1278 3935 1453 4008 Madauro
1469 3937 1565 4006 abest
1581 3935 1719 4008 circiter
1735 3939 1853 4006 decem
1869 3955 1987 4012 nostra
2004 3945 2167 4019 miliaria.
2206 3944 2252 4014 lbi

241 4069 318 4112 mae
353 4055 388 4113 et
420 4040 670 4130 nugacissimas
701 4039 806 4107 rixae.
868 4037 944 4106 Hae
974 4041 1135 4132 querelae
1165 4041 1229 4108 ad·
1279 4063 1359 4108 curn
1383 4051 1417 4107 et
1441 4037 1660 4130 eloquentiae
1675 4051 1711 4108 et
1730 4033 1981 4130 Philosophiae
2000 4069 2141 4136 operam
2158 4049 2252 4131 daret,

242 4147 378 4215 dendae
395 4156 496 4212 eraut
507 4137 564 4210 his
578 4139 842 4210 narrationibus
852 4142 894 4208 de
904 4135 1114 4229 Augustino,
1139 4164 1228 4232 quae
1279 4161 1444 4228 magnae,
1469 4139 1675 4229 opulentae,
1697 4152 1732 4208 et
1745 4137 1882 4210 ociosae
1896 4145 1994 4214 urbis
2009 4147 2197 4232 illecebris,
2218 4171 2251 4217 ac
2296 4165 2297 4234 t

242 4271 323 4316 cum
340 4258 483 4336 propter
506 4242 673 4331 temporis
687 4242 894 4311 brevitatem
917 4243 1132 4310 omittendae
1147 4243 1229 4326 sint,
1279 4239 1419 4308 licentia
1445 4253 1583 4318 narrat,
1617 4254 1651 4310 et
1671 4263 1753 4309 suos
1772 4265 1887 4312 mores
1908 4261 2092 4338 corruptos
2108 4273 2195 4328 esse,
2218 4272 2251 4318 ac
2296 4243 2297 4300 l

242 4347 347 4416 initio
364 4343 534 4414 orationis
549 4342 705 4410 breviter
724 4342 893 4411 admonui
910 4343 1162 4426 adolescentes,
1189 4356 1229 4413 ut
1279 4341 1490 4411 nominatim
1513 4340 1674 4432 queritur
1695 4341 1761 4410 sibi
1793 4347 1988 4432 spectacula
2015 4363 2050 4418 et
2075 4375 2179 4442 prava
2201 4375 2249 4419 so-

242 4473 323 4518 cum
346 4446 492 4516 audient
512 4439 715 4525 historiam,
749 4441 817 4532 ipsi
834 4443 1017 4511 conferunt
1031 4444 1228 4534 exemplum
1279 4442 1407 4511 dalicia
1421 4441 1598 4524 nocuisse,
1624 4465 1712 4534 quae
1728 4457 1810 4513 sunt
1826 4468 2029 4518 communes
2047 4453 2250 4543 corruptelae
2296 4449 2297 4542 l

241 4550 335 4642 apud
364 4569 438 4618 sese
468 4547 512 4614 ad
542 4544 611 4614 alia
636 4557 804 4635 tempora.
864 4539 983 4612 Audio
1011 4557 1093 4613 ante
1116 4567 1228 4613 anuos
1279 4542 1487 4612 iuventutis:
1514 4545 1674 4612 nondum
1692 4543 1788 4613 enim
1806 4545 1981 4638 baptismo
2005 4549 2164 4624 initiatus
2177 4564 2249 4634 erat,
2296 4543 2297 4620 l

241 4653 331 4723 duos
354 4662 388 4720 et
409 4645 537 4737 viginti
560 4639 717 4716 habitam
738 4667 811 4715 esse
827 4644 1023 4714 orationem
1047 4645 1229 4735 deAugn-
1280 4644 1344 4714 etsi
1358 4639 1596 4714 Christianam
1620 4644 1826 4734 religionem
1849 4650 2030 4740 amplexus
2043 4667 2127 4725 erat.
2178 4653 2251 4724 Fuit
2296 4649 2297 4714 ἶ

126 4765 132 4782 ”
241 4754 354 4836 atino,
379 4774 399 4820 a
422 4749 615 4819 reverendo
638 4745 683 4821 D.
704 4743 857 4817 Doctore
881 4744 1041 4816 Martino
1058 4739 1229 4832 Luthero,
1279 4745 1374 4816 euim
1394 4743 1521 4815 vitiosa
1550 4747 1768 4816 consuetudo
1797 4747 1860 4834 iis,
1893 4751 1955 4844 qui
1977 4752 2124 4826 liberius
2145 4757 2249 4825 vivere

241 4854 475 4924 instauratore
502 4849 658 4940 purioris
686 4847 869 4918 doctrinae
891 4842 1097 4936 Evangelii,
1129 4872 1229 4937 prae-
1279 4847 1486 4936 cupiebant,
1527 4846 1670 4916 differre
1699 4847 1913 4939 baptismum
1943 4877 2053 4946 usqne
2086 4859 2131 4926 ad
2162 4879 2250 4926 sene·
2296 4851 2297 4862 ’

207 4951 381 5046 ¹ceptore
395 4965 517 5024 nostro
527 4973 663 5022 summa
679 4949 806 5040 pietate
821 4960 855 5018 et
868 4948 1091 5018 observantia
1109 4949 1228 5018 colen·
1279 4961 1389 5030 ctam,
1423 4961 1464 5018 ut
1486 4960 1606 5039 postea
1629 4948 1736 5017 semel
1768 4950 1899 5022 deleret
1925 4953 2120 5046 baptismus
2141 4977 2250 5028 omnes
2296 4993 2297 5008 κ

241 5057 307 5140 do,
332 5057 371 5124 in
389 5079 458 5146 qua
480 5049 664 5122 historiam
686 5045 878 5138 Augustini
902 5049 1052 5119 contulit
1069 5053 1111 5120 ad
1130 5047 1229 5118 Psal-
1279 5049 1413 5140 priores
1427 5049 1555 5142 lapsus.
1609 5047 1824 5143 Quanquam
1849 5067 1966 5124 autem
1985 5055 2151 5128 nonnihil
2166 5059 2250 5127 lara·

242 5181 357 5226 mum:
389 5153 520 5226 Beatus
534 5153 590 5222 vir
613 5151 674 5244 qui
690 5175 764 5220 non
780 5150 867 5220 abiit
883 5150 922 5218 in
939 5150 1087 5220 consilio
1101 5151 1229 5241 impio-
1278 5151 1329 5219 vit
1343 5151 1483 5221 frenum
1499 5149 1769 5240 cupiditatibus,
1793 5164 1910 5222 tamen
1933 5181 2047 5228 mores
2071 5175 2168 5232 erant
2184 5161 2249 5251 pla·

146 5251 149 5258 ¹
242 5280 322 5328 rum
338 5249 407 5326 etc.
454 5251 497 5323 ln
519 5277 590 5344 qno
603 5251 744 5321 Psalmo
760 5249 840 5342 pius
856 5245 991 5320 Ductor
1005 5251 1230 5336 describitur,
1278 5248 1368 5336 cidi,
1392 5264 1428 5324 et
1439 5275 1514 5321 nou
1530 5253 1732 5343 pugnabant
1744 5275 1824 5323 cum
1843 5255 1980 5345 legibus
2003 5259 2172 5346 civitatis,
2195 5281 2251 5329 nec

242 5355 307 5450 qui
330 5375 430 5424 verae
443 5349 622 5426 Ecclesiae
643 5351 852 5426 senteutiam
876 5364 999 5421 contra
1013 5351 1140 5442 impios
1155 5347 1231 5423 Du-
1277 5375 1423 5444 prorsus
1446 5353 1619 5425 abductus
1639 5367 1692 5426 est
1712 5353 1851 5426 animus
1874 5379 1896 5427 a
1918 5359 2055 5438 studiis.
2104 5359 2158 5433 lbi
2182 5381 2251 5432 cum
