4616 5816
160 307 236 394 aa
677 253 851 385 ‘nncn
889 295 1690 390 nnrnnnnronrnanrono.
1751 320 1755 330 1
2134 307 2216 390 ese

161 475 487 574 catascevationero,
511 507 726 580 magnopere
744 483 840 556 deest
857 496 980 578 optare
994 481 1109 576 bonos
1126 495 1160 554 et
1210 480 1348 570 tolum,
1372 481 1474 556 euius
1488 480 1639 557 consilio
1658 481 1857 578 plurimum
1879 506 1969 560 osas
1985 499 2039 566 est
2060 481 2217 564 Csrslns

162 597 383 690 prudentes..
399 591 490 664 Nam
506 583 574 658 bac
588 601 737 674 remota,
753 612 798 658 ne
814 586 885 657 dici
901 600 1015 678 potest
1029 599 1161 682 quanta
1212 583 1370 676 Quartus
1387 582 1596 676 Imperator.
1637 585 1778 663 Areedo
1798 589 1907 680 igitur
1922 591 1965 663 ad
1984 585 2190 664 hamum.

163 701 205 769 in
225 697 316 770 aulis
342 691 522 795 tyrannis,
547 692 586 760 in
612 689 755 762 iudiciis
779 689 979 772 barbaries,
1005 689 1162 782 denique
1314 685 1405 760 Cum
1431 686 1572 776 ltaliam
1587 687 1819 780 Langobardi
1841 707 1875 764 et
1895 691 2025 766 Franci
2041 693 2218 766 dilaoera·

164 801 327 874 conlusio
342 799 380 866 in
395 809 467 867 tota
481 793 580 864 civili
595 793 668 864 vita
683 805 844 863 secutura
860 806 971 880 esset,
997 815 1104 887 quam
1121 805 1162 862 ut
1211 801 1312 872 rent,
1342 789 1515 880 paulatim
1531 790 1582 860 ibi
1599 791 1713 864 forma
1737 795 2108 868 indiciorum'mntsta
2129 797 2216 870 bar-

163 901 262 976 neus
274 895 464 996 probibeat
478 921 521 967 ex
538 896 658 966 animo
672 907 844 988 petamus.
1085 897 1088 908 '
1212 891 1324 962 barici
1342 914 1458 962 mores
1480 891 1612 986 recepti
1630 907 1732 978 suut,
1757 909 1792 966 et
1808 895 1993 971 Romanae
2011 897 2105 987 leges
2126 923 2217 972 can·

267 1005 326 1077 Ab
344 998 400 1070 his
419 999 512 1070 votis
535 997 604 1090 piis
621 1013 655 1070 et
680 998 809 1067 sanctis
834 993 1008 1086 auspicari
1027 995 1162 1068 oratio-
1201 994 1403 1068 licuerunt.
1437 993 1653 1088 Quanquam
1668 1011 1787 1070 autern
1804 999 1842 1068 in
1857 999 1956 1071 ltalia
1972 999 2100 1075 veteris
2115 1001 2217 1074 illius

166 1135 250 1186 nem
264 1105 376 1178 volni.
430 1099 521 1172 Nam
539 1100 700 1170 delaude
722 1099 952 1190 professionis
979 1121 1080 1190 saepe
1103 1093 1163 1168 hic
1212 1096 1396 1168 doetrinae
1418 1095 1533 1166 studia
1555 1097 1655 1170 mdia
1673 1113 1792 1182 erant,
1820 1099 2217 1182 tamoncoosasmino-

167 1213 308 1307 copiose
331 1207 466 1278 dictum
489 1215 553 1272 est.
606 1199 794 1292 Singulare
817 1215 850 1270 et
870 1197 1081 1270 adrbirabile
1094 1197 1160 1269 Dei
1214 1197 1289 1290 poli
1305 1197 1447 1270 duravit
1463 1199 1632 1289 professio
1650 1200 1738 1280 iuris
1748 1206 1843 1292 apud
1853 1192 2088 1294 Imperatores
2098 1202 2216 1279 Grae·

165 1339 257 1410 opus
276 1337 321 1382 ac
341 1303 550 1379 beneficium
574 1315 625 1373 est
650 1299 735 1373 haec
759 1303 875 1373 civilis
895 1303 1059 1388 societas,
1094 1327 1162 1395 qua
1213 1321 1295 1384 cos,
1321 1301 1412 1370 sicut
1442 1299 1494 1370 ibi
1516 1301 1667 1372 aliarum
1693 1303 1824 1386 artium
1857 1307 1974 1379 studia
2002 1301 2120 1386 adhue
2145 1307 2217 1379 all·

167 1411 266 1493 De'us
280 1415 375 1482 inter
393 1433 429 1478 se
445 1405 630 1477 coniunxit
646 1429 687 1476 ac
702 1406 863 1478 devinxit
876 1400 1040 1475 homines
1059 1427 1163 1496 prae·
1214 1415 1347 1495 quanto
1377 1403 1490 1491 magis
1519 1401 1696 1475 florebant
1717 1421 1826 1498 quam
1851 1405 2028 1482 initalia.
2081 1405 2218 1490 Extant

166 1525 291 1614 cipue,
323 1529 364 1584 ιιι
382 1509 496 1602 ipsius
515 1507 687 1578 noticiam
714 1508 776 1576 alii
799 1508 880 1577 aliis
902 1505 1164 1576 communicare
1214 1497 1600 1576 adhncCommentarii
1626 1506 1663 1574 in
1682 1505 1737 1576 ius
1751 1505 1958 1581 Romanum
1976 1509 2218 1604 scriptisson·

167 1631 323 1720 possent.
371 1610 491 1684 Huius
513 1609 636 1682 divini.
648 1610 784 1702 operis,
808 1609 973 1680 videlicet
987 1603 1164 1678 humanae
1214 1605 1449 1696 stantinopoli
1464 1606 1599 1678 similes
1614 1607 1741 1696 glossis
1758 1623 1794 1680 et
1808 1611 2095 1688 enarrationibus
2115 1612 2217 1686 ltali-

170 1719 365 1809 soeietatis,
404 1725 521 1784 custos
542 1725 595 1784 est
616 1712 691 1790 lar,
728 1706 814 1785 haec
835 1710 965 1780 retinet
985 1727 1025 1780 aa
1046 1709 1165 1780 munit
1218 1731 1340 1780 corum
1356 1711 1556 1778 doctorum.
1599 1707 1684 1780 ldeo
1700 1715 1887 1804 postquam
1905 1711 2040 1794 ltalia-a
2060 1713 2217 1789 Gerena.

169 1828 393 1902 societatem,
417 1823 458 1888 nt
473 1813 606 1884 noticia
624 1813 688 1886 Dei
701 1814 781 1884 'late
802 1812 1008 1930 propagari,
1033 1825 1074 1882 ut
1090 1810 1165 1901 regi

169 1919 349 2004 Eritestae
366 1921 404 1990 in
420 1940 525 2009 pace,
551 1929 586 1986 ct
601 1913 757 2000 erudiri,
781 1928 821 1984 nt
837 1914 978 1984 institui
1000 1914 1166 1984 inventas

43 2089 49 2094 .
154 2035 216 2115 ‚aa
233 2025 451 2120 agnitionem
463 2012 599 2088 Christi
616 2018 736 2109 possit.
789 2014 847 2086 Ad
872 2011 938 2086 ho's
961 2016 1048 2086 lines
1058 2027 1164 2086 'tran-

169 2131 386 2236 'quillitatem
406 2121 464 2190 lex
481 2119 606 2202 allicit,
630 2143 696 2190 nec
717 2119 805 2188 levis
821 2133 873 2188 est
889 2141 928 2188 ea
943 2118 981 2186 in
999 2141 1038 2188 re
1053 2114 1164 2188 luris-

170 2231 326 2311 consulti
350 2221 439 2296 boni
461 2234 495 2292 et
518 2220 570 2312 pii
594 2243 713 2311 opera.
765 2219 901 2295 Lucere
922 2219 1028 2308 etiam
1053 2217 1166 2311 ipsius

172 2341 259 2412 fides
282 2334 321 2402 in
343 2322 602 2419 gubernatione
619 2322 719 2396 solet.
771 2321 894 2412 Quare
911 2321 1005 2412 leges
1021 2336 1056 2392 et
1071 2321 1165 2391 iudi·

171 2444 246 2524 tia,
281 2431 468 2528 politicum
501 2425 684 2509 ordinem,
723 2423 812 2494 iuris
840 2423 1103 2494 enarrationem
1131 2435 1166 2492 et

172 2535 499 2616 conservationem,
524 2540 694 2620 tanquam
710 2523 837 2596 eximia
855 2523 923 2596 Dei
940 2526 1034 2594 dona
1049 2547 1167 2594 amare

172 2671 213 2718 ae
233 2634 397 2711 venerari
419 2655 461 2700 ex
480 2627 599 2698 animo
620 2627 800 2700 debemus.
852 2625 949 2696 Haec
966 2637 1052 2696 uota
1072 2639 1167 2704 sunt,

174 2748 236 2819 sed
263 2735 471 2829 magnitudo
493 2723 622 2800 harum
650 2751 788 2812 rerum,
819 2741 855 2798 et
878 2751 985 2820 quam
1007 2723 1168 2819 pulchra,

172 2869 282 2944 qnam
307 2834 422 2912 duleis
445 2832 538 2904 vitae
564 2853 620 2902 res
650 2830 695 2902 sit
725 2843 797 2902 tota
823 2823 1011 2900 harmonia
1031 2828 1169 2920 politici

174 2945 332 3027 ordinis,
355 2961 462 3034 quarn
483 2933 583 3004 utilis
595 2927 795 3015 Ecclesiae,
821 2955 897 3002 non
914 2931 998 3002 satis
1021 2929 1168 3020 cogitari

175 3078 195 3125 a
211 3045 403 3121 iuvenibus
423 3047 550 3130 potest.
599 3031 701 3122 Quae
716 3032 927 3124 cogitantes,
949 3031 1055 3104 etiam
1069 3031 1168 3102 ordi-

177 3175 259 3224 nem
293 3138 631 3218 lurisconsultorum
662 3135 883 3224 intelligent,
924 3133 1102 3225 praeclare
1125 3135 1170 3202 de

176 3257 249 3325 vita
265 3245 454 3320 hominurn
471 3236 612 3308 mereri.
664 3233 734 3310 Sed
749 3239 793 3306 de
807 3249 881 3307 toto
894 3257 1024 3326 genere
1038 3234 1170 3308 doctri-

171 3381 244 3428 ·nae
255 3371 357 3442 saepe
373 3341 432 3416 hic
448 3343 583 3412 dictum
600 3351 663 3410 est.

279 3449 372 3524 Cum
387 3459 504 3516 autem
520 3451 555 3510 et
571 3435 660 3512 mihi
677 3434 744 3510 boc
762 3439 840 3512 loco
863 3439 1055 3512 dicendum
1071 3451 1171 3520 esset,

175 3575 216 3634 nt
239 3553 395 3652 postulat
417 3545 636 3619 consuetudo
664 3537 804 3614 scholae
835 3538 980 3614 honesta
1006 3558 1040 3615 et
1063 3542 1172 3626 utilis,

177 3661 293 3750 delegi
310 3651 478 3725 historias
492 3647 628 3740 aliquas
639 3642 988 3728 Iurisconsultorum,
1007 3644 1069 3738 qui
1086 3645 1172 3714 inde

172 3782 325 3857 usqnea
339 3749 512 3826 Lothario
527 3745 745 3838 Imperatore
759 3747 977 3832 floruenrnt;
1005 3769 1170 3834 magnum

177 3867 274 3938 enirn
290 3859 404 3932 calcar
418 3867 470 3924 est
486 3849 591 3920 bonis
605 3847 757 3936 ingeniis
771 3845 816 3919 ad
833 3848 1017 3928 virtutem,
1041 3847 1170 3916 intueri
1192 3856 1194 3864 '

178 3971 216 4040 in
235 3960 391 4051 exempla
407 3952 569 4024 illustria.
615 3948 688 4020 Nec
701 3949 779 4020 beri
797 3961 911 4038 potest
927 3949 1015 4040 quin
1035 3949 1172 4038 proles·

178 4067 290 4142 sionis
310 4056 507 4133 reverentia
529 4065 699 4142 augeatur
717 4051 757 4122 in
779 4049 843 4136 iis,
868 4050 930 4144 qui
951 4049 1012 4120 illa
1036 4050 1173 4120 lumina

178 4164 426 4244 excellentium
444 4157 602 4226 virorum
621 4153 817 4239 intuentur,
842 4149 905 4246 qui
921 4166 971 4226 tot
988 4153 1057 4222 iam
1072 4151 1173 4224 seen·

178 4275 224 4346 lis
259 4281 413 4359 togatam
456 4257 800 4330 administrationem
835 4251 940 4346 Reip.
970 4277 1098 4344 magna
1132 4279 1172 4324 es

178 4387 279 4471 parte
311 4371 351 4438 in
380 4359 528 4452 Europa
562 4357 818 4447 gubernarunt.
869 4352 962 4444 Quis
986 4355 1080 4426 enirn
1107 4381 1173 4424 no-

179 4493 292 4550 strum
312 4474 357 4540 de
378 4464 545 4539 Romano
568 4473 692 4530 senatu
714 4459 891 4549 cogitans,
916 4481 997 4528 eum
1021 4457 1073 4528 ibi
1096 4457 1173 4530 Sei-

178 4581 344 4675 pionem,
366 4567 525 4648 Lelium,
549 4560 712 4642 Fabium,
737 4559 889 4630 Patrium
907 4555 1116 4646 Aemilium,
1140 4573 1174 4629 et

180 4679 312 4756 similes
327 4671 499 4768 quosdam
521 4659 663 4734 heroica
680 4662 812 4734 virtute
831 4674 1067 4753 praestantes,
1095 4663 1174 4732 ani·

180 4809 241 4855 mo
261 4786 438 4856 recenset,
469 4789 543 4837 non
561 4759 788 4834 vehementer
807 4763 1003 4836 admiretur
1022 4764 1104 4836 illos
1118 4764 1175 4834 vi·

110 4911 117 4926 ·
179 4907 256 4970 ros,
278 4897 448 4972 tanquam
462 4869 563 4940 coelo
577 4865 702 4936 missos
718 4867 761 4936 ad
778 4865 867 4935 illud
882 4864 1071 4958 imperinm
1088 4889 1174 4935 eon-

1216 1809 1273 1878 nis
1294 1824 1416 1900 pacata
1446 1825 1536 1882 esset
1556 1805 1747 1882 Othonum
1771 1826 1950 1904 tempore,
1983 1831 2018 1886 et
2039 1819 2217 1908 paulatim

1217 1933 1333 1980 mores
1355 1909 1620 2000 Langobardici
1643 1913 1938 1996 emendarentur,
1971 1933 2119 2008 apparet
2148 1913 2218 1995 bo

1217 2013 1331 2082 mines
1363 2011 1567 2102 ingeniosos
1590 2010 1797 2084 Romanum
1824 2017 1880 2086 ius
1912 2017 2041 2088 iterum
2071 2021 2217 2094 deside·

1217 2135 1323 2187 rasse.
1356 2111 1535 2184 Nonnulli
1549 2115 1656 2186 etiarn
1675 2115 1829 2188 instituti
1846 2131 1880 2189 et
1893 2120 2022 2190 eseulti
2035 2117 2216 2196 Constan-

1217 2215 1455 2306 tinopolitana
1478 2215 1663 2298 doctrina,
1692 2219 1897 2290 dexteritate
1921 2219 1959 2290 in
1983 2225 2136 2313 negotiis
2154 2250 2217 2296 er-

1219 2318 1406 2392 eellebant.
1449 2315 1511 2402 ¹lta
1548 2319 1720 2408 paulatim
1753 2321 1926 2395 celebrari
1959 2318 2027 2394 hoc
2046 2328 2215 2400 ,nardium

1218 2418 1322 2510 cepit.
1366 2417 1437 2488 Sed
1454 2416 1601 2488 Henrici
1621 2416 1750 2508 Quinti
1778 2436 1936 2516 tempore
1961 2425 2031 2500 tuit
2054 2427 2218 2502 initalia

1219 2522 1275 2588 vir
1306 2543 1465 2588 summae
1496 2521 1696 2594 autoritatis
1728 2526 1931 2612 gubernans
1962 2545 2217 2622 campartem,

1218 2644 1308 2714 quae
1326 2635 1412 2692 tunc
1435 2637 1511 2694 erat
1525 2619 1683 2694 Romani
1699 2623 1841 2718 imperii
1857 2625 2028 2708 lrnerius.
2054 2620 2056 2629 ’
2077 2629 2115 2704 ls
2131 2657 2218 2706 cum

1219 2737 1308 2794 esset
1325 2721 1486 2794 eruditus
1509 2737 1550 2796 ut
1566 2725 1723 2798 arbitror
1736 2723 2068 2823 Constantinopoli,
2092 2748 2154 2806 ant
2168 2737 2216 2809 ab

1220 2825 1263 2895 iis
1278 2824 1340 2918 qui
1356 2826 1546 2896 audierant
1559 2823 1990 2924 Constantinopolitanos,
2005 2855 2108 2928 saepe
2123 2837 2217 2911 ritus

1219 2927 1425 2998 barbaricos
1449 2927 1489 2996 in
1520 2929 1801 3002 successionibus
1824 2945 1859 3004 et
1880 2933 1960 3004 aliis
1988 2939 2148 3029 negqciis
2172 2963 2218 3017 ex

1220 3027 1386 3102 Romano
1409 3029 1487 3099 iure
1500 3029 1699 3120 corrigebat
1711 3046 1773 3104 aut
1789 3035 2059 3114 moderabatur,
2155 3099 2159 3109 .

1266 3191 1270 3198 .
1322 3127 1453 3202 Fuerat
1476 3127 1577 3202 ltalia
1598 3133 1754 3221 graviter
1780 3135 1909 3206 afflicta
1937 3139 2216 3218 bellisllenrici

1223 3229 1370 3320 Quarti;
1399 3232 1593 3304 multorum
1610 3233 1827 3326 patrimonia
1848 3239 1963 3324 varie,
1988 3256 2028 3322 ιιι
2047 3245 2087 3318 fis
2109 3247 2217 3320 bellis

1167 3385 1170 3391 ,
1222 3333 1388 3404 civilibus
1405 3335 1573 3406 translata
1595 3336 1747 3412 fuerant.
1796 3334 1893 3430 Ergo
1912 3365 1992 3428 curn
2016 3367 2106 3438 opus
2125 3365 2219 3424 esset

1222 3435 1459 3526 gubernatore
1490 3437 1651 3528 praedito
1675 3462 1800 3530 magna
1829 3443 2001 3534 sapientia
2027 3461 2061 3520 et
2090 3451 2218 3545 aequi·
2306 3441 2307 3445 ¹

1223 3551 1311 3608 tate:
1352 3536 1453 3608 ltalia
1479 3562 1554 3608 non
1578 3533 1673 3610 nibil
1697 3557 1852 3616 recreata
1880 3558 1932 3616 est
1962 3551 2152 3637 prudentia
2180 3569 2219 3631 et

1223 3640 1468 3710 moderatione
1496 3639 1641 3726 lrnerii,
1676 3644 1738 3737 qni
1767 3669 1848 3714 curn
1879 3651 2076 3738 posteritati
2107 3656 2217 3728 etiam

1223 3743 1482 3826 consulendum
1506 3757 1666 3833 putaret,
1697 3746 1861 3837 cupiebat
1886 3753 2074 3826 autoritate
2098 3757 2218 3850 irnpe-

1224 3843 1355 3914 ratoria
1380 3865 1502 3913 rursus
1525 3845 1677 3936 proferri
1703 3847 1758 3918 ius
1776 3845 2001 3936 Romanum,
2035 3869 2077 3928 ut
2099 3873 2218 3934 certae

1225 3944 1316 4035 leges
1338 3959 1372 4016 et
1394 3945 1530 4016 erudite
1555 3948 1705 4038 scriptae
1727 3963 1904 4038 extarent,
1933 3978 2016 4024 nam
2039 3957 2217 4034 incertum

1225 4046 1280 4116 ius
1306 4059 1464 4117 aeternas
1488 4049 1682 4120 discordias
1704 4051 1808 4144 parit.
1866 4051 1936 4126 Sed
1960 4057 1998 4126 in
2021 4056 2219 4138 Germania

1225 4148 1352 4218 incidit
1374 4149 1411 4217 in
1429 4149 1520 4219 bella
1538 4151 1668 4224 civilia.
1718 4151 1843 4226 Postea
1863 4153 2020 4232 lrnerins
2036 4184 2117 4234 cum
2134 4189 2219 4259 per-

1224 4262 1340 4342 specta
1362 4251 1438 4322 eius
1462 4253 1574 4325 virtus
1605 4253 1642 4322 in
1665 4255 1922 4345 gubernatione
1944 4275 2016 4334 tam
2050 4265 2155 4358 longa
2183 4285 2221 4344 et

1224 4353 1394 4442 grandior
1414 4371 1508 4425 aetas
1531 4357 1684 4426 auxisset
1710 4357 1786 4428 eius
1815 4363 2060 4452 autoritatem,
2093 4384 2219 4442 nactus

1225 4454 1476 4548 imperatorem
1500 4453 1710 4530 Lothdrium
1736 4459 1936 4549 Sartonam,
1970 4491 2042 4536 non
2066 4470 2221 4564 impedi-

1225 4571 1301 4628 tum
1320 4557 1484 4628 civilibus
1509 4560 1632 4646 bellis,
1665 4577 1698 4634 et
1723 4563 1784 4656 qni
1804 4563 1958 4655 plurima
1980 4569 2017 4640 in
2046 4569 2145 4644 ltalia
2172 4577 2219 4646 ad

1226 4658 1456 4728 muniendam
1488 4663 1782 4756 tranquillitatem
1806 4667 2008 4754 constitnit,
2039 4673 2108 4744 suit
2131 4669 2219 4750 huic

1226 4756 1405 4846 hortator,
1437 4778 1476 4834 ut
1499 4777 1639 4834 curaret
1660 4761 1796 4836 Romae
1817 4783 1852 4840 et
1875 4765 2061 4846 Bononiae
2094 4801 2219 4852 rursus

1226 4864 1382 4934 enarrari
1413 4863 1469 4936 ins
1492 4863 1715 4949 Romanum,
1754 4881 1789 4938 et
1819 4881 1859 4940 ut
1888 4878 2148 4952 controversiae
2174 4905 2219 4953 ex

179 4985 472 5060 'stituendom-et
500 4967 796 5060 gubernandum?
848 4961 987 5038 Omnes
1017 4969 1174 5060 prolecto
1225 4963 1400 5038 Romanis
1416 4958 1552 5056 legibus
1568 4967 1863 5042 diiudicarentur.
1890 5061 1892 5066 ,
1915 4971 1968 5048 lta
1983 4999 2107 5050 rursus
2124 4983 2217 5054 cele.

181 5086 409 5161 accendimur
433 5075 580 5146 illornm
609 5094 745 5156 amore,
780 5091 986 5164 quanquam
1009 5083 1062 5142 tot
1091 5083 1173 5140 ante
1226 5067 1323 5138 brari
1340 5082 1374 5144 et
1388 5070 1455 5140 coli
1471 5070 1628 5139 studium
1644 5065 1801 5140 Romani
1818 5069 1910 5145 luris
1923 5079 2050 5172 coepit.

181 5191 298 5264 secula
330 5177 475 5254 extincti
500 5175 589 5257 sint,
619 5185 655 5244 'et
683 5186 847 5264 optamus
872 5171 1045 5243 divinitus
1068 5171 1175 5243 etiam
1308 5167 1382 5242 Nec
1396 5165 1623 5242 inhonestum
1638 5169 1705 5240 sibi
1722 5169 2003 5265 lrneriusduxit,
2028 5196 2215 5278 postquam

181 5306 324 5364 nostrae
344 5281 449 5354 aetati
471 5278 557 5349 tales
579 5271 706 5346 heroas
721 5275 859 5346 donari.
912 5271 972 5344 Sic
988 5275 1080 5346 allici
1096 5273 1175 5366 opi·
1226 5284 1279 5342 tot
1299 5295 1515 5347 annoscuns
1535 5295 1662 5363 magna
1678 5273 1790 5364 gloria
1808 5292 1964 5351 versatus
1986 5297 2060 5356 erat
2074 5285 2111 5355 in
2125 5285 2215 5381 Rep.

182 5419 251 5466 nor
273 5393 367 5462 bona
394 5379 557 5472 ingenia,
588 5402 668 5448 cum
699 5375 871 5456 celebrari
898 5375 1052 5448 andiunt
1074 5375 1176 5450 lrne·
1227 5373 1267 5442 in
1281 5376 1405 5446 ultima
1421 5388 1533 5445 aetate
1549 5375 1666 5445 redire
1682 5377 1727 5446 ad
1742 5372 1910 5450 scholam.
1957 5381 2027 5454 Sed
2045 5389 2215 5484 quicquid

183 5499 300 5580 rium,
326 5486 389 5584 qni
403 5485 512 5572 longo
536 5494 693 5573 tempore
709 5477 847 5550 ltaliam
875 5478 981 5562 resit3
1008 5493 1070 5550 aut
1086 5475 1204 5560 Bar-i
1227 5474 1260 5546 ei
1274 5476 1491 5564 autoritatis,
1517 5477 1629 5569 gloria
1651 5500 1770 5548 rernm
1793 5496 1970 5572 gestarum
1994 5501 2028 5557 et
2043 5505 2136 5562 aetas
2152 5515 2213 5586 pc·
