4646 5824
80 297 159 376 sas
582 235 1628 368 nucu.nnn1cro=rrrusnsrom
1840 243 1842 248 ’
1958 253 1990 356 ᾗ
2056 289 2131 386 scs

76 473 164 546 Non
179 471 291 564 pingo
302 467 420 540 ideam
437 467 612 557 perfectae
628 465 787 549 virtutis,
813 465 875 536 sed
894 464 1079 556 possibilia
1131 477 1263 556 peteret
1288 464 1482 556 imperator
1505 461 1762 533 Constantinus
1786 485 1806 532 a
1828 460 2039 556 quibusdam
2057 457 2127 535 lle·

76 586 266 668 praecepta
281 570 482 644 recitamus.
532 564 649 638 Vitari
662 579 755 638 certe
771 563 1078 657 haec'turpissima
1131 567 1246 638 clesiis
1261 567 1300 634 in
1312 561 1480 651 Oriente,
1505 564 1664 636 utPasca
1680 565 1811 635 usitato
1827 565 1886 632 die
1901 565 2046 636 caeteris
2062 591 2121 636 ee·

77 692 112 750 et
127 672 492 769 possnntetdebent‚
518 669 661 759 ignavia
684 682 718 740 et
741 669 976 760 impudentia.
1029 667 1078 742 Et
1129 670 1325 754 lebracent,
1358 683 1398 738 ut
1419 669 1547 739 laetior
1571 669 1645 759 ipse
1669 667 1708 736 in
1729 690 1849 736 earnm
1872 663 2057 754 Ecclesiis,
2089 671 2121 740 si

76 783 167 874 quid
181 777 367 868 indignius
382 788 450 858 est,
473 795 581 866 quam
601 796 682 844 cum
698 771 777 849 loco
791 769 860 842 Dei
875 795 997 844 vocem
1019 773 1077 842 di·
1128 775 1272 865 quando
1291 795 1333 840 eo
1348 771 1517 856 venisset,
1549 770 1657 840 simul
1675 771 1851 840 celebrare
1867 766 1975 839 Pasca
1991 786 2121 869 posset.

77 883 199 952 vinam
224 901 352 952 sonare
371 877 519 960 debeas,
553 887 671 945 tumen
696 898 777 946 cum
800 897 874 944 nou
897 875 1075 964 intelligas
1127 873 1210 944 Nun
1235 874 1304 944 fuit
1327 897 1383 942 res
1405 873 1513 963 digna
1538 873 1769 943 contentione
1789 873 1826 939 in
1851 885 2015 942 neutram
2035 898 2119 964 par-

76 983 278 1053 doctcinam
299 980 504 1062 coelestem,
535 979 701 1048 undanter
723 992 757 1048 et
779 977 1009 1070 impudenter
1033 1000 1074 1045 ex
1127 989 1210 1052 tem.
1250 975 1320 1046 Sed
1335 976 1458 1045 fuisset
1473 977 1651 1045 laudanda
1668 975 1815 1060 lenitas,
1842 975 1871 1044 si
1887 969 2048 1044 Andiani
2063 991 2120 1048 tn-

9 1109 10 1114 *
77 1085 175 1174 vulgi
190 1083 417 1154 sermonibus
435 1091 602 1150 consutos
617 1090 783 1156 centones
805 1079 845 1149 in
872 1074 968 1149 bunc
992 1102 1072 1148 coc·
1125 1092 1198 1149 tam
1223 1077 1322 1147 illam
1342 1079 1603 1148 contentionem
1622 1078 1765 1148 silentio
1783 1075 1998 1148 obmisseut.
2027 1075 2118 1168 'Ce-

74 1202 151 1258 tum
167 1187 324 1270 adferre,
350 1185 390 1252 in
405 1182 535 1278 quibus
549 1181 653 1250 etiam
668 1179 699 1250 si
717 1206 786 1274 qua
809 1182 969 1256 membra
989 1205 1071 1252 vera
1125 1182 1217 1252 dunt
1233 1181 1380 1251 intense
1398 1182 1502 1251 orbes
1516 1183 1683 1251 coelestes
1695 1178 1797 1250 miris
1814 1179 2051 1266 anfractibus,
2075 1195 2117 1251 ut

75 1302 177 1369 sunt,
212 1302 331 1358 tamen
355 1285 468 1354 multa
491 1282 578 1352 falsa
605 1283 819 1366 miscentur,
855 1297 890 1352 et
918 1283 1072 1354 maxima
1124 1307 1223 1352 suam
1241 1279 1466 1352 harmoniam
1481 1298 1515 1355 et
1530 1283 1756 1354 concordiam
1771 1307 1813 1353 eo
1828 1281 1928 1377 quasi
1943 1283 2116 1376 obsequio

74 1413 157 1484 pars
172 1389 331 1460 continet
346 1387 523 1456 virulenta
540 1398 601 1455 aut
616 1385 776 1455 scurrilia
793 1385 964 1470 convicia,
987 1385 1070 1480 quia
1123 1399 1300 1458 tueantur.

75 1487 132 1561 his
152 1492 329 1583 parergis,
362 1511 441 1560 cum
468 1485 748 1578 petulantissime
775 1487 961 1567 dicuntur,
994 1512 1070 1556 ma-
1225 1489 1428 1558 Tencamus
1444 1487 1552 1577 igitur
1572 1487 1776 1557 discrimen.
1815 1483 1935 1556 Simus
1951 1484 1988 1554 in
2008 1486 2115 1556 rebus

75 1595 167 1662 xime
200 1592 367 1663 delectari
401 1603 436 1660 et
466 1587 614 1658 retineri
635 1589 779 1660 stultam
801 1587 1068 1660 multitudinem
1122 1591 1328 1674 necessariis
1342 1590 1437 1659 firmi
1452 1603 1487 1659 et
1501 1601 1716 1660 constantes:
1748 1589 1786 1658 in
1801 1588 1880 1658 aliis
1895 1611 1974 1656 curn
1990 1583 2114 1658 Eccle-

74 1696 203 1769 sciunt.
1121 1692 1192 1762 siae
1215 1693 1350 1764 utilitas
1366 1693 1537 1786 pustulat,
1563 1693 1790 1764 moderemur
1812 1689 1960 1760 consilia
1982 1690 2113 1782 proba-

9 1869 11 1872 ,
177 1793 393 1886 Quanquam
426 1803 544 1863 autem
577 1793 620 1860 de
653 1793 760 1860 modo
786 1791 940 1862 docendi
965 1791 1069 1882 plura
1120 1789 1383 1871 bititmetaoa.

74 1899 366 1980 dicendaessent,
388 1907 506 1964 tamen
521 1892 590 1961 iam
605 1906 752 1986 propter
766 1894 964 1984 angustiam
978 1908 1068 1964 tem·
1099 1878 1103 1910 ¹
1222 1898 1336 1972 Addit
1363 1895 1513 1966 Paulus:
1551 1893 1594 1964 ln
1621 1895 1712 1981 lide,
1743 1895 1781 1964 id
1812 1909 1883 1980 est,
1915 1893 2045 1966 fiducia
2076 1906 2110 1963 et

73 2001 181 2092 poris,
203 1999 247 2068 ad
265 2011 418 2068 caeteras
432 1996 580 2065 virtutes
594 2020 757 2088 propero,
777 2021 909 2090 vosque
925 2009 1069 2088 propter
1120 1999 1361 2092 expectatione
1376 1998 1492 2070 divini
1508 1997 1631 2070 auxilii
1645 1998 1685 2068 in
1700 1996 1937 2088 periculorum
1955 1995 2111 2067 toleran·
2139 2053 2141 2058 .

73 2103 281 2171 mandatum
308 2111 342 2168 et
364 2097 513 2186 gloriam
540 2097 612 2167 Dei
630 2097 812 2184 obtestor,
844 2097 1067 2170 inducendo
1120 2101 1179 2176 tia.
1230 2099 1285 2174 De
1310 2102 1442 2174 virtute
1465 2100 1612 2186 eximia,
1647 2113 1681 2172 et
1706 2099 1871 2191 inprimis
1897 2100 1935 2168 in
1953 2093 2110 2170 Ecclesia

73 2203 178 2272 fidem
205 2215 240 2273 et
262 2199 482 2290 diligentiam
509 2195 587 2268 Deo
616 2200 772 2270 debitam
796 2202 998 2292 praestetis,
1033 2213 1069 2270 et
1119 2205 1325 2284 necessaria,
1352 2203 1583 2294 praecipitur,
1609 2204 1653 2271 de
1668 2226 1736 2296 qua
1754 2201 1946 2292 diligenter
1959 2199 2110 2270 docendi

74 2305 210 2396 eligatis
225 2327 281 2374 res
296 2301 525 2386 necessarias,
551 2313 586 2371 et
601 2301 800 2370 doctrinam
818 2303 988 2373 modestia
1007 2327 1066 2372 ve·
1119 2302 1390 2376 suntbomines.
1439 2299 1486 2374 Et
1507 2317 1548 2374 ut
1567 2303 1805 2394 intelligatur,
1831 2299 2018 2373 hominum
2041 2316 2111 2371 trc-

72 2419 141 2478 stra
161 2405 309 2476 ornetis.
1120 2407 1318 2497 pidationes
1334 2423 1368 2480 et
1382 2405 1527 2478 consilia
1543 2405 1582 2474 in
1596 2405 1764 2498 periculis
1780 2406 2000 2498 aspiciamus.
2028 2402 2112 2478 Usi·
2203 2459 2204 2462 η

173 2507 301 2578 Postea
319 2505 539 2576 demonibus
557 2503 719 2597 loquitur
734 2501 888 2590 Paulus,
912 2519 947 2576 ct
970 2505 1069 2576 iubet
1119 2511 1329 2608 tatissimum
1348 2521 1417 2588 est,
1448 2510 1633 2578 decurrere
1649 2503 1814 2577 homines
1828 2509 1866 2576 in
1884 2507 2050 2600 periculis
2067 2509 2111 2576 ad

73 2635 136 2682 nos
151 2610 314 2700 exemplo
330 2607 408 2677 aliis
425 2631 509 2681 esse.
560 2608 602 2674 ln
627 2607 913 2692 conversatione,
944 2608 981 2676 id
1005 2620 1067 2686 est,
1119 2605 1274 2682 humana
1301 2609 1497 2704 praesidia,
1528 2611 1634 2682 ctiam
1656 2611 1734 2679 sine
1758 2612 1902 2680 ordine:
1935 2623 1975 2679 ut
1993 2603 2112 2678 Achae
2240 2627 2261 2640 “

74 2713 110 2780 in
127 2727 273 2784 externa
297 2709 485 2804 disciplina
508 2703 677 2794 honesta,
703 2709 800 2778 iuxta
823 2710 943 2778 omnia
965 2733 1067 2800 prae·
1120 2738 1193 2784 non
1211 2715 1288 2785 vult
1304 2713 1428 2783 audire
1442 2709 1603 2798 Esaiam,
1631 2711 1692 2804 qui
1716 2704 1809 2784 vetat
1833 2737 1912 2782 eum
1936 2733 2111 2782 accersere
2213 2757 2221 2778 .

73 2830 170 2906 tepla
192 2814 363 2904 decalogi.
412 2809 503 2900 Cum
527 2811 623 2879 enlm
643 2809 807 2880 nominat
828 2811 1066 2880 conversatio*
1118 2815 1310 2908 impiorum
1344 2837 1465 2904 regum
1499 2815 1650 2898 auxilia,
1687 2814 1770 2908 quia
1797 2815 1941 2884 difficile
1966 2825 2016 2883 est
2040 2813 2110 2882 fide

72 2941 171 3003 nem,
199 2918 243 2986 de
260 2927 335 2986 toto
350 2937 477 3005 genere
499 2921 723 2983 externarum
744 2913 923 2982 actionum
948 2914 1066 3006 loqui·
1119 2930 1298 3010 expectare
1313 2917 1554 2987 defensionem
1571 2913 1689 2990 aDeo.
1720 2915 1789 2988 Sed
1810 2915 1952 3008 politica
1969 2914 2110 3006 sapien-

73 3033 136 3106 tur,
162 3019 262 3114 quod
281 3017 408 3088 usitate
423 3037 590 3085 vocamus
605 3013 775 3084 iustitiam
793 3016 1040 3088 universalem.
1118 3021 1167 3090 tia
1183 3021 1261 3092 vult
1276 3043 1348 3090 esse
1367 3031 1500 3089 armata
1514 3018 1736 3114 foederibus,
1757 3019 1979 3103 exercitibus,
2005 3032 2039 3088 et
2053 3041 2112 3087 re-

173 3119 248 3192 Sed
265 3119 382 3190 addit:
418 3115 460 3186 ln
479 3115 689 3201 dilectione,
722 3117 761 3185 id
782 3131 853 3198 est,
885 3141 959 3186 non
982 3117 1066 3186 satis
1118 3124 1218 3218 liquo
1235 3125 1405 3214 adparatu
1422 3119 1568 3198 visibili.
1619 3117 1689 3190 Hic
1703 3145 1803 3192 error
1824 3123 1951 3192 evertit
1969 3121 2112 3205 multos,

72 3237 118 3295 est
142 3223 304 3296 actiones
329 3233 490 3291 externas
514 3216 713 3308 inculpatas
735 3241 828 3303 esse,
858 3231 897 3287 ut
922 3219 1065 3289 suntin
1118 3226 1192 3300 imo
1216 3220 1301 3294 baec
1326 3225 1401 3316 ipsa
1421 3224 1563 3292 foedera
1588 3224 1710 3293 multis
1733 3223 2022 3308 exitiofuerunt,
2049 3223 2112 3317 qui

72 3319 423 3420 mullisltypocritis:
442 3321 503 3390 sed
520 3321 565 3392 sil
580 3319 797 3410 verujcordis
813 3319 956 3390 dilectio
973 3321 1065 3391 inter
1118 3351 1198 3397 cum
1215 3321 1281 3395 hac
1299 3325 1457 3417 potentia
1478 3325 1603 3396 confisi
1625 3348 1681 3394 res
1699 3325 1914 3418 periculosas
1936 3325 2111 3416 suscepis-

73 3452 144 3501 vos.
215 3423 347 3498 Absint
376 3423 562 3516 superbia,
600 3424 730 3502 fastus,
771 3422 989 3509 invidentia,
1031 3437 1066 3494 et
1118 3442 1216 3519 sent,
1234 3421 1392 3497 'tandem
1416 3440 1605 3497 senserunt
1628 3451 1703 3496 non
1725 3417 1947 3518 respondere
1964 3439 2111 3496 eventus

73 3527 263 3600 aemulatio
296 3525 461 3612 Cainica,
512 3517 755 3620 φιλονεικεία,
802 3525 1063 3606 malevolentia,
1117 3531 1189 3600 illis
1204 3529 1372 3622 politicae
1386 3528 1581 3621 sapientiae.
1594 3528 1763 3601 consiliis.
1790 3543 1824 3599 et
1846 3530 1975 3598 similia
1989 3528 2111 3622 priva-

73 3631 183 3716 livor‚
229 3625 457 3722 κακοήθεια,
499 3626 733 3717 obtrectatio,
778 3627 952 3717 cupiditas
983 3627 1064 3696 vin·
1116 3634 1163 3706 tis
1178 3646 1212 3703 et
1227 3631 1525 3722 gubernatoribus
1538 3629 1723 3715 accidunt,
1749 3630 1812 3724 qui
1827 3645 1965 3704 tantum
1979 3632 2022 3700 ad
2040 3625 2110 3700 hu-

73 3733 204 3817 dictae,
230 3731 400 3816 insidiae,
426 3728 640 3799 calumniae:
655 3729 727 3798 'scd
743 3729 789 3798 sit
810 3753 893 3798 vera
908 3729 1064 3812 benevo-
1116 3759 1221 3804 mana
1239 3733 1414 3824 praesidia
1430 3733 1619 3822 confugere
1640 3731 1766 3806 solent.

72 3836 180 3905 lentia
214 3834 310 3904 inter
341 3833 492 3920 collegas
524 3829 682 3900 muneris
715 3830 879 3900 omnium
922 3832 1064 3913 summi,
1202 3835 1425 3906 .Pracluceat
1446 3835 1557 3928 igitur
1580 3833 1668 3904 fides
1691 3833 1895 3904 docentium
1920 3833 2054 3926 populo
2076 3841 2116 3904 et¹

75 3961 161 4029 quae
183 3933 411 4006 concordiam
424 3933 497 4002 alat
511 3946 546 4002 et
561 3943 720 4018 tueatur,
746 3933 978 4002 necessariam
993 3929 1065 4003 Ec·
1117 3935 1363 4029 Principibus.
1414 3935 1513 4008 llaec
1531 3950 1692 4022 moneat,
1731 3933 1888 4029 nequid
1913 3933 2110 4026 agantnisi

73 4039 213 4110 clesiac:
250 4038 334 4130 quia
359 4035 536 4106 discordia
561 4034 765 4104 docentium
782 4035 917 4106 >turbat
935 4035 977 4104 in
999 4058 1064 4126 po·
1116 4041 1328 4110 neccssaria:
1362 4053 1397 4110 et
1418 4063 1500 4110 suas
1523 4034 1718 4125 Ecclesiae,
1743 4061 1824 4109 suas
1844 4037 2004 4126 politius,
2033 4063 2111 4108 mo·

72 4141 153 4231 pulo
171 4139 304 4216 iudicia
320 4141 364 4208 de
378 4137 552 4217 doctrina,
573 4151 608 4208 et
622 4135 783 4207 accendit
799 4137 923 4207 odium
937 4139 1064 4208 adver·
1116 4143 1214 4213 deste
1228 4164 1357 4211 ornare
1372 4143 1555 4227 studeant,
1584 4155 1624 4213 'et
1645 4141 1740 4212 intra
1753 4152 1873 4210 metas
1894 4163 1980 4211 suae
2004 4165 2109 4210 voca-

75 4265 130 4312 sus
144 4267 245 4326 eam,
270 4254 305 4312 el
320 4239 781 4330 θῐῑῖΰὲῡῖῑῑῦνθθθῑῑῡῦθω·
1116 4245 1225 4316 tionis
1248 4267 1286 4314 se
1308 4244 1526 4316 contineant.
1584 4238 1633 4314 Et
1657 4243 1697 4312 in
1721 4241 1779 4314 sui
1801 4242 1960 4313 muneris
1983 4241 2111 4313 officiis

171 4341 302 4415 Addit:
330 4341 374 4413 ln
390 4340 537 4434 spiritu,
563 4339 600 4409 id
621 4352 696 4426 εει,
722 4340 797 4410 zelo
814 4340 971 4432 spiritus.
1007 4339 1064 4412 Sit
1115 4347 1298 4438 expectent
1311 4345 1484 4418 auxilium
1505 4359 1540 4416 et
1553 4344 1796 4416 defensionem
1820 4367 1841 4413 a
1862 4341 1954 4417 Deo.
2003 4341 2110 4415 Hanc

74 4446 214 4518 dilectio
230 4445 268 4514 in
285 4445 407 4516 nobis:
438 4444 499 4514 sed
515 4455 633 4512 tamen
649 4442 721 4531 ita,
746 4466 793 4513 ne
808 4466 944 4514 errores
959 4457 994 4514 et
1009 4445 1064 4512 vi·
1081 4475 1083 4478 ·
1115 4449 1324 4542 sapientiam
1346 4445 1525 4520 Ecclesiae
1554 4447 1736 4540 propriam
1763 4461 1798 4518 et
1820 4446 2020 4538 intelligere
2042 4470 2110 4518 nos

72 4549 118 4619 tia
135 4548 386 4619 confirmemus
408 4558 528 4616 nostra
547 4546 790 4634 indulgentia,
814 4542 876 4616 sed
897 4547 1062 4637 petulan—
1115 4565 1275 4643 oportet,
1308 4553 1400 4621 etde
1416 4575 1455 4620 ea
1470 4549 1643 4642 populum
1659 4551 1808 4630 docere,
1838 4571 1885 4617 ne
1908 4573 1950 4620 er
1974 4549 2109 4642 praesi-

73 4652 119 4722 tia
131 4649 274 4742 ingenia
295 4673 414 4720 severe
432 4640 698 4734 coherceamus,
729 4671 775 4718 ne
797 4649 915 4738 spargi
935 4671 1062 4740 pravas
1115 4655 1185 4724 diis
1200 4649 1367 4725 humanis
1383 4655 1559 4744 pendens,
1584 4651 1815 4723 obliviscatur
1832 4646 1912 4724 Dei.

75 4753 258 4844 opiniones
273 4753 450 4833 sinamus,
476 4773 542 4820 nec
564 4773 703 4820 morum
727 4750 968 4842 turpitudines
988 4751 1062 4821 dis·
1216 4751 1270 4827 Ae
1286 4755 1390 4826 nohis
1405 4755 1606 4848 pastoribus
1618 4748 1685 4824 hac
1707 4753 1950 4825 consolatione
1973 4751 2110 4844 praeci.

74 4855 290 4928 simulemus.
409 4911 411 4918 ι
745 4919 748 4928 .
948 4940 950 4944 ¹
1114 4881 1184 4950 pne
1208 4881 1298 4950 opus
1320 4871 1383 4928 est.
1432 4855 1574 4929 Scimus
1595 4857 1727 4926 multos
1748 4869 1783 4927 et
1805 4869 1966 4947 potentes
1990 4849 2110 4926 hostes

171 4954 219 5030 Et
241 4955 387 5050 quidem
410 4953 544 5026 iudicio
560 4951 706 5045 spiritus
721 4953 866 5043 negocia
882 4953 1061 5030 discerna-
1113 4983 1188 5031 esse
1201 4956 1408 5050 Evangelii,
1434 4959 1497 5052 qni
1513 4971 1547 5029 et
1562 4980 1629 5028 nos
1642 4971 1675 5029 et
1689 4953 1866 5030 Ecclesiae
1885 4970 2025 5028 nostras
2046 4957 2110 5026 de-

72 5081 168 5145 fflsssss
190 5074 231 5130 ul
255 5057 321 5128 Ubi
342 5058 575 5148 Pllfffllssdum
599 5055 667 5140 sit,
699 5056 763 5130 ubl
785 5056 913 5126 lenitas
936 5057 1060 5128 utilior
1112 5064 1187 5134 lere
1208 5063 1375 5155 cupiunt:
1417 5075 1452 5132 ct
1480 5061 1724 5131 defensionem
1746 5059 1862 5132 nostri
1886 5082 1962 5130 non
1986 5059 2111 5130 multis

75 5159 134 5245 sit,
158 5159 430 5230 consideremus.
477 5156 575 5227 Haec
589 5158 732 5249 propria
749 5172 832 5229 sunt
848 5157 972 5229 iudicii
986 5161 1060 5250 spi·
1113 5189 1217 5236 curae
1249 5187 1332 5234 esse.
1407 5161 1478 5234 Sed
1512 5187 1588 5234 non
1618 5164 1825 5234 abiiciamus
1852 5161 2112 5254 professionem

74 5261 169 5333 ritus.
208 5259 282 5332 Nec
298 5259 396 5330 enim
416 5259 633 5330 laudandum
651 5273 704 5331 est
719 5260 909 5331 consilium
926 5285 1060 5349 eorum,
1112 5266 1295 5338 doctrinae
1308 5266 1411 5337 fracti
1425 5280 1540 5338 metu:
1568 5267 1628 5336 sed
1645 5279 1740 5340 certo
1756 5279 1971 5350 statuamus,
1994 5263 2109 5336 Deum

74 5363 132 5454 qui
146 5375 291 5456 propter
313 5362 543 5456 pertinaciam
567 5361 606 5429 in
629 5362 736 5433 rebus
757 5386 833 5434 non
853 5365 1058 5435 necessariis
1111 5371 1292 5441 custodem
1314 5371 1392 5440 fore
1419 5381 1453 5439 et
1476 5369 1681 5440 ducentium
1712 5383 1747 5440 et
1765 5365 2028 5450 Ecclesiarum,
2067 5378 2127 5436 ut·

74 5465 125 5534 vel
151 5467 346 5552 dissemnt,
378 5465 434 5536 vel
457 5457 662 5535 distrahunt
680 5460 875 5553 Ecclesias,
912 5481 952 5538 ut
976 5467 1056 5538 cum
1109 5471 1365 5564 scriptumest:
1392 5465 1531 5542 Omnes
1551 5469 1672 5563 capilli
1697 5472 1822 5562 capitis
1842 5469 1952 5542 vestri
1977 5489 2108 5540 nnme-
