4614 5820
232 269 303 342 on
645 253 804 338 nuos.
855 243 931 336 nu
963 257 1425 340 couruacrruun
1458 195 1839 344 scuouanuu.
2174 275 2242 348 aa

233 463 299 534 pro
315 461 433 531 graeca
450 460 534 507 voce
550 430 745 530 συνέδριον
759 449 987 526 usurparunt.
1038 434 1108 507 Sed
1130 459 1219 529 qua-
1268 435 1429 506 aulsmm
1450 435 1618 525 negotiis,
1651 459 1781 508 munus
1807 439 1958 510 docendi
1982 440 2019 510 in
2045 443 2245 514 monasteria

233 541 418 634 liscunque
440 551 578 608 senatus
599 538 660 606 ille
683 538 770 621 luit,
795 533 1138 628 Prophetasconstat
1155 533 1219 606 ba·
1270 537 1479 607 translatum
1504 549 1565 607 est.
1622 536 1719 608 llaec
1739 563 1820 610 cum
1845 555 2077 612 onerarentur
2099 567 2246 613 ceremo-

234 641 514 713 buisse·assidua
534 637 735 708 auditorum
759 635 910 726 agmina.
962 637 1068 708 Hunc
1084 661 1220 708 morem
1268 638 1356 722 niis,
1386 661 1460 707 non
1483 649 1673 728 potuemnt
1697 641 1804 710 simul
1826 643 1978 712 docendi
1999 645 2155 713 laborem
2175 669 2247 714 rno-

234 767 339 836 quem
367 740 529 810 viderant
555 738 718 829 Apostoli
749 753 924 809 servatum
952 763 971 808 a
997 735 1153 830 Baptista
1185 751 1220 810 et
1269 737 1395 808 lectum
1412 752 1447 808 et
1461 739 1641 811 difficilem
1655 742 1840 815 sustinere.
1880 739 2033 814 Exortae
2050 745 2160 834 igitur
2174 759 2246 816 sunt

235 839 428 923 aChristo,
461 841 684 910 retinuemnt
707 851 740 909 et
761 839 847 931 ipsi,
876 837 1043 909 loannem
1065 839 1220 932 Aposto-
1269 835 1499 924 Academiae,
1532 839 1571 908 in
1594 840 1723 932 quibus
1743 844 1859 912 studia
1876 843 2059 914 literamm
2075 859 2248 938 utcunque

236 945 310 1014 lum
338 937 470 1032 Ephesi
496 941 706 1011 domesticos
739 941 935 1024 auditores,
971 941 1032 1033 qui
1059 963 1096 1010 se
1129 953 1220 1012 totos
1269 939 1436 1023 excitata,
1468 941 1529 1008 sed
1559 941 1766 1032 disciplinae
1800 944 1940 1014 vincula
1967 945 2119 1016 nimium
2144 948 2249 1014 laxata

237 1045 416 1115 doctrinae
440 1043 667 1120 dediderant,
701 1033 864 1110 habuisse
880 1054 1013 1111 certum
1033 1055 1102 1126 est,
1127 1041 1221 1111 inter
1269 1052 1363 1109 sunt.
1413 1035 1547 1110 Exhac
1563 1036 1729 1112 historica
1746 1047 2082 1115 commemoratione
2100 1045 2250 1116 satisin·

236 1167 327 1238 quos
348 1157 383 1213 et
405 1142 620 1236 Polycarpus
640 1142 728 1224 suit,
759 1141 822 1234 qui
852 1155 970 1232 postea
1002 1141 1041 1210 in
1064 1139 1221 1212 Ecclesia
1270 1139 1382 1230 telligi
1403 1153 1534 1232 potest,
1566 1155 1600 1212 et
1620 1141 1728 1212 luisse
1750 1165 1887 1236 semper
1910 1147 2095 1217 adiunctas
2121 1143 2250 1216 scholas

236 1245 410 1338 Smymea
440 1244 579 1312 circiter
606 1240 862 1335 qninquaginta
885 1265 997 1313 annos
1023 1243 1221 1313 doctrinam
1269 1237 1453 1326 Ecclesiis,
1479 1243 1662 1312 etamissis
1679 1245 1789 1314 literis
1809 1245 1922 1315 lucem
1940 1243 2127 1337 Evangelii
2143 1248 2251 1316 extin-

237 1343 414 1416 sloanne
436 1346 601 1414 traditam
629 1343 802 1414 foeliciter
823 1345 1041 1434 propagavit.
1105 1343 1222 1414 Huius
1271 1341 1342 1431 gui.
1393 1339 1471 1411 Hoc
1490 1365 1570 1412 cum
1593 1343 1641 1413 ita
1668 1345 1730 1431 sit,
1760 1345 1915 1435 prolecto
1937 1349 2114 1438 sapientes
2129 1349 2251 1436 guber-

237 1446 381 1516 auditor
403 1443 545 1514 ireneus
571 1443 751 1514 doctrinae
777 1445 873 1512 rivos
897 1445 937 1512 in
961 1443 1163 1514 Pannoniae
1189 1457 1223 1513 et
1271 1456 1428 1526 natores,
1462 1456 1502 1512 ut
1530 1439 1722 1528 Ecclesiae,
1762 1445 1810 1516 ita
1840 1444 2046 1517 Academias
2078 1471 2163 1517 cura
2195 1471 2249 1517 sua

240 1544 395 1616 Galliam
410 1545 567 1618 deduxit.
618 1545 671 1614 Ac
694 1545 779 1613 tales
793 1544 900 1614 baisse
918 1540 1054 1614 scholas
1070 1557 1223 1636 apparet,
1272 1543 1457 1634 complecti
1471 1545 1581 1617 decet.
1632 1543 1816 1616 Summum
1840 1541 1933 1615 baud
1955 1549 2063 1618 dubie
2081 1552 2251 1638 graberm·

237 1647 443 1739 ubicunque
465 1641 641 1715 Ecclesiae
664 1644 918 1737 frequentiores
937 1647 1099 1726 fuerunt,
1133 1647 1224 1716 cele-
1273 1643 1360 1713 toris
1378 1643 1533 1712 cilicium
1549 1657 1618 1729 est,
1650 1641 1718 1714 Dei
1734 1647 1901 1716 noticiam
1915 1648 2009 1717 inter
2023 1645 2251 1723 hominesre-

240 1747 460 1817 bratissimae
481 1769 564 1815 vero
594 1746 754 1830 luerunt,
787 1741 1030 1830 Antiocheno,
1068 1743 1223 1816 Alexan·
1273 1744 1398 1818 tinere.
1456 1743 1550 1814 lluic
1577 1765 1704 1836 magno
1727 1747 1866 1816 muneri
1887 1762 2027 1818 nostrae
2043 1751 2169 1820 literae
2185 1771 2251 1818 ser·

240 1847 345 1918 drina
366 1844 615 1926 Caesariensis,
650 1846 688 1913 in
711 1867 780 1938 qua
796 1844 970 1935 Origenes
989 1847 1127 1928 docuit,
1150 1845 1225 1940 By·
1274 1846 1386 1918 vinnt.
1435 1841 1544 1916 Curet
1560 1844 1670 1934 igitur
1683 1847 1912 1935 gubernator,
1939 1864 1978 1920 ut
1994 1849 2150 1920 lloreant
2166 1849 2251 1920 Aca·

241 1948 400 2033 zantina,
432 1947 471 2014 in
500 1969 569 2040 qua
598 1943 769 2015 Basiliam
798 1947 958 2016 docuisse
983 1945 1225 2017 Nazianzenus
1274 1946 1409 2014 demiae
1440 1946 1532 2014 veris
1565 1949 1801 2028 ornamentis,
1841 1949 2052 2036 ingeniosis,
2091 1951 2252 2030 eruditis,

241 2048 374 2121 scribit.
425 2045 499 2116 Nec
515 2047 612 2116 aliud
627 2046 733 2117 luisse
748 2045 852 2116 initio
865 2048 1010 2138 collegia
1024 2045 1224 2118 Canonico-
1273 2047 1404 2115 virtute
1425 2059 1459 2114 et
1477 2047 1664 2136 prudentia
1688 2049 1854 2136 praeditis
1878 2051 2105 2132 doctoribus,
2141 2053 2252 2144 quiet

241 2173 322 2220 rum
346 2159 482 2218 certum
505 2159 575 2232 eat,
599 2169 705 2240 quam
731 2147 933 2216 docentium
958 2161 991 2218 et
1014 2149 1224 2221 discentium
1273 2145 1472 2234 intelligant
1486 2147 1659 2217 rationem
1674 2148 1816 2217 dicendi
1830 2149 1972 2234 utilem,
1994 2163 2029 2220 et
2038 2151 2190 2223 fideliter
2203 2151 2252 2217 ol-

242 2263 371 2323 metus.
422 2244 590 2317 Arbitror
612 2260 646 2317 et
668 2246 705 2316 iu
728 2245 802 2338 ipsa
820 2245 1012 2318 Germania
1030 2261 1111 2320 ante
1129 2247 1225 2320 Atti·
1273 2245 1392 2316 licium
1413 2246 1555 2322 iaciant.
1613 2244 1689 2316 Hos
1712 2249 1880 2318 adiuvent
1901 2251 2079 2342 principes
2094 2253 2134 2320 in
2152 2251 2253 2320 disci·

242 2353 313 2421 lam
334 2348 441 2420 luisse
461 2348 642 2418 adiunctas
668 2343 805 2418 scholas
832 2343 997 2419 Ecclesiis
1020 2350 1224 2422 mediocres.
1273 2347 1372 2437 plina
1393 2348 1535 2418 tuenda.
1593 2345 1683 2416 Nam
1712 2350 1789 2418 sine
1816 2351 2039 2442 superiorum
2069 2353 2252 2421 autoritate

242 2450 331 2522 Nam
346 2448 490 2519 lreneus
505 2461 542 2518 et
557 2442 780 2539 Epiphanius
794 2447 903 2518 citant
918 2450 1117 2520 testimonia
1132 2447 1226 2519 Ger·
1274 2447 1461 2536 disciplina
1477 2448 1622 2517 retineri
1636 2461 1848 2540 nonpotest.
1898 2449 2039 2522 Dentur
2051 2453 2158 2522 etiam
2174 2452 2252 2519 lide·

242 2551 461 2623 manicarum
482 2545 734 2620 Ecclesiarnm:
768 2571 836 2642 qna
859 2572 900 2618 ex
917 2551 1133 2640 readparet,
1156 2549 1224 2619 cito
1274 2546 1368 2616 libus
1391 2547 1593 2618 doctoribus
1609 2551 1784 2619 mercedes
1804 2545 1981 2622 honestae.
2030 2549 2124 2624 Nam
2148 2551 2251 2619 nimia

242 2665 471 2746 propagatum
494 2671 567 2718 esse
587 2645 818 2738 Evangelium
848 2649 887 2716 in
910 2647 1157 2735 Gennaniam,
1191 2663 1226 2719 et
1273 2647 1454 2738 opulentia
1470 2670 1515 2716 ne
1531 2649 1675 2742 quidem
1689 2654 1843 2741 optanda
1857 2665 1924 2721 est:
1950 2651 2032 2745 quia
2046 2675 2131 2722 cura
2150 2673 2251 2744 opum

243 2755 360 2846 aliqua
376 2749 682 2822 literarumstudia
697 2751 736 2817 in
751 2743 817 2818 hac
831 2750 975 2820 natione
988 2749 1106 2820 luisse.
1158 2749 1226 2820 Le·
1274 2761 1310 2817 et
1340 2747 1487 2838 impedit
1521 2749 1703 2818 literarum
1734 2753 1867 2835 studia,
1912 2766 1945 2822 et
1977 2755 2016 2820 in
2041 2754 2170 2822 ociosis
2195 2752 2252 2820 alit
2300 2741 2301 2800 ἶ

243 2853 472 2946 gimusetiam
480 2851 628 2920 Lucium
636 2847 868 2944 Cyrenaeum,
882 2847 984 2921 Pauli
999 2851 1224 2942 discipulum,
1273 2849 1407 2916 luxum.
1458 2845 1703 2918 Mediocritate
1719 2863 1836 2924 tamen
1852 2875 1941 2942 opus
1956 2867 2025 2923 est:
2048 2867 2081 2924 et
2095 2853 2179 2946 quia
2194 2855 2252 2920 do·

241 2954 396 3046 primum
424 2951 584 3020 docuisse
610 2945 843 3040 Evangelium
875 2953 919 3020 sd
947 2949 1153 3022 Danubium
1187 2951 1225 3018 in
1274 2961 1386 3018 ctores
1413 2973 1536 3018 vacare
1569 2944 1652 3018 huic
1675 2971 1739 3020 suo
1762 2953 1902 3022 muneri
1932 2975 2005 3022 non
2031 2967 2199 3045 possunt,
2226 2954 2252 3019 si

243 3051 403 3144 Augusta
431 3051 622 3130 Tiberina,
660 3075 749 3144 quae
777 3073 872 3120 nunc
904 3065 956 3122 est
978 3049 1224 3140 Regensburg:
1273 3048 1405 3118 victum
1428 3047 1499 3119 sibi
1521 3061 1554 3119 et
1574 3049 1720 3120 familiis
1734 3051 1880 3121 aliunde
1895 3075 2063 3145 quaerere
2077 3067 2252 3143 cogantur,

244 3177 354 3247 eaque
376 3153 415 3220 in
438 3153 515 3220 loca
531 3151 669 3220 venisse
687 3173 768 3219 eum
783 3173 863 3221 curn
876 3148 1227 3222 Romanisexerciti-
1274 3161 1309 3218 et
1337 3147 1420 3240 quia
1442 3169 1614 3240 pauperes
1635 3149 1801 3241 discipuli
1830 3149 2049 3242 provehendi
2079 3169 2183 3238 sunt,
2213 3173 2252 3220 ue
2298 3235 2300 3246 ⁴

243 3257 328 3340 bus,
359 3253 421 3346 qui
450 3247 599 3324 Rbetias
632 3251 818 3336 tenebant,
858 3265 1133 3322 consentaneum
1164 3263 1225 3322 est.
1274 3247 1390 3318 desint
1409 3243 1576 3318 Ecclesiis
1598 3263 1763 3340 pastores.
1812 3251 1927 3322 Valde
1951 3255 2045 3323 enim
2060 3253 2251 3333 errautilli,
2299 3303 2300 3314 2

243 3353 366 3426 illusit
399 3349 633 3441 Evangelium
666 3347 957 3441 Argentoratensi
990 3351 1143 3444 populo,
1193 3367 1226 3420 et
1275 3349 1336 3441 qui
1353 3362 1508 3440 pastores
1529 3373 1568 3418 ex
1586 3351 1745 3442 quolibet
1769 3352 1866 3442 ligno
1884 3355 2012 3443 sculpi,
2037 3354 2250 3424 etsinelite-
2299 3347 2300 3373 ¹

242 3453 462 3546 Agrippinae
493 3450 682 3536 Coloniae,
727 3454 871 3522 doctore
903 3451 1089 3534 Materno,
1130 3451 1224 3521 Petri
1273 3449 1340 3533 ris,
1372 3448 1449 3518 sine
1476 3449 1579 3539 longa
1609 3450 1831 3522 institutione
1853 3455 2035 3542 religionis
2058 3456 2251 3526 doctrinam

243 3555 429 3648 discipulo.
486 3548 723 3644 Trophimum
744 3550 880 3622 Arelati
900 3553 1025 3638 luisse,
1050 3549 1226 3623 Eusebius
1274 3549 1392 3618 subito
1422 3550 1555 3642 percipi
1585 3573 1687 3641 posse
1712 3553 1901 3625 somniant.
1960 3553 2120 3624 Primum
2149 3573 2250 3644 genus

243 3668 407 3728 testatur:
433 3651 598 3725 Clemens
612 3651 790 3723 Meteuses
802 3655 846 3723 ad
860 3647 993 3724 Christi
1008 3654 1226 3744 agnitionem
1273 3650 1446 3719 sermonis
1478 3645 1673 3742 prophetici
1704 3665 1738 3721 et
1764 3653 1948 3744 apostolici
1977 3657 2251 3744 cognoscendum

244 3755 393 3828 vocavit.
449 3751 671 3826 Crescemmn
700 3755 801 3822 aiunt
830 3753 967 3822 venisse
989 3751 1227 3843 Moguntiam,
1275 3763 1337 3820 est.
1386 3747 1580 3820 Discendae
1596 3765 1679 3822 nant
1694 3753 1953 3843 igiturlinguae
1966 3767 2120 3840 veteres,
2142 3769 2175 3824 et
2186 3765 2250 3824 tota

244 3855 425 3940 Marcum,
448 3853 551 3925 Pauli
574 3853 805 3945 discipulum,
836 3853 983 3946 antiqua
998 3865 1227 3924 monumenta
1274 3851 1365 3922 ratio
1387 3851 1593 3920 formandae
1613 3853 1785 3923 orationis
1804 3859 2043 3943 cognoscenda
2058 3870 2127 3926 est:
2151 3875 2249 3948 quam

243 3953 421 4028 Ecclesiae
431 3952 668 4025 Psssaviensis
680 3954 723 4023 ad
735 3953 940 4025 Danubium
956 3967 1128 4025 testantur
1140 3979 1227 4024 con·
1274 3953 1318 4020 ad
1332 3975 1406 4020 rem
1422 3951 1526 4021 bonis
1545 3951 1748 4023 doctoribus
1770 3968 1926 4024 veterum
1945 3970 2249 4026 monumentorum

244 4059 526 4138 cinnatumesse,
552 4057 590 4124 in
607 4057 695 4125 urbe
709 4052 917 4138 luliobona,
942 4057 1144 4149 quaesedes
1159 4055 1227 4124 luit
1275 4052 1442 4132 lectione,
1473 4053 1621 4122 literatis
1641 4055 1830 4134 exercitiis,
1863 4055 2017 4149 denique
2040 4057 2145 4126 etiam
2168 4069 2248 4125 tem·

243 4155 411 4250 Episcopi
433 4158 471 4225 in
492 4155 645 4246 Norico,
673 4169 755 4225 ante
780 4155 966 4245 collegium
990 4154 1225 4226 Passaviense.
1276 4175 1359 4242 pore
1375 4173 1464 4242 opus
1479 4165 1541 4224 est.
1593 4153 1716 4224 Postea
1733 4156 1846 4224 maior
1860 4156 1962 4225 labor
1975 4159 2142 4228 succedit.
2182 4153 2248 4223 lla·

245 4256 318 4328 Tot
334 4257 450 4348 magui
465 4269 497 4326 et
513 4258 686 4348 sapientes
707 4255 776 4325 viri
795 4279 874 4326 cum
894 4256 932 4325 in
948 4254 1178 4327 Germaniam
1194 4271 1226 4326 et
1275 4255 1332 4323 bet
1351 4247 1504 4322 Ecclesia
1529 4276 1628 4322 suam
1646 4256 1823 4347 quandam
1843 4257 2051 4346 sapientiam
2066 4281 2172 4349 supra
2188 4251 2248 4322 hu·

182 4400 186 4406 *
246 4343 400 4428 Galliam
414 4357 594 4442 venerint,
619 4353 714 4427 haud
731 4355 839 4426 dubie
851 4356 1074 4448 praecipuam
1089 4357 1226 4428 studiu-
1274 4377 1377 4422 mana
1401 4353 1530 4422 iudicia
1553 4355 1713 4444 positam.
1763 4353 1880 4426 Habet
1904 4353 2039 4427 hostem
2064 4357 2246 4433 diabolum,

246 4481 324 4527 rum
340 4481 460 4528 curam
485 4453 703 4540 habueruut,
735 4469 774 4526 ut
790 4459 833 4526 ad
858 4470 1014 4547 posteros
1032 4481 1093 4546 per
1109 4453 1226 4527 homi·
1274 4455 1334 4548 qui
1353 4455 1502 4524 obruere
1519 4454 1700 4526 veritatem
1710 4469 1876 4526 conatur:
1903 4473 1935 4529 et
1952 4459 2062 4528 multa
2078 4473 2160 4528 sunt
2175 4477 2245 4546 pra-

246 4579 307 4629 nes
334 4571 427 4629 recte
449 4557 644 4642 institutos,
675 4569 709 4626 et
723 4555 837 4626 solide
854 4560 977 4628 doctos
991 4555 1224 4647 Evangelium
1273 4579 1315 4624 va
1338 4555 1500 4643 ingenia,
1533 4578 1623 4647 quae
1649 4555 1705 4624 vel
1728 4558 1940 4648 petulantia,
1972 4560 2028 4628 rel
2052 4559 2244 4634 ambitione,

243 4672 504 4752 propagaretur.
554 4654 632 4728 Etsi
647 4670 761 4727 autem
777 4669 894 4750 postea
913 4659 1130 4748 temporibus
1144 4660 1226 4728 bar·
1273 4650 2134 4750 velpoloveaxes'qversssententiascormmpunt.
2162 4655 2243 4726 lbe-

243 4760 372 4832 baricis
394 4783 474 4828 cum
500 4756 710 4846 vandalica,
737 4755 920 4844 Hunnica,
947 4755 1114 4828 Francica
1132 4759 1224 4854 bella
1272 4770 1357 4826 runt
1379 4755 1487 4844 igitur
1501 4757 1666 4826 omnibus
1685 4758 1857 4827 aetatibus
1876 4760 2065 4828 acerrimae
2082 4761 2119 4827 in
2135 4753 2242 4826 Eccle-

242 4883 385 4952 magnas
406 4860 582 4930 vastitates
598 4859 777 4944 iecissent,
807 4871 923 4929 vetera
939 4859 1087 4946 collegia
1104 4883 1223 4928 eversa
1273 4857 1323 4925 sia
1346 4855 1599 4928 contentiones.
1660 4852 1763 4948 Opus
1787 4871 1839 4928 est
1852 4872 1970 4930 autem
1993 4861 2037 4928 acl
2055 4853 2241 4950 explicatio-

242 4976 340 5034 aunt:
385 4977 503 5034 tamen
537 4961 798 5055 qualescunque
828 4959 999 5055 reliquiae
1026 4956 1223 5039 Ecclesiae,
1271 4977 1352 5024 nem
1368 4957 1685 5027 controversiarum
1701 4958 1951 5043 maximarum,
1976 4983 2049 5028 non
2069 4955 2240 5029 solumin-

242 5087 333 5155 quae
364 5074 587 5154 supererant,
626 5085 743 5131 carere
777 5059 887 5132 literis
916 5085 989 5130 non
1023 5075 1223 5151 potuerunt.
1272 5057 1366 5146 genii
1386 5057 1593 5127 dexteritate
1618 5071 1651 5126 et
1673 5057 1842 5127 mediocri
1860 5060 2062 5148 cognitione
2076 5073 2237 5129 sacrorum

240 5161 380 5236 Rursus
402 5164 511 5254 igitur
525 5163 669 5252 collegia
685 5158 944 5233 Canonicorum
963 5173 997 5231 et
1013 5163 1222 5232 monasteria
1271 5159 1465 5236 librorum,
1499 5159 1558 5225 sed
1581 5158 1684 5226 etiam
1709 5156 1915 5249 disputandi
1939 5174 2031 5244 arte,
2059 5160 2155 5251 copia
2170 5175 2237 5224 ora-

240 5265 381 5335 eondita
395 5277 497 5350 sunt,
519 5277 646 5334 etcum
662 5259 1134 5353 incollegiisCsnonicorum
1148 5275 1222 5332 stu·
1271 5259 1397 5340 tionis,
1421 5255 1553 5326 noticia
1571 5251 1758 5343 historiae,
1784 5261 2015 5354 antiquitatis,
2042 5274 2077 5330 et
2098 5273 2234 5329 vetemur

239 5363 300 5432 dia
313 5363 591 5452 negligerentur,
617 5367 710 5458 quod
735 5377 848 5436 essent
870 5362 1032 5454 occupati
1048 5385 1169 5452 regum
1188 5377 1223 5432 et
1270 5359 1494 5428 iudiciorum.
1546 5351 1599 5428 Ac
1622 5373 1737 5429 tantas
1750 5381 1806 5430 res
1829 5361 1891 5430 diu
1906 5363 2127 5455 multumque
2142 5357 2234 5446 agita-
