4688 5826
32 1019 37 1028 -
152 1023 154 1028 .
239 954 291 1030 Et
310 955 414 1025 falsas
438 948 626 1042 opiniones
649 957 785 1014 secutae
807 954 891 1012 sunt
913 941 1104 1027 factiones,
1130 940 1236 1011 dissi-

233 271 306 352 271
682 263 845 341 DECL.
893 259 971 341 DE
998 257 1308 344 PUllle'l'E
1342 265 1694 352 DOCTRINAE
1721 291 1817 356 rte.
1974 197 1987 212 ‘
2023 363 2026 370 Ι
2071 329 2074 337 .
2202 279 2272 356 272
2328 249 2329 344 l

237 443 381 521 iudicia.
439 437 623 510 Postruno
644 445 682 504 et
697 428 876 524 Rcrnpub·
899 430 1020 500 animo
1038 427 1233 518 intuentur,
1280 431 1349 506 No.
1366 435 1429 512 87.
1888 497 1890 502 ,
2059 461 2061 466 -
2104 471 2157 515 ,θ’
2179 451 2270 522 153⁶·

238 548 436 624 consideret
460 545 548 612 dnae
575 559 649 607 esse
670 547 784 628 pestes
806 529 984 604 Ecclesiae
1012 546 1060 603 et·
1076 529 1235 624 Reipub.
1283 551 1424 584 Μ
2097 559 2265 592 Μ
2328 567 2329 572 1

238 649 465 748 praecipuas,
493 638 738 736 Tyrannidem
753 631 1039 728 etSophisticen,
1065 637 1124 704 sed
1142 630 1234 706 hauc
1437 655 1515 744 De
1536 659 1746 772 puritate
1776 659 2013 746 dominae
2040 673 2126 748 etc·
2328 647 2329 658 ι

179 823 182 830 .
239 753 356 827 multo
375 745 616 820 nocentiorem
638 737 857 834 Tyranoide.
909 732 1094 807 Omnibus
1108 737 1236 808 seculis

240 850 441 948 sophistica
473 843 791 916 contaminantes
821 839 1006 930 dissipavit
1033 839 1235 930 religiones.
1351 831 1603 974 tnpntpsnar.
1617 831 1637 886 ¹·
1651 849 1678 904 a
1692 833 1752 906 ⁴⁷·‚
1776 831 1896 892 seam
1913 837 1936 893 1·
1956 855 1985 912 ι.
2000 837 2062 908 ⁴1..
2080 837 2215 896 uicina
2230 839 2272 898 ιιι.
2328 869 2329 922 ;

241 1061 319 1144 die,
349 1055 491 1132 caedes,
524 1049 635 1131 bella,
671 1045 902 1134 imperiorum
931 1045 1163 1123 mutationes,
1195 1038 1234 1112 iu

242 1161 373 1258 quibus
389 1151 484 1226 nihii
507 1149 593 1222 mali
611 1172 685 1218 nou
703 1147 811 1232 inest3
844 1145 976 1238 spargit
989 1146 1084 1214 euim
1098 1143 1234 1215 Diabo-

242 1266 299 1335 lus
314 1255 498 1330 mendacia
511 1249 828 1346 tanquamsemina
838 1262 1053 1318 caeterarum
1069 1249 1239 1318 cladium.

243 1364 342 1456 Quid
359 1359 455 1456 quod
471 1356 609 1428 animae
626 1353 731 1422 etiam
747 1353 1085 1420 dementataernuut
1099 1350 1137 1418 in
1154 1373 1235 1440 per-
1338 1435 1343 1448 Ι
2328 1409 2329 1424 ¹

242 1463 398 1538 nicieru?
434 1457 489 1532 Ac
504 1457 574 1527 dici
589 1479 662 1524 nou
676 1466 810 1546 potest,
837 1475 943 1546 quam
958 1452 1059 1520 facile
1073 1452 1236 1521 saucien-
1283 1437 1374 1522 Nou
1390 1451 1552 1521 existimo
1569 1475 1588 1522 a
1606 1475 1663 1522 me
1679 1455 1872 1545 postulari,
1896 1471 1936 1526 ιιι
1961 1481 2135 1548 exponam
2160 1481 2274 1530 causas
2328 1441 2329 1528 l

242 1577 471 1646 tumentes,
497 1571 628 1653 quauta
645 1555 833 1649 prudentia
850 1554 1017 1646 opussit,
1043 1568 1234 1624 nearecto
1285 1553 1425 1622 consilii
1447 1554 1560 1624 nostri
1585 1555 1624 1624 iu
1647 1559 1902 1647 promovendis
1922 1557 2141 1630 Doctoriboe
2160 1557 2274 1630 Evau-

242 1664 595 1757 curandepelleutur.
650 1654 813 1730 Christus
829 1657 986 1728 minatur
1002 1657 1236 1726 atrocissimas
1269 1657 1385 1746 gelli,
1420 1679 1501 1726 cum
1523 1681 1564 1726 ex
1586 1651 1656 1727 boc
1677 1659 1754 1748 ipso
1774 1660 1852 1730 loco
1877 1685 1954 1731 nou
1974 1664 2082 1732 semel
2099 1677 2276 1733 osmnsurr
2328 1679 2329 1716 ι

243 1792 376 1868 poenas
396 1764 470 1850 his,
501 1765 562 1858 qui
584 1759 815 1854 parvulorum
843 1771 980 1828 ruentes
1005 1757 1170 1842 laedunt,
1202 1771 1233 1826 et
1285 1757 1348 1844 sit,
1375 1783 1394 1828 a
1418 1759 1628 1830 doctissimis
1648 1755 1882 1841 viris,'hunc
1903 1787 2039 1832 urorera
2067 1761 2274 1854 abolentur,
2328 1787 2329 1834 ι

243 1874 377 1969 iuquit:
411 1867 487 1938 Vae
511 1863 649 1935 homini
669 1885 732 1955 per
754 1885 857 1954 quem
874 1860 1003 1930 accidit
1019 1859 1236 1932 scandalum.
1286 1875 1325 1930 ιιι
1354 1860 1397 1944 ii,
1431 1861 1493 1954 qui
1520 1876 1694 1932 vocantur
1722 1864 1767 1932 ad
1803 1866 2003 1935 docendum
2032 1863 2276 1957 Evangelia»,

1284 1083 1414 1152 Oratio
1438 1073 1494 1149 D.
1525 1079 1702 1151 Doctoria
1728 1071 2000 1180 Crucigeri,
2037 1083 2272 1182 depereunte

1282 1183 1481 1255 doctrinae
1507 1186 1548 1254 ia
1570 1183 1740 1257 Ecclesia
1765 1187 2039 1278 consonando,
2073 1195 2113 1264 ia
2130 1211 2273 1284 promo·

1317 1289 1418 1357 tione
1443 1287 1653 1357 Doctorum
1682 1285 1906 1388 Theolopice
1932 1289 2078 1366 leobitc.
2139 1291 2245 1368 ibid.
2328 1329 2329 1388 ι

112 1967 120 1974 ’
242 1973 339 2048 Haec
352 1967 501 2066 periculi
517 1967 724 2056 magnitudo
740 1962 1006 2031 maximedebet
1023 1985 1087 2030 uos
1102 1962 1238 2031 exusci-
1287 1963 1429 2054 publico
1453 1963 1657 2035 testimonio
1679 1975 1854 2036 ornentur
1874 1967 2038 2037 uuuimir'
2059 1982 2095 2038 et
2121 1991 2275 2038 nereus.

242 2095 335 2159 tare,
365 2089 399 2144 et
422 2093 543 2142 curam
566 2091 690 2138 acuere
710 2063 887 2148 discendi,
919 2078 960 2134 nt
983 2087 1064 2132 vera
1083 2077 1117 2146 et
1135 2063 1235 2133 utilia
1285 2063 1349 2134 riis
1370 2069 1414 2132 de
1436 2065 1570 2147 causis,
1604 2069 1891 2138 conservandum
1914 2091 2000 2140 esse.
2060 2067 2162 2160 Quia
2187 2071 2274 2142 erden

241 2175 419 2253 Ecclesiae
439 2193 696 2265 proponamus;
730 2166 961 2260 nequeenim
984 2165 1061 2234 sine
1083 2167 1236 2234 maximo
1290 2166 1482 2258 plurimum
1506 2165 1613 2237 refert
1632 2169 1670 2237 iu
1694 2165 1871 2255 Ecclesia,
1896 2172 1958 2264 qui
1980 2174 2027 2242 ad
2040 2173 2275 2244 ministerium
2328 2199 2329 2260 ι

241 2282 384 2366 studio,
408 2277 484 2346 siue
498 2273 688 2346 multarum
705 2292 824 2338 rerum
845 2283 951 2360 atque
967 2269 1097 2338 artium
1115 2267 1238 2356 cogni-
1287 2269 1438 2339 docendi
1459 2263 1646 2358 Evangelii
1680 2271 1982 2355 necessarimm,
2023 2275 2223 2345 doctrinam
2244 2289 2278 2347 et
2328 2277 2329 2328 ἶ

243 2387 359 2466 tione,
390 2379 469 2448 siue
488 2376 596 2464 longo
618 2397 686 2444 usu
711 2371 857 2440 formari
880 2368 1011 2439 iudicia
1034 2372 1078 2438 de
1101 2367 1239 2459 magnis
1288 2394 1402 2441 mores
1429 2371 1538 2461 probe
1562 2371 1722 2461 cognitos
1738 2393 1829 2458 esse,
1854 2388 1888 2443 et
1905 2373 2038 2446 Parius
2056 2389 2275 2472 vetatqneu-
2328 2359 2329 2424 l

243 2489 523 2574 rebuspossunt.
575 2471 628 2546 Ac
644 2495 781 2564 semper
795 2473 900 2542 uobis
916 2471 983 2562 ipsi
997 2471 1237 2552 subiiciamus,
1288 2497 1392 2566 quam
1416 2471 1486 2540 nisi
1507 2485 1589 2541 arete
1610 2474 1831 2564 exploratum
1854 2479 1900 2544 ad
1915 2479 2117 2548 docmdmn
2132 2477 2275 2565 admitti,
2328 2489 2329 2558 ζ

244 2613 325 2661 cum
340 2581 426 2656 haec
440 2580 596 2674 pericula
615 2579 659 2647 de
673 2577 803 2669 quibus
817 2573 1050 2643 concionatur
1064 2567 1239 2657 Christus,
1287 2599 1328 2646 ac
1350 2574 1447 2642 iubet
1468 2575 1703 2668 requirendos
1717 2599 1790 2646 esse
1811 2571 1974 2648 homines
1985 2579 2126 2664 fideles,
2154 2583 2274 2652 etidc-

244 2707 321 2764 turn
338 2687 444 2757 etiam
467 2705 572 2776 quam
591 2679 746 2749 iucunda
762 2673 866 2746 bouis
880 2677 1061 2745 mentibus
1084 2675 1129 2745 sit
1145 2674 1239 2744 veri-
1288 2699 1373 2746 neos
1386 2677 1432 2745 ad
1450 2677 1670 2763 docendum,
1692 2679 1823 2771 quibus
1837 2684 2107 2754 commendetur
2120 2685 2279 2755 ministe-
2328 2715 2329 2764 ι

245 2808 319 2875 tas,
344 2799 518 2882 quantum
535 2783 626 2852 vitae
644 2779 859 2872 praesidium
876 2779 922 2846 sit
941 2777 1241 2848 inomuibusne-
1289 2780 1400 2848 mum:
1431 2800 1497 2847 uos
1524 2803 1666 2872 quoque
1689 2795 1828 2871 oportet
1844 2780 2170 2876 religioseoperam
2188 2790 2276 2872 dare,

158 2901 172 2982 ¹.
246 2893 375 2992 gociis,
407 2909 523 2984 quarn,
540 2885 646 2975 digna
676 2883 789 2972 virtus
819 2880 923 2950 bonis
945 2879 1049 2964 viris,
1082 2877 1241 2957 veritatis
1288 2897 1347 2965 ιιι,
1372 2903 1418 2948 ne
1436 2881 1675 2970 inexploratos
1692 2885 1737 2952 ad
1754 2883 1954 2954 docendum
1971 2889 2172 2980 irrumpere
2188 2891 2275 2958 sina·-
2328 2917 2329 2944 ι

245 3017 356 3068 amor.
406 2989 610 3080 Cogitemus
623 2979 881 3073 Philosophum
905 3005 980 3050 esse
1001 3004 1074 3050 nou
1092 2981 1242 3074 praesti*
1289 3005 1386 3065 mus,
1419 3005 1479 3050 cos
1501 3003 1654 3074 quorum
1682 2981 1858 3060 industria
1890 3011 1931 3056 ac
1959 2989 2115 3059 studium
2144 2991 2276 3081 ριιιιιιίι

246 3099 417 3190 giatorem
432 3086 731 3182 autEurybatum
746 3085 919 3178 aliquem,
945 3085 1004 3153 sed
1029 3081 1240 3178 φιλαληθῆ.
1289 3085 1394 3154 nobis
1422 3084 1614 3174 probatur,
1646 3099 1764 3156 vestro
1785 3086 2172 3163 testimouioEcelesiis
2188 3119 2276 3163 com-

246 3201 407 3273 Sciamus
421 3205 543 3264 nostro
559 3187 679 3261 ordini
695 3188 975 3258 commendatam
990 3209 1063 3254 esse
1082 3185 1241 3254 veritatis
1269 3188 1510 3267 „mandemus
1562 3183 1652 3256 Cum
1672 3190 1768 3257 enim
1784 3185 1871 3260 haec
1886 3192 1932 3262 sit
1953 3193 2093 3283 publice
2109 3200 2277 3286 quaedam
2328 3181 2329 3260 J

247 3295 510 3378 defensionem,
561 3291 800 3383 expendamus
833 3300 1004 3381 qnantum
1039 3287 1084 3357 sit
1117 3287 1240 3370 scelus,
1290 3289 1446 3372 vocatio,
1473 3311 1613 3358 necesse
1638 3304 1745 3362 estet
1771 3291 1953 3382 publicum
1979 3295 2277 3381 testimouiumad
2328 3325 2329 3380 g

246 3401 339 3476 hauc
360 3399 566 3476 stationem,
600 3394 638 3462 iu
656 3414 805 3487 quama
828 3387 971 3482 Repub.
994 3389 1156 3459 collocati
1180 3411 1242 3458 su-
1291 3415 1367 3459 eam
1395 3389 1571 3463 accedere.
1629 3389 1700 3462 Sed
1728 3395 1896 3485 quoniam
1928 3397 2091 3466 existirao
2122 3413 2274 3470 nostrum
2328 3401 2329 3486 ᾖ

246 3529 345 3592 mus,
377 3504 545 3573 deserere.
604 3493 748 3566 Habent
777 3507 893 3586 aretem
918 3491 1100 3562 interdum
1122 3491 1241 3560 illece-
1291 3491 2014 3587 consiliumanemiuesauoreprebeudi‚
2042 3501 2278 3580 uouiudicavi

247 3613 329 3680 b'ras
362 3605 470 3691 [aleae
506 3599 710 3691 opiniones,
758 3595 951 3664 adulantur
988 3593 1242 3686 cupiditatibus
1291 3597 1392 3664 deeo
1411 3595 1573 3686 pluribus
1589 3596 1782 3665 dicendum
1806 3619 1890 3670 esse.
1945 3598 2176 3672 Cumautem
2193 3597 2279 3671 nihi
2328 3605 2329 3656 ι

247 3707 397 3790 uostris,
423 3701 632 3785 ambitioni,
656 3697 918 3790 superstitioni,
945 3696 1111 3768 autaliis.
1163 3691 1240 3764 Ad·
1292 3700 1413 3766 datum
1431 3696 1477 3766 sit
1492 3698 1676 3784 negocium
1699 3699 1745 3766 de
1769 3703 2026 3790 marepablico
2050 3699 2278 3776 hoclocodi.

249 3803 449 3908 versusbas
463 3803 611 3874 iusidias
626 3801 868 3871 obliuuaudus
889 3813 941 3867 est
962 3797 1120 3880 animus,
1146 3809 1180 3866 et
1196 3795 1242 3862 il-
1292 3797 1415 3876 cendi,
1441 3797 1506 3865 etsi
1530 3821 1604 3865 nou
1625 3799 1752 3885 ignoro
1774 3825 1833 3870 me
1855 3815 1889 3871 et
1902 3805 2123 3892 elocutione,
2157 3823 2191 3877 et
2206 3805 2277 3876 aliis

249 3915 311 3986 lud
335 3907 521 4000 Euripidis
543 3917 765 3998 praeceptum
789 3900 1002 3984 tenendum,
1036 3901 1132 3991 quod
1157 3894 1243 3967 Ari-
1292 3898 1518 3970 facultatibus
1543 3901 1664 3970 multis
1687 3903 1804 3972 modis
1824 3904 1995 3996 imparem
2014 3929 2087 3976 esse
2103 3905 2278 4000 hnicpro-
2328 3935 2329 3990 ι

207 4071 214 4090 ,
248 4011 392 4088 stoteles
407 4007 573 4102 proponit
598 4001 673 4089 his,
696 4003 757 4098 qui
774 4003 906 4094 populo
930 4001 1189 4070 concionantur
1204 3999 1241 4066 iu
1293 4001 1447 4083 vinciae,
1480 4014 1512 4070 ct
1537 3995 1630 4071 nihil
1651 4001 1777 4072 afferre
1793 4029 1915 4097 posse,
1942 4011 2111 4100 quodvel
2130 4013 2276 4082 nonime

249 4115 469 4190 ciuitatibus:
503 4103 555 4204 μή
569 4131 635 4202 μοι
656 4101 704 4178 τὰ
720 4097 851 4200 aeduum
868 4099 965 4202 λέγε,
994 4091 1157 4174 liedda
1176 4092 1242 4172 πό·
1293 4115 1327 4174 et
1345 4102 1454 4192 gratia
1476 4103 1693 4190 argumenti,
1716 4105 1772 4174 vel
1791 4112 2097 4183 commendatione
2113 4113 2277 4184 orationis

251 4227 301 4292 let
314 4213 380 4290 dei.
406 4244 408 4250 ¹
431 4213 486 4284 Ne
500 4210 702 4304 plausibilia
720 4209 832 4291 dicas,
857 4213 915 4276 sed
931 4206 1062 4304 quibus
1073 4225 1163 4296 opus
1179 4197 1244 4271 ba·
1293 4205 1431 4296 placere
1448 4205 1577 4295 possit,
1599 4220 1717 4276 tamea
1733 4208 1815 4300 quia
1830 4225 1975 4301 propter
1990 4215 2169 4305 publicam
2184 4230 2276 4286 aneo-

249 4325 310 4394 bet
331 4318 463 4389 civitae.
519 4311 616 4382 Haec
641 4311 813 4380 inculcare
832 4308 959 4377 animis
981 4307 1108 4398 optimi
1124 4305 1243 4375 adole-
1293 4307 1450 4391 ritatem,
1476 4329 1581 4399 qnam
1596 4304 1686 4376 mibi
1710 4311 1904 4382 detrectare
1919 4335 1993 4384 nou
2013 4317 2082 4410 Ιιιιιι
2097 4318 2276 4409 integrum,

250 4435 404 4504 scentes,
439 4437 522 4486 uam
546 4413 663 4484 studia
682 4425 795 4482 vestra
817 4433 890 4480 uon
908 4422 1044 4479 tantiam
1062 4409 1106 4476 ad
1125 4407 1243 4498 priva·
1294 4409 1430 4502 aliquid
1456 4409 1647 4478 dicendum
1669 4423 1739 4496 est,
1771 4415 1877 4484 statui
1893 4415 1931 4482 in
1951 4419 2148 4508 praeseutia
2171 4441 2275 4490 saera·

250 4543 303 4598 tas
324 4521 495 4594 utilitates
517 4530 666 4600 vestras,
702 4515 763 4583 sed
793 4514 838 4582 ad
861 4525 971 4582 totam
996 4508 1175 4601 Rempub.
1198 4510 1242 4578 ad
1294 4529 1373 4581 rum
1391 4511 1574 4579 literarum
1589 4513 1786 4596 studiosos,
1817 4529 1851 4585 et
1871 4518 1934 4611 qui
1950 4519 1994 4587 ad
2011 4522 2208 4592 docendum
2224 4544 2274 4590 ac·

202 4633 206 4638 .
251 4627 400 4720 gloriam
433 4619 521 4704 Dei,
570 4619 614 4688 ad
648 4613 825 4686 Ecclesiae
866 4613 1015 4683 salntem
1055 4612 1243 4704 pertinent.
1295 4613 1426 4682 cessuri
1449 4625 1549 4696 suut,
1586 4615 1778 4686 admouere
1800 4618 1845 4687 de
1868 4641 1934 4688 suo
1953 4621 2090 4708 officio,
2123 4638 2163 4694 ut
2187 4633 2276 4716 post.

252 4729 357 4820 Quod
385 4747 465 4794 crim
488 4719 703 4811 cogitabitis,
734 4719 869 4786 maiore
892 4739 975 4785 cura
999 4715 1041 4782 ad
1066 4727 1243 4784 tantarum
1295 4737 1400 4808 quam
1434 4735 1572 4783 summo
1606 4716 1664 4784 dei
1696 4719 1885 4806 beneficio,
1924 4716 1993 4792 hoc
2018 4737 2175 4817 tempore
2196 4745 2275 4818 pura
2328 4709 2329 4712 ¹

250 4855 371 4903 rerum
405 4825 645 4896 defensionem
682 4818 793 4889 animi
826 4829 932 4887 eruut
965 4816 1166 4886 instruendi
1205 4839 1245 4884 ac
1294 4813 1483 4905 Evangelii
1527 4817 1686 4886 doctriua
1727 4835 1895 4892 renovata
1930 4829 1976 4894 'ac
2017 4827 2175 4900 restituta
2215 4837 2276 4908 est,

251 4917 502 5028 praeparandi.
552 4923 672 5016 Atque
696 4917 759 4990 bas
784 4943 904 4990 causas
920 4919 958 4988 in
974 4918 1080 4989 bouis
1094 4917 1246 5008 ingeniis
1295 4920 1779 5008 omuessuascogitatioues‚
1805 4930 2276 5000 euraaeeggugtflconfmne

251 5037 445 5128 plurimum
463 5027 580 5098 valere
593 5047 716 5115 spero,
743 5047 833 5116 quae
849 5026 945 5092 decet
962 5021 1118 5112 prolecto
1134 5017 1246 5088 ma'xi-
1296 5023 1337 5089 ad
1358 5021 1635 5089 conservandam
1656 5021 1693 5090 iu
1709 5019 1865 5094 Ecclesia
1883 5030 2073 5118 parcitatem
2094 5031 2275 5112 doctrinae,

252 5163 308 5208 me
332 5151 365 5206 et
382 5135 562 5204 voluntate
578 5125 666 5211 Dei,
691 5140 726 5196 et
748 5123 1086 5194 comminationibus
1103 5122 1247 5206 divinis,
1296 5145 1334 5192 ac
1350 5123 1579 5192 meminerint
1593 5123 1663 5192 sibi
1679 5147 1793 5199 uuum
1814 5121 1910 5199 huuc
1933 5132 2047 5202 fiuem'
2063 5135 2274 5227 propositum

253 5253 287 5310 et
305 5234 471 5330 periculis
487 5230 657 5326 publicis,
684 5242 718 5298 et
742 5229 816 5320 ipsa
831 5251 951 5298 rerum
976 5224 1146 5316 dignitate
1166 5247 1245 5293 ruo-
1296 5247 1390 5310 esse,
1423 5225 1465 5294 ad
1491 5245 1596 5317 quem
1628 5247 1766 5318 semper
1791 5246 1964 5322 spectare,
1999 5249 2033 5306 ,g
2064 5261 2136 5330 qno
2167 5232 2274 5305 omni,

253 5341 340 5413 veri·
391 5337 485 5408 Dixi·
1296 5339 1417 5396 noster
1431 5347 1554 5395 cursus
1568 5331 1781 5399 contendere
1796 5334 1932 5406 debeat.
1974 5335 2071 5408 Haec
2085 5335 2273 5409 adhortatio

260 5454 264 5468 '
1297 5451 1402 5523 quam
1434 5429 1628 5500 necessaria
1658 5431 1720 5518 sit,
1759 5437 1964 5525 praesertim
1996 5433 2064 5511 boo
2093 5439 2273 5512 novissimo
