4614 5820
197 247 273 327 no
686 237 854 318 osen.
882 235 958 316 nn
983 233 1385 349 rursaaronr.
1412 238 1672 344 tonrouu
1705 245 1736 321 1.
2157 253 2233 332 sao

205 441 429 518 nequaqnam
451 441 473 488 a
495 439 531 488 se
550 416 642 486 male
663 413 827 486 faciendo
853 413 985 486 minui:
1009 415 1069 488 sed
1098 415 1201 486 iustis
1250 413 1406 488 militum
1420 415 1850 510 quinquagintamilibus,
1868 447 1939 516 qua
1951 426 2152 516 proximum
2168 445 2238 502 erat

208 523 382 598 decausis
405 519 525 608 augeri
548 517 717 588 etornari
732 516 948 608 plurimum,
971 529 1080 610 atque
1099 518 1200 587 omni
1251 518 1337 598 iter,
1372 517 1412 586 in
1441 517 1578 588 ltaliam
1606 523 1801 596 contendit.
1858 521 1939 596 Huc
1968 551 2047 598 cnm
2078 529 2239 615 venisset,

210 627 328 698 studio
356 621 498 693 defendi
529 619 707 713 publicam
736 641 856 711 pacem
881 619 925 688 ad
958 619 1199 688 defensionem
1251 619 1374 690 statuit
1394 619 1549 710 primurn
1571 644 1651 690 cum
1675 619 1878 712 Bemgariis
1902 629 2037 717 praelio
2052 632 2238 715 decertare,

210 725 352 820 imperii
369 721 524 795 Romani
541 719 781 792 necessariam.
832 717 927 789 Tum
943 720 1048 791 etiam
1065 744 1200 814 nequa·
1252 744 1342 814 quos
1369 744 1450 790 cum
1476 719 1663 814 reperisset
1694 726 1837 816 oppidis
1866 731 2128 818 secontinere,
2170 759 2237 802 non

211 853 318 925 quarn
340 825 631 897 committendum
654 844 747 907 esse,
772 833 830 900 ut,
855 821 918 914 qni
937 845 1018 892 suas
1039 821 1200 894 fortunas
1251 823 1405 892 facturos
1432 823 1489 892 sni
1515 835 1720 913 potestatem
1741 825 1970 920 lmperatori,
2002 833 2115 924 captis
2140 835 2240 924 oppi.

212 931 323 1023 ipsius
340 927 421 998 lidei
443 925 701 1018 permisissent,
720 925 766 994 ab
783 919 998 1016 Imperatore
1014 945 1078 1016 per
1095 925 1200 994 fidem
1252 923 1328 1008 dis,
1353 924 1503 1014 imperat
1525 923 1760 1018 Berogarium
1777 925 1879 1002 ltalia
1892 932 2060 1004 decedere
2073 959 2155 1005 cum
2170 936 2240 1004 lilio

213 1028 442 1104 circumventi
460 1027 672 1100 dicerentur.
1252 1021 1415 1096 Alberto.

316 1131 431 1202 Venio
446 1131 490 1198 ad
507 1125 689 1199 historiam
711 1148 829 1225 rerum
848 1123 1070 1210 Italicarum,
1096 1151 1201 1221 qoam
1354 1125 1471 1196 Pulsis
1503 1124 1604 1200 ltalia
1626 1127 1830 1222 Berugariis
1857 1147 1950 1204 recta
1982 1159 2064 1206 eom
2089 1139 2240 1208 exercitu

214 1231 331 1306 hocin
346 1234 423 1303 loco
437 1231 589 1300 maxime
604 1242 792 1300 statueram
808 1251 992 1319 exponere.
1044 1224 1201 1300 HocOt·
1253 1223 1407 1300 Romam
1433 1230 1633 1315 contendit,
1666 1233 1710 1300 de
1732 1235 1838 1304 rebus
1851 1231 2029 1306 Ecclesiae
2046 1239 2240 1310 collocutu-

215 1349 298 1406 tone
312 1334 544 1426 Imperatore,
568 1326 762 1400 Ecclesiam
777 1331 935 1400 moribus
949 1331 1142 1423 improbis,
1167 1343 1203 1402 et
1254 1352 1315 1398 rus
1331 1353 1413 1398 cum
1427 1327 1597 1402 Pontiflce
1613 1329 1818 1422 lmperator.
1856 1333 1946 1420 Ubi,
1970 1363 2051 1408 cum
2064 1341 2237 1431 praesidia

214 1439 309 1508 vitae
334 1433 556 1528 turpitudine
587 1431 780 1525 plurimum
817 1431 1036 1502 deformabat
1065 1431 1202 1504 Romae
1253 1431 1396 1521 disponi
1420 1419 1592 1514 curasset,
1618 1455 1691 1524 quo
1713 1435 1869 1520 facilins,
1899 1439 1930 1508 si
1960 1440 2047 1532 quid
2076 1444 2241 1512 adversus

215 1535 433 1610 Octavianus
446 1535 614 1628 pontifex.
665 1529 754 1602 Erat
774 1526 880 1602 homo
894 1533 1035 1604 deditus
1051 1533 1151 1604 luxui
1168 1545 1203 1602 et
1254 1531 1501 1623 imperatorem
1518 1547 1705 1604 conaretur
1719 1540 1895 1626 pontifex,
1916 1536 2101 1630 prohiberi
2119 1557 2242 1633 posset,

214 1642 327 1725 aleae,
348 1641 513 1732 quodque
525 1633 693 1729 consequi
706 1633 939 1720 necessefuit,
957 1657 1085 1724 ganeo,
1106 1657 1199 1706 scor·
1254 1647 1386 1702 secreto
1409 1657 1490 1704 cum
1507 1633 1676 1705 Pontifice
1697 1638 1930 1730 colloquitur,
1964 1643 2070 1712 simul
2087 1667 2241 1712 commo-

213 1755 329 1827 tator,
354 1741 537 1832 periurus,
562 1731 799 1828 blasphemus.
854 1731 1055 1806 Damnabat
1078 1736 1202 1806 coniu—
1254 1735 1401 1818 nefaeit,
1427 1759 1517 1827 quae
1530 1761 1571 1806 ex
1589 1737 1765 1808 bonorum
1780 1742 1939 1812 virorum
1960 1743 2072 1812 literis
2087 1745 2241 1832 deflagi-

216 1845 312 1934 gium
333 1842 372 1910 in
401 1839 660 1922 sacerdotibus,
688 1859 777 1930 quos
806 1836 979 1928 comperit
1007 1859 1203 1930 repugnare
1254 1835 1313 1906 tiis
1329 1833 1510 1906 Pontificio
1525 1839 1764 1927 cognovisset,
1790 1855 1826 1912 et
1848 1867 1937 1936 quac
1954 1845 2069 1933 palam
2096 1846 2241 1938 quisque

215 1968 299 2015 suae
327 1943 491 2026 libidini,
524 1935 581 2010 his
610 1938 814 2029 regionibus
845 1949 880 2008 et
900 1937 1001 2007 omni
1020 1935 1121 2008 ltalia
1144 1938 1203 2006 in·
1255 1939 1299 2006 de
1320 1960 1363 2006 eo
1387 1939 1481 2028 apud
1505 1961 1542 2008 se
1562 1939 1718 2010 dixisset.
1770 1939 1930 2012 Primum
1949 1945 2104 2035 benigne
2126 1947 2242 2038 appel-

216 2045 372 2118 terdixit.
424 2041 585 2114 Fuerunt
606 2054 722 2112 autem
745 2054 821 2111 tum
838 2039 930 2110 forte
945 2063 986 2108 ex
1001 2036 1204 2110 Cardinali-
1256 2037 1364 2107 lando
1379 2052 1479 2130 rogat
1496 2034 1694 2125 bominem,
1715 2043 1769 2113 uti
1795 2039 1971 2114 Ecclesiae
1984 2061 2196 2116 ornamento
2212 2061 2242 2117 et

216 2150 283 2218 bus
300 2143 534 2230 duoRomae,
559 2165 648 2236 quos
662 2141 718 2212 vel
732 2139 902 2240 grandior
911 2151 1021 2221 aetas,
1045 2143 1102 2210 vel
1117 2163 1204 2212 con·
1255 2139 1431 2230 praesidio
1450 2163 1524 2210 esse
1543 2141 1646 2226 velit,
1671 2166 1745 2212 non
1761 2145 1979 2216 detrimento
1989 2148 2046 2216 vel
2065 2148 2242 2232 dedecori,

216 2248 362 2320 scientia
380 2247 485 2316 etiam
505 2245 693 2314 meliorum
710 2242 940 2327 admonebat,
965 2242 1028 2334 qui
1043 2241 1204 2314 ferebant
1254 2239 1493 2334 cogitarctque
1509 2241 1603 2313 vitae
1616 2243 1884 2316 sanctimoniam
1898 2249 2021 2318 decere
2037 2247 2242 2318 Pontificem

217 2348 370 2441 graviter
398 2343 489 2417 hanc
513 2343 659 2437 Epicuri
681 2343 790 2414 vitam
818 2341 856 2410 in
882 2343 1068 2434 pontifice,
1102 2344 1202 2414 cuius
1254 2361 1334 2412 cum
1356 2341 1527 2431 religione
1551 2346 1814 2435 praeseferre.
1864 2345 2066 2434 Postremo,
2092 2374 2175 2422 cnm
2190 2373 2242 2420 re·

129 2481 133 2494 =
217 2451 405 2522 amentiam
421 2442 581 2518 cumhoe
594 2445 735 2535 longius
747 2445 914 2535 progredi
927 2444 1106 2528 viderent,
1130 2467 1201 2536 qno
1254 2443 1386 2532 periret
1407 2465 1471 2512 sua
1490 2445 1735 2516 admonitione
1756 2471 1830 2518 non
1850 2449 1959 2533 effici,
1984 2461 2026 2522 ut
2047 2453 2095 2522 ad
2114 2451 2242 2522 sanita·

216 2551 354 2644 saepius
380 2553 648 2630 admoneretur,
679 2558 713 2615 et
733 2544 872 2616 ltaliam
893 2543 1028 2637 alioqui
1051 2545 1203 2636 graviter
1255 2559 1324 2613 tem
1349 2557 1584 2616 reverteretur
1606 2545 1721 2637 Papa,
1753 2551 1926 2630 ostendit,
1959 2549 2088 2622 sinon
2115 2567 2241 2643 pareat,

217 2675 359 2747 quoque
386 2650 500 2743 premi
529 2647 717 2743 tyrannide
740 2643 926 2734 Berngarii
958 2646 1070 2730 tertii,
1102 2646 1202 2717 ducis
1254 2667 1291 2713 se
1305 2641 1481 2716 Ecclesiae
1495 2645 1642 2718 iniuriss
1665 2671 1740 2718 non
1769 2672 1842 2719 esse
1864 2652 2121 2740 neglecturum.
2173 2651 2241 2722 lm·
2302 2707 2303 2712 η

215 2753 551 2843 Longobardorum,
587 2749 681 2842 quod
711 2763 873 2836 magnam
901 2759 1036 2838 partem
1070 2745 1203 2831 ltaliae,
1255 2759 1353 2837 perat
1368 2746 1485 2840 itaque
1498 2746 1536 2816 in
1555 2748 1648 2818 diem
1665 2762 1798 2820 certum
1814 2753 2006 2824 concilium
2022 2754 2157 2834 indici,
2182 2779 2240 2822 uo·

217 2850 310 2946 nihil
329 2855 373 2924 ad
389 2875 469 2922 snas
485 2849 718 2945 possessiones
736 2847 990 2940 pertinentem,
1015 2849 1203 2938 redegisset
1255 2847 1340 2915 catis
1361 2849 1404 2916 ad
1427 2842 1495 2918 boe
1514 2849 1682 2918 omnibus
1703 2851 1895 2943 episcopis,
1919 2877 2010 2948 quos
2031 2853 2189 2944 integros
2210 2866 2240 2922 et

216 2957 256 3025 in
269 2954 507 3048 provinciam,
532 2966 637 3046 atque
651 2962 795 3042 propter
809 2971 884 3017 eam
899 2950 1091 3041 potentiam
1102 2948 1203 3018 Hen-
1255 2947 1369 3016 bonos
1392 2969 1466 3016 esse
1494 2950 1643 3034 sciehat,
1676 2964 1717 3020 ut
1737 2947 1866 3022 horum
1890 2956 2030 3026 decreto
2060 2967 2241 3046 cogeretur
2301 3039 2302 3046 ἵ

217 3059 330 3126 risum
352 3057 477 3124 ducem
501 3052 671 3124 Bavariae
696 3052 735 3119 in
764 3047 902 3119 ltaliam
930 3051 975 3120 ad
998 3051 1202 3142 pellendum
1255 3061 1346 3119 stare
1366 3045 1540 3122 Pontifex.
1594 3046 1661 3120 Die
1676 3053 1819 3122 concilii
1835 3055 2045 3140 constituto,
2078 3054 2240 3128 Pontifex
2301 3129 2302 3148 χ

215 3155 427 3247 Bemgarios
452 3167 635 3238 vocatum,
660 3150 762 3223 ltalia
784 3149 952 3220 decedere
976 3159 1203 3244 atque'exer-
1255 3171 1391 3218 memor
1418 3151 1553 3240 adagii,
1591 3153 1687 3245 quod
1718 3165 1785 3238 est,
1811 3153 2006 3246 Vulpinam
2031 3157 2162 3248 pellem
2189 3177 2240 3226 as·

216 3260 326 3330 citum
342 3258 514 3328 deducere
528 3255 714 3344 coligisset:
738 3265 935 3324 statuerunt
951 3253 1123 3324 auxilium
1139 3275 1203 3344 per
1254 3251 1530 3337 suendamesse,
1554 3249 1585 3322 si
1599 3253 1741 3324 leonina
1757 3277 1831 3326 non
1847 3257 1996 3340 suflicit,
2019 3271 2129 3330 noctu
2147 3279 2240 3350 prae-

215 3361 335 3432 literas
358 3361 524 3430 adversus
544 3353 781 3446 Bemgariom
804 3365 839 3423 et
853 3353 1053 3444 pontificem
1073 3355 1117 3424 ab
1133 3349 1203 3424 Ot·
1254 3365 1309 3421 ter
1321 3350 1481 3421 omniurn
1498 3353 1705 3444 opinionem
1721 3355 1889 3444 clabitur,
1914 3357 2089 3452 latuitque
2104 3357 2239 3429 inHer-
2300 3417 2301 3430 ,

216 3477 300 3534 tone
314 3457 529 3552 imperatore
550 3457 815 3550 implorandum
836 3477 927 3542 esse,
960 3457 1023 3548 qui
1047 3454 1117 3524 iarn
1139 3455 1203 3522 ad·
1256 3453 1355 3537 nicia,
1373 3451 1507 3522 bellum
1516 3454 1709 3549 aliquando
1722 3456 1777 3528 sui
1789 3457 2002 3530 defendendi
2015 3483 2120 3530 eausa
2133 3463 2239 3530 factu·
2300 3501 2301 3564 p

214 3555 540 3648 versnsBohemos,
566 3557 744 3650 ngaros,
769 3553 943 3638 Bavaros‚
966 3555 1107 3641 Gallos,
1131 3553 1204 3628 Da·
1256 3575 1316 3624 rus
1333 3551 1552 3645 imperatori.
1610 3553 1683 3626 Ter
1700 3571 1818 3628 autem
1839 3561 1884 3628 ad
1900 3558 2086 3654 Synodum
2103 3559 2238 3653 publice
2300 3567 2301 3623 l

216 3689 303 3749 nos,
330 3661 510 3733 Vandalos
539 3673 690 3752 gesserat
717 3659 827 3742 bella,
860 3680 1013 3752 quorum
1037 3671 1134 3730 tanta
1157 3660 1201 3726 ad
1256 3668 1419 3740 vocatus,
1440 3679 1514 3726 non
1529 3657 1648 3748 paruit
1662 3658 1795 3744 edicto,
1816 3683 1882 3730 nee
1894 3661 1993 3732 abest
2007 3663 2181 3752 suspicio,
2202 3671 2238 3728 ut

214 3765 399 3838 Romanos
423 3763 556 3853 perlata
575 3761 691 3832 fuerat
711 3760 852 3851 opinio,
876 3772 917 3830 ut
933 3759 1079 3828 nomine
1095 3755 1204 3830 Otto·
1255 3757 1399 3850 quidem
1429 3757 1664 3844 arbitrantur,
1695 3759 1792 3854 quin
1817 3761 1884 3832 snb
1912 3761 2007 3832 idem
2034 3775 2174 3855 tempus
2202 3759 2236 3829 iu

148 3931 152 3936 .
213 3867 273 3936 nis
295 3865 437 3937 venturi
467 3877 615 3958 uterque
650 3862 906 3954 propemodum
936 3857 1149 3947 Berngarius
1170 3873 1204 3930 et
1255 3857 1429 3928 adulterio
1445 3854 1701 3950 deprehensus,
1725 3859 1772 3932 sit
1789 3861 2003 3938 interfectus.

215 3965 379 4038 Pontifex
400 3967 444 4036 ab
473 3964 636 4037 instituto
665 3961 817 4033 consilio
844 3961 1015 4034 deterreri
1038 3961 1203 4052 potuerit.
1357 3955 1553 4050 imperator
1568 3961 1687 4054 itaque
1704 3985 1784 4032 cum
1800 3963 2095 4036 animadverteret
2114 3959 2236 4052 negligi
2299 3949 2300 3980 l

216 4065 336 4157 Quare
350 4067 610 4138 communicato
635 4087 716 4136 cnm
731 4061 959 4155 Principibus
979 4061 1116 4156 aliquot
1133 4060 1204 4132 lta·
1255 4057 1480 4130 autoritatem
1503 4061 1647 4132 concilii
1669 4061 1877 4136 aPontilice
1899 4068 2068 4158 profugo,
2093 4061 2234 4160 quaein

215 4169 285 4239 liae
297 4169 463 4254 consilio,
488 4168 599 4238 literis
612 4159 939 4257 rogantOttonem,
964 4164 1017 4232 uti
1033 4163 1202 4234 auxilium
1255 4159 1419 4252 pontifice
1446 4157 1699 4252 reprehendat,
1741 4189 1858 4236 coram
1893 4167 2045 4238 concilio
2076 4163 2235 4242 ostendit,

216 4270 306 4342 ferat
321 4270 494 4342 laboranti
510 4265 685 4339 Ecclesiae
711 4280 745 4336 et
762 4287 946 4357 oppressae
959 4261 1203 4354 Reipublicae.
1254 4283 1344 4356 quae
1370 4261 1444 4353 ipse
1467 4262 1656 4355 intelligat,
1682 4289 1772 4358 quae
1795 4267 1857 4336 alii
1873 4279 2084 4362 querantur,
2110 4289 2235 4359 propo·
2298 4293 2299 4355 t

216 4367 380 4442 Codrceri
396 4395 416 4440 a
433 4369 694 4459 magistratibus
714 4365 927 4456 Berngarios
945 4377 981 4436 et
995 4363 1201 4436 Pontificem
1254 4363 1328 4446 nit,
1353 4363 1527 4456 efficitque
1546 4379 1587 4438 ut
1608 4389 1628 4436 e
1650 4367 1833 4438 communi
1853 4393 2027 4440 consensu
2048 4390 2162 4438 novus
2176 4369 2233 4435 de·

215 4496 291 4542 non
317 4495 427 4570 posse.
490 4469 717 4560 Quinetiam,
756 4471 852 4562 quod
874 4467 1103 4538 necessariam
1128 4493 1201 4536 rem
1254 4465 1408 4536 claretur
1435 4465 1592 4557 pontifex
1615 4463 1691 4538 Leo
1720 4463 1889 4543 Octavus.
1956 4467 2030 4541 lam
2059 4465 2232 4541 Pontificio

216 4574 441 4645 enunciariot
458 4568 686 4663 Imperatori,
719 4569 916 4659 intelligere
936 4591 990 4650 se,
1015 4581 1148 4660 quanto
1165 4570 1202 4638 id
1253 4564 1405 4636 amentia
1421 4566 1574 4652 sublata,
1597 4568 1695 4660 cupit
1709 4582 1743 4640 et
1757 4569 1794 4640 in
1812 4571 1957 4666 reliquis
1972 4569 2231 4642 difficultatibus

215 4699 296 4747 cum
308 4675 464 4768 periculo
477 4665 660 4756 fecissent,
683 4685 718 4743 et
732 4673 781 4742 ob
798 4693 875 4741 eam
891 4691 1049 4754 cauum,
1077 4693 1203 4763 quarn·
1253 4667 1412 4738 subsidio
1435 4691 1509 4736 esse
1533 4665 1721 4742 Ecclesiae.
1777 4669 1916 4760 Quare,
1948 4685 2036 4744 utet
2051 4670 2231 4764 possessio-

215 4779 280 4850 diu
292 4776 492 4870 potuerint,
517 4772 676 4844 tacuisse.
1254 4767 1362 4838 nibus
1385 4766 1544 4854 iniustis,
1570 4795 1697 4863 opera,
1723 4795 1828 4864 quem
1851 4775 1980 4846 fecerat
1995 4772 2174 4846 Pontificis
2190 4769 2230 4838 li·

318 4874 489 4950 Ottonem
506 4898 586 4947 cnm
601 4872 735 4943 multae
750 4891 806 4940 res
820 4863 1066 4953 hortarentur,
1093 4893 1203 4963 quare
1252 4871 1391 4942 beraret
1405 4867 1618 4952 Ecclesiam,
1644 4873 1838 4964 plurimum
1860 4875 2007 4946 avaritia
2026 4875 2228 4946 Pontificum

215 4979 283 5051 sibi
300 5003 375 5050 eam
391 5003 465 5050 rem
483 4976 704 5066 cogitandam
726 4985 761 5044 ct
776 4971 1034 5064 suscipiendam
1052 4985 1202 5060 putaret,
1252 4983 1453 5058 oneratam,
1484 4986 1521 5043 ee
1541 4973 1580 5044 in
1603 4975 1779 5066 reliquum
1806 4987 1944 5068 tempus
1970 4977 2083 5047 mnlto
2104 4975 2228 5046 maiora

213 5078 407 5172 inprimis,
432 5081 526 5176 quod
537 5074 750 5160 Ecclesiam,
777 5097 883 5167 quam
899 5074 954 5145 sui
968 5068 1061 5144 nihil
1075 5075 1201 5166 deper-
1251 5075 1296 5144 ad
1317 5073 1563 5144 illustrandam
1594 5075 1742 5164 gloriam
1765 5070 1898 5148 Christi
1926 5080 2086 5153 conferre
2111 5085 2227 5168 posset,

213 5182 297 5251 dere
322 5182 453 5267 voluit,
485 5203 560 5251 non
581 5179 701 5248 abesse
728 5199 747 5246 a
774 5175 932 5267 periculo
959 5175 1201 5261 arbitraretur,
1250 5175 1311 5245 dat
1332 5197 1493 5265 operam,
1518 5189 1575 5260 ut,
1606 5176 1809 5270 prinsquam
1832 5179 1989 5250 discedat
2012 5203 2033 5250 a
2057 5177 2227 5256 Pontifice,

211 5281 378 5354 omnibns
393 5284 499 5356 rebus
519 5282 565 5352 ad
586 5279 720 5351 bellurn
742 5277 972 5367 comparatis,
997 5277 1200 5357 exercitum,
1249 5276 1460 5346 donationes
1488 5273 1743 5370 lmperiorum,
1781 5303 1869 5372 quas
1897 5281 2103 5352 fabulantur
2130 5279 2226 5348 factas

211 5405 317 5476 quam
333 5395 448 5475 potest
462 5382 667 5464 maximum,
686 5392 787 5452 curat
798 5377 990 5448 conscribi:
1016 5393 1051 5452 et
1069 5379 1199 5452 coactis
1247 5373 1363 5469 Papae
1377 5375 1558 5472 sylvestro
1572 5379 1618 5452 ab
1634 5375 1849 5472 Imperatore
1858 5379 2095 5456 Constantino
2110 5379 2225 5454 aPon·
