4646 5824
51 227 55 244 ·
187 243 269 349 aot
598 259 602 266 ·
689 253 695 272 ·
765 175 1647 318 nncnnnnntontnnaaetcn
1711 245 1719 259 ·
2148 243 2227 358 roc

45 459 51 470 ·
195 413 427 508 metipsi,
452 425 491 486 nt
507 407 604 482 Deos
626 405 712 482 haec
735 412 807 484 dno
830 411 925 484 bona
943 423 1112 502 praestat,
1134 419 1186 482 'ae
1237 423 1466 504 expectemus
1480 409 1652 484 sutilium
1674 411 1814 488 allen:
1839 412 1991 486 mierum
2011 436 2077 485 nos
2098 413 2230 486 umbra

194 532 338 594 tueatur
358 515 539 586 veritatem
566 527 602 584 et
623 513 861 584 concordiam.
920 509 969 584 Ut
990 526 1108 585 antem
1129 535 1186 582 se·
1239 514 1383 586 daune
1398 513 1544 586 divinae
1557 513 1713 605 protegi,
1736 525 1779 588 ot
1799 515 2001 608 plantemus
2020 517 2161 601 coelos,
2193 516 2229 586 id
2278 513 2281 518 ’

196 621 252 694 rio
269 632 443 711 petamus,
464 615 614 705 flagrent
630 629 771 708 pectora
784 626 908 686 nostra
921 622 1047 686 amore
1057 609 1186 688 harum
1238 628 1309 701 est,
1332 629 1373 688 nt
1391 608 1535 688 hortum
1551 615 1843 688 amoenissimum
1857 615 2038 692 Ecclesia
2055 632 2231 700 edernae,

196 721 412 816 optimarum
451 741 584 788 rernm:
629 719 910 792 commendatam
935 715 1020 788 fidei
1045 727 1187 788 nottrae
1238 716 1317 811 ipso
1331 716 1498 803 invente,
1522 739 1751 790 conseramus
1765 731 1801 790 et
1816 743 1998 795 ornemus.

198 823 393 906 veritatem,
413 821 457 890 ad
473 831 633 910 posteros
645 819 888 910 incorruptam
904 839 1097 910 propagare
1110 831 1187 890 stu-
1339 817 1539 914 Postquam
1572 819 1759 892 audivistis
1795 821 2174 896 commonefactionem
2199 831 2233 892 et

165 923 167 926 ’
198 929 356 1020 deamus.
405 918 547 991 Deinde
571 945 689 1012 pacem
711 934 746 994 et
770 919 1064 1014 tranquillitatem
1089 941 1187 992 com·
1239 919 1518 992 consolationem
1543 920 1764 1014 propositam
1787 923 1924 1016 optimo
1956 924 2097 1010 undio,
2136 943 2232 992 nune

198 1049 343 1098 munem
356 1018 536 1094 Ecclesiae
550 1023 718 1094 omnibus
732 1021 859 1092 officiis
873 1022 1022 1094 alamus.
1072 1018 1188 1095 Sit-in
1239 1031 1389 1114 quaeso,
1415 1035 1457 1094 nt
1470 1029 1631 1120 mecumg,
1655 1023 1779 1109 immo,
1803 1035 1842 1097 nt
1859 1049 1940 1096 cnm
1956 1023 2232 1098 sommoSacer-

198 1137 389 1218 conspectu
410 1124 505 1196 lilius
530 1123 618 1210 Dei,
662 1119 748 1196 baec
769 1137 892 1215 petens
915 1147 934 1192 a
957 1119 1036 1194 Deo
1058 1121 1099 1192 in
1123 1122 1187 1194 illo
1240 1126 1324 1194 dote
1337 1123 1413 1195 tilio
1431 1123 1514 1209 Dei,
1538 1146 1604 1194 nos
1620 1147 1745 1194 omnes
1760 1149 1835 1197 nno
1848 1141 1989 1218 pectore
2002 1127 2184 1198 dicamus:

200 1241 357 1304 extremo
373 1247 503 1315 agone,
530 1239 566 1298 et
582 1225 742 1296 sacrificii
757 1226 812 1296 mi
829 1225 1029 1308 oblatione,
1060 1224 1100 1293 in
1118 1247 1189 1318 qua
1344 1223 1431 1296 Tibi
1446 1225 1674 1317 omnipotens
1681 1223 1797 1312 Deras,
1820 1225 2232 1322 aeternel’aterDomini

194 1329 307 1404 'simol
322 1328 446 1412 nobis,
471 1329 602 1398 sudans
619 1327 690 1398 iam
705 1327 914 1418 sanguinem
929 1326 1119 1420 praecipit,
1149 1338 1190 1398 nt
1241 1326 1356 1398 nostri
1379 1323 1457 1398 lesu
1479 1321 1634 1414 Christi,
1668 1341 1806 1400 creatm
1826 1330 1989 1401 omnium
2017 1353 2161 1414 rernm,
2201 1339 2232 1398 et

198 1427 375 1505 internos
391 1429 591 1519 diligamus.
641 1427 724 1500 Non
742 1429 781 1498 in
796 1452 852 1499 mc
868 1435 1034 1514 tantum,
1066 1439 1128 1498 ant
1150 1427 1190 1498 in
1241 1428 1408 1500 conditor
1428 1425 1608 1500 Ecclesiae
1635 1441 1738 1515 tuae,
1775 1453 1848 1502 nna
1873 1452 1954 1502 mm
1986 1432 2061 1503 idio
2081 1445 2151 1503 tuo
2172 1455 2231 1501 on-

197 1531 394 1607 Ecclesiam
407 1531 541 1600 ferrum
555 1529 709 1620 stringis,
725 1530 885 1624 quisquis
897 1530 1061 1616 inutilem
1076 1528 1190 1624 uisam
1241 1543 1385 1602 aeterno
1407 1526 1712 1602 Domino'nostro
1734 1529 1815 1603 lesn
1832 1527 1999 1615 Christo,
2035 1548 2070 1606 et
2090 1531 2231 1624 Spiritu

199 1657 331 1707 moves.
383 1630 454 1704 Sed
471 1633 586 1704 multo
602 1632 715 1722 magis
739 1632 779 1700 in
803 1631 907 1702 illurn
930 1633 1046 1724 ipsum
1063 1629 1192 1728 Domi-
1241 1647 1380 1712 sancto,
1406 1633 1563 1724 sapiens,
1587 1634 1699 1718 hone,
1730 1633 1824 1708 inste
1847 1635 2124 1720 et'tnisei'ienrs,
2156 1655 2231 1722 gra·

199 1761 288 1809 num
303 1747 465 1808 nostrum
481 1731 596 1804 lesum
612 1728 815 1818 Christum,
836 1732 901 1827 qui
915 1735 967 1804 ibi
982 1755 1047 1823 pro
1064 1745 1099 1803 te
1119 1732 1189 1802 iarn
1242 1733 1309 1805 tias
1336 1734 1491 1826 agimus,
1529 1737 1628 1827 qnod
1658 1728 1830 1806 hactenns
1859 1738 2008 1808 servasti
2035 1732 2233 1807 Ecclesiam

200 1837 371 1910 sacrificat
399 1857 550 1926 agonem
571 1857 674 1906 sunm
699 1834 913 1925 ingrediens.
979 1835 1019 1906 Si
1040 1857 1116 1904 nnn
1138 1833 1191 1902 vis
1242 1847 1359 1922 tuam,
1394 1849 1501 1929 teque
1524 1859 1608 1921 oro,
1648 1849 1690 1908 nt
1718 1845 1865 1929 propter
1890 1839 2005 1908 atium
2032 1835 2233 1909 Dominum

201 1939 381 2016 Ecclesiae
409 1961 552 2028 parcere
575 1950 610 2008 et
632 1936 851 2028 posteritati,
892 1959 995 2028 parce
1015 1931 1100 2008 huic
1122 1934 1191 2025 ipsi
1242 1949 1405 2008 nothum
1424 1937 1538 2008 lesum
1559 1933 1743 2010 Christum
1758 1931 1925 2032 deinceps
1940 1963 2085 2033 qooqrre
2099 1962 2180 2010 eam
2195 1937 2232 2006 in

199 2038 343 2116 Christo
378 2061 545 2132 oppresso
579 2051 665 2110 tnnc
696 2033 865 2123 horribili
897 2038 1041 2122 dolore,
1084 2059 1190 2130 quem
1242 2033 1300 2110 his
1315 2039 1521 2129 regionibns
1543 2061 1677 2110 servesr
1708 2036 1781 2110 Fac
1799 2055 1840 2112 nt
1852 2037 2040 2131 Evangelii
2054 2063 2126 2110 vox
2143 2061 2233 2108 sem-

199 2155 346 2237 propter
369 2163 467 2226 mea,
511 2150 591 2222 tua,
631 2153 666 2212 et
691 2139 852 2210 omnium
876 2141 1005 2210 scelera
1029 2139 1191 2212 sustinet.
1243 2163 1308 2232 per
1329 2155 1431 2212 sonet
1452 2141 1493 2212 in
1516 2134 1572 2212 bn
1587 2138 1775 2226 Ecclesiis,
1798 2134 1844 2215 ‘et
1867 2143 2068 2214 multorom
2091 2153 2234 2234 pectora

200 2243 276 2318 Cur
291 2267 373 2316 cum
392 2241 432 2314 in
448 2243 512 2312 illo
534 2243 612 2334 ipso
632 2240 803 2313 sacrificio
825 2263 891 2334 pro
911 2241 1025 2314 salute
1046 2253 1125 2326 tna,
1157 2253 1192 2312 et
1242 2243 1286 2312 sd
1305 2253 1339 2312 te
1350 2241 1488 2328 flectas,
1510 2254 1552 2314 n't
1567 2242 1732 2312 tibi'vcre
1745 2242 1933 2328 obediam,
1966 2257 2002 2315 et
2016 2243 2106 2313 fiant
2122 2263 2234 2311 mern-

200 2346 382 2432 omniurn,
407 2368 524 2416 coram
534 2345 613 2416 Deo
627 2356 840 2435 prostratum
857 2343 1018 2434 iugulare
1030 2341 1192 2413 moeris?
1241 2344 1305 2414 hra
1317 2340 1497 2415 Ecclesiae
1515 2355 1598 2414 tuae
1617 2358 1799 2416 aeternae:
1826 2341 1880 2415 Da
1900 2367 2023 2436 pacem
2041 2341 2101 2416 his
2117 2341 2231 2432 regio-

218 2477 222 2486 ·
288 2447 329 2522 si
343 2441 417 2518 hoc,
425 2447 533 2516 modo
552 2445 828 2518 inflammatores
842 2445 1072 2516 dissidiorum
1087 2455 1192 2534 saepe
1241 2445 1368 2531 nibus,
1402 2458 1437 2518 et
1466 2445 1694 2516 concordiam
1723 2445 2032 2538 gubernatoribus.
2102 2441 2233 2528 Arnen,

201 2551 397 2643 cogitarent
412 2547 553 2618 sceleris
567 2547 806 2628 atrocitatem,
832 2546 939 2618 multi
958 2559 1053 2618 certe
1074 2569 1111 2618 se
1132 2565 1191 2616 re·
1241 2542 1338 2622 Diri.
1606 2573 1611 2578 ·

200 2654 409 2748 primerent.

304 2750 477 2826 Obtestor
492 2761 611 2822 antem
628 2769 692 2817 vos
704 2759 848 2838 propter
865 2747 969 2818 illurn
985 2748 1101 2840 ipsam
1114 2741 1190 2818 Do·

201 2859 342 2928 minum
366 2865 529 2925 nostrum
545 2849 662 2921 lesum
677 2843 860 2920 Christum
880 2849 994 2920 lilium
1010 2849 1097 2935 Dei,
1123 2871 1189 2939 pro

202 2960 308 3032 nohis
323 2956 527 3029 crucifixum
540 2965 575 3024 et
588 2950 849 3033 resuscitatum,
880 2962 921 3020 ut
942 2946 1027 3022 huic
1048 2962 1190 3021 nostrae
1239 2985 1295 3060 No
1319 2985 1369 3058 35
2065 3013 2118 3058 m
2139 2989 2233 3056 1540·

202 3057 459 3138 admonitioni,
483 3056 606 3149 inqua
621 3051 964 3136 vobismandatnm‚
993 3072 1069 3122 non
1091 3073 1113 3120 a
1133 3073 1190 3120 me
1238 3037 1382 3130 ...Ἀ
2072 3099 2233 3127 ...ψ

203 3161 452 3252 excogitatum:
479 3159 541 3228 sed
556 3155 740 3234 divinum,
764 3165 808 3224 ut
827 3152 899 3222 rnei
920 3153 1081 3224 muneris
1097 3151 1190 3224 ratio
1611 3207 1621 3230 .
1927 3211 1938 3234 ,

203 3263 382 3360 postulat,
421 3281 606 3354 propono,
642 3253 905 3347 obtemperetis.
971 3252 1192 3326 Meministis
1475 3209 1552 3332 De
1580 3213 1744 3327 ‘mamm
1774 3207 2001 3300 mmm·

205 3367 376 3458 scriptum
390 3385 479 3434 esse:
505 3357 603 3431 Deus
617 3355 760 3427 dilectio
778 3369 841 3436 est,
860 3354 935 3446 Qui
948 3357 987 3426 in
1002 3355 1192 3431 dilectione
1312 3367 1800 3454 tansetsnstssttttmaasreq„
1853 3369 2027 3430 mtttdcrt.
2041 3369 2076 3426 Τ.
2089 3371 2112 3427 1.
2131 3389 2158 3442 ρ.
2167 3369 2233 3450 att,

203 3479 341 3554 manet,
360 3466 401 3534 in
413 3461 491 3534 Deo
507 3471 639 3534 manet.
668 3458 792 3552 ltaque
806 3456 889 3528 illae
906 3472 1019 3550 pestes
1031 3453 1192 3530 acErin-
1345 3437 1568 3562 'rssfffr‘ffilavnj
1583 3436 1725 3560 &9⁴⁰ss
1737 3458 1768 3559 ἑξ
1779 3437 2233 3580 {pinstnffi'sffillffipfflffl

203 3593 311 3666 nyes,
360 3589 452 3662 quae
477 3564 553 3636 sine
577 3563 670 3634 insta
693 3571 729 3630 et
749 3559 942 3632 necessaria
967 3583 1069 3637 cansa
1098 3559 1193 3630 rixas
1346 3575 1377 3630 ta
1403 3575 1465 3630 aaa.
1492 3577 1606 3633 monae.
1626 3539 1672 3628 ati.
1696 3592 1745 3632 no.
1762 3575 1815 3632 tr.
1844 3592 1871 3648 p.
1891 3577 1950 3633 tes.
1978 3577 2029 3634 nst
2059 3577 2232 3633 tasas-tetros

202 3683 369 3756 movent,
392 3663 669 3760 etssooncordiam
692 3659 859 3747 turbant,
891 3661 1046 3736 abiectae
1068 3674 1193 3734 sunta
1373 3643 1471 3700 (ΜΟ
1484 3643 1553 3698 ⁹⁵⁵¹·
1570 3641 1657 3712 rtet„
1686 3661 1768 3714 tun
1782 3643 1910 3704 neustr
1923 3647 2049 3704 aedes·
2061 3645 2231 3720 Wolssin

203 3767 282 3846 Deo
307 3785 342 3844 et
355 3793 377 3841 a
388 3769 513 3852 nobh,
536 3763 601 3836 uhi
615 3785 673 3835 m
688 3761 847 3850 cognitae
862 3777 979 3850 mm,
1015 3761 1087 3836 nbi
1105 3761 1194 3832 mi·
1358 3729 1377 3766 ιι
1391 3711 1576 3786 Regiomoute
1587 3709 1713 3768 Pressise
1726 3730 1799 3768 aare
1812 3711 1889 3772 ἀοι.
1903 3713 2005 3772 lma

204 3876 362 3970 Plffllr
384 3895 426 3941 ⁶¹
441 3865 599 3942 Ecdiih
615 3863 686 3938 Μ
700 3862 901 3982 ‘fillium
1369 3889 1501 3960 Oratio
1522 3883 1570 3960 tle
1584 3883 1723 3962 studiis
1744 3881 2112 3986 ls'tspstae'eorm'coa.

304 3973 409 4046 Nunc
432 3972 478 4042 ad
502 3966 878 4042 commonetaenonem
900 3962 994 4034 addo
1016 3973 1051 4034 et
1067 3981 1195 4034 conso·

204 4076 388 4150 lationem.
440 4071 522 4146 Scio
537 4093 601 4142 vos
617 4069 656 4139 in
671 4062 876 4158 hacmagna
901 4059 1195 4136 vitaehumanae
1246 4046 1422 4154 Scepsio
1438 4053 1508 4132 hoc
1523 4072 1595 4132 tam
1612 4060 1723 4152 longo
1738 4059 1877 4147 itinere,
1901 4062 2230 4159 indensqn'esripa

197 4167 432 4258 ‘conlusionm
464 4175 594 4246 multas
610 4169 772 4265 publicas
788 4167 994 4258 etprivatas
1013 4166 1195 4238 calamita-
1247 4162 1373 4248 Albis,
1397 4163 1442 4239 ad
1458 4157 1556 4234 honc
1572 4163 1692 4234 sinum
1704 4164 1814 4238 maris
1821 4158 1990 4251 Balthici,
2015 4167 2173 4256 cogitans
2188 4167 2229 4234 de

206 4295 258 4352 tes
272 4281 411 4351 timere.
463 4274 534 4348 Sed
554 4270 621 4344 hac
643 4295 707 4343 vos
727 4269 971 4342 consolatione
993 4281 1197 4353 sustentate,
1246 4259 1314 4336 bac
1327 4259 1357 4360 ¹)
1379 4263 1485 4336 senili
1508 4264 1811 4355 peregrinatione,
1847 4279 2024 4338 nontam
2055 4263 2228 4359 deploravi

206 4404 316 4476 quarn
331 4377 518 4473 proposuit
533 4373 631 4464 Dens
649 4374 687 4442 in
709 4371 821 4464 capite
834 4365 1052 4444 61.·Esaiae=
1085 4368 1196 4443 Posui
1246 4387 1366 4438 meum
1384 4364 1550 4452 exilium,
1574 4389 1680 4458 qoam
1695 4389 1923 4438 aerumnosas
1935 4362 2116 4439 Ecclesiae
2137 4371 2228 4456 fugas
2269 4349 2296 4427 .¹

205 4484 315 4554 verba
330 4505 408 4552 mea
424 4480 462 4549 in
479 4490 637 4562 orento,
670 4486 704 4544 et
718 4474 842 4544 umbra
860 4493 986 4544 manus
1001 4489 1099 4542 meae
1113 4495 1197 4564 pro-
1246 4469 1408 4546 emnium
1424 4479 1645 4557 temporum,
1675 4469 1750 4538 imo
1765 4491 1884 4538 rerum
1902 4469 2064 4541 omnium
2087 4467 2228 4542 instabi·

205 4599 321 4677 tegam
340 4597 395 4668 te,
427 4595 469 4653 ut
491 4581 627 4673 plantes
651 4574 778 4646 coelos.
829 4569 1135 4644 PollicetorDcns
1160 4597 1197 4644 se
1247 4571 1395 4644 litatem.
1446 4566 1544 4658 Quid
1568 4570 1665 4640 enim
1686 4567 1889 4643 mirabilius
1910 4585 1983 4659 ut,
2015 4569 2226 4666 quambene
2295 4595 2296 4650 ι

143 4755 148 4762 ,
205 4691 332 4760 umbra
359 4705 486 4755 manus
518 4703 603 4752 suae
635 4689 875 4769 protectorum
907 4697 982 4746 esse
1014 4673 1197 4754 ministros
1247 4673 1405 4764 lingnam
1423 4667 1718 4763 gentiaEbraeae,
1742 4685 1861 4744 natam
1877 4673 2001 4765 procol
2015 4669 2226 4766 adEupltra-
2295 4665 2296 4692 ³

205 4787 412 4881 Evangelii,
438 4784 520 4880 quia
537 4783 615 4874 ipse
630 4775 698 4850 hoc
715 4777 952 4852 ministerium
968 4777 1137 4863 instituit,
1163 4791 1197 4850 et
1247 4789 1339 4860 tem,
1372 4797 1434 4845 seu
1459 4771 1668 4860 lordatsem,
1699 4797 1800 4844 nnnc
1820 4775 1867 4845 ab
1889 4771 2036 4846 homine
2053 4773 2224 4848 Germano
2295 4783 2296 4834 t

205 4893 355 4964 verbum
369 4911 475 4962 sunm
495 4884 600 4956 nobis
613 4880 884 4954 commendavit.
1247 4871 1307 4948 hic
1323 4875 1442 4948 doceri
1458 4874 1497 4946 in
1513 4876 1631 4948 littore
1644 4873 1753 4947 maris
1767 4869 1942 4963 Balthici,
1973 4878 2069 4947 inter
2083 4875 2225 4948 Germa-
2295 4943 2296 4954 2

309 4989 460 5065 Etiamsi
484 4984 748 5059 contemnimur
770 5005 790 5053 a
814 4980 976 5074 superbis
999 4975 1198 5072 Epicureis,
1247 5001 1331 5064 sos,
1352 4975 1543 5063 &marae
1568 4989 1604 5050 et
1618 4977 1704 5049 alies
1722 4992 1855 5068 gentes,
1881 5001 1972 5072 quae
1986 4999 2129 5070 prorsns
2144 4977 2223 5048 alie
2295 5039 2296 5044 ,

207 5107 270 5168 ant
287 5093 502 5168 incurrimus
522 5087 604 5160 odia
631 5095 837 5177 potentum,
867 5098 929 5165 aot
952 5083 1199 5171 conflictamur
1247 5080 1455 5169 nissimaea
1476 5079 1660 5152 literarum
1683 5079 1825 5153 csltnra
1845 5081 2016 5152 luerunt?
2063 5081 2131 5153 Sed
2149 5075 2223 5172 quis

206 5195 348 5288 inopia,
386 5209 421 5266 et
445 5193 523 5264 aliis
544 5185 831 5278 difficultatibus,
869 5199 1085 5270 tamennon
1109 5183 1199 5257 deli-
1247 5181 1344 5260 neos
1361 5183 1493 5274 spargit
1508 5177 1757 5254 Ecclesiemin
1774 5193 1888 5254 totum
1903 5183 2028 5254 arbem
2049 5195 2221 5258 terrem
2295 5221 2296 5238 ι

208 5298 342 5368 ciamus
358 5321 377 5368 a
393 5293 489 5378 Deo,
520 5315 585 5364 nec
598 5289 810 5375 abiiciamus
821 5287 1060 5372 ministerium
1069 5283 1198 5368 Evan-
1922 5305 1925 5315 ·

168 5381 183 5401 ⁶
210 5397 306 5489 getii.
366 5396 438 5468 Sed
461 5395 528 5477 hac
550 5392 792 5500 consolatione
817 5389 945 5473 erecti,
977 5401 1136 5490 petamm
1162 5399 1197 5461 et
1283 5413 1313 5480 ι)
1328 5409 1402 5466 cod.
1417 5405 1589 5466 Μουκία
1603 5409 1658 5463 tae
1673 5421 1750 5467 meo.
1788 5393 1793 5401 ’
1882 5417 1886 5424 ·
