4646 5824
115 306 120 315 ,
208 283 301 362 sn·
597 265 758 382 onon
788 263 866 344 un
897 259 1100 344 mono:
1139 261 1423 348 arcanos
1451 259 1852 370 suessorum
2178 263 2256 348 sse

312 432 1209 580 tmfflflttfflffimsttppppp
1257 439 1400 532 summ,
1425 437 1531 514 voss
1545 439 1731 536 pamas
1751 437 1908 516 amna«
1930 433 2099 548 isson,
2123 435 2256 518 ntor.

314 579 401 642 unt.
415 575 542 637 VEVI·
555 593 584 652 r·
598 575 662 632 ΘΞ·
851 565 855 578 ’
928 540 938 560 ’
1118 541 1128 560 ’
1258 545 1388 620 usioni
1416 557 1453 618 et
1482 541 1677 618 masinae
1736 541 1819 616 lloc
1845 557 2072 637 praeceptum
2093 541 2191 614 inter
2217 567 2257 615 ea

153 773 162 782 -
220 730 349 804 mato
375 717 588 818 [mattea]
612 715 661 790 sa
688 714 789 790 asoto
810 717 924 790 naute
954 714 986 792 1.
998 711 1212 792 remotas:
1261 667 1507 839 ξξζζᾙζζ
1525 645 2057 818 οᾮζζᾚξζᾝζωζῗζζζ
2076 646 2259 832 21ᾞῖ

106 825 111 835 ’
220 823 387 909 meede
406 825 578 913 ledlffllls
602 819 847 900 “mmm
865 827 905 892 θ’
926 815 1125 892 mrim
1142 825 1213 892 Μ·
1263 852 1347 921 inde
1359 871 1510 943 usqusa
1528 848 1706 942 principio
1717 848 1755 918 iu
1766 843 1924 919 Ecclesia
1939 869 2042 940 saepe
2054 849 2260 940 repetitum.

222 950 389 1040 solutori
409 952 559 1026 consilio
581 949 697 1042 prima
710 943 869 1020 Ecclesia
884 947 1003 1018 statim
1018 943 1215 1038 Apostolo·
1262 950 1354 1024 Nam
1369 951 1417 1021 ite
1435 946 1708 1022 Deuteronomii
1729 963 1827 1020 sesto
1843 949 1962 1044 inquit
1978 947 2093 1021 Dens:
2118 946 2261 1020 Erunt·

221 1085 303 1138 rum
315 1055 535 1150 temporibus
544 1047 641 1123 hunc
655 1073 790 1122 morem
804 1049 981 1132 instituit,
1005 1061 1045 1119 ut
1061 1061 1215 1142 quotan-
1264 1077 1333 1148 que
1345 1053 1454 1123 verba
1468 1047 1576 1136 haec,
1602 1072 1691 1146 quae
1707 1071 1772 1140 ego
1789 1051 1966 1144 praecipio
1983 1051 2052 1122 tibi
2069 1045 2199 1136 hodie,
2222 1051 2259 1119 in

73 1167 76 1178 '
223 1163 282 1236 nis
306 1160 347 1232 in
367 1157 525 1253 qualibet
546 1153 730 1246 provincia
750 1165 908 1242 pastores
926 1149 1125 1220 vicinarum
1144 1145 1215 1218 Ec·
1265 1157 1371 1226 corde
1385 1165 1469 1239 tuo,
1494 1165 1529 1223 et
1544 1153 1753 1222 narrabisea
1769 1153 1852 1221 liliis
1866 1154 1953 1237 tuis,
1980 1167 2015 1224 et
2028 1153 2259 1224 meditaberis

227 1262 414 1337 clesiarum
443 1281 465 1328 a
496 1277 561 1326 suo
582 1253 817 1344 gubernatore
842 1265 1140 1334 convocarentur,
1176 1262 1218 1319 ut
1267 1258 1392 1326 sedens
1407 1255 1446 1324 in
1461 1255 1570 1325 domo
1587 1267 1663 1338 tua,
1690 1267 1724 1324 et
1740 1255 1927 1325 ambulans
1944 1253 1983 1323 in
2004 1254 2150 1340 itinere,
2174 1255 2263 1326 dor-

225 1369 326 1437 beret
351 1356 525 1452 inspectio
544 1353 725 1442 doetrinae
751 1367 786 1424 et
816 1375 980 1438 morum,
1018 1367 1052 1422 et
1079 1351 1219 1422 delibe-
1268 1359 1382 1428 miens
1405 1356 1440 1428 el
1462 1377 1627 1444 surgens,
1659 1368 1696 1426 et
1718 1353 1846 1442 ligabis
1869 1379 1910 1425 ea
1936 1357 2037 1450 quasi
2060 1356 2204 1446 signum
2221 1357 2259 1424 in

229 1465 386 1538 rationes
416 1461 462 1530 de
496 1457 576 1528 aliis
607 1457 713 1526 rebus
746 1455 950 1524 necessariis
989 1450 1219 1524 haberentur·
1268 1481 1376 1528 manu
1395 1470 1478 1541 tua,
1511 1469 1553 1527 ut
1576 1456 1706 1528 sintin
1737 1471 1946 1550 conspeetu,
1977 1470 2012 1528 et
2032 1457 2208 1530 inscribes
2223 1479 2260 1526 ea
2308 1453 2309 1522 ζ

229 1565 365 1660 Estque
379 1558 612 1632 rectissimum
635 1555 748 1627 ordiri
770 1551 837 1626 hos
853 1569 1049 1626 conventus
1063 1579 1082 1624 a
1097 1576 1220 1647 preca-
1268 1559 1389 1632 limini
1403 1573 1437 1630 et
1450 1557 1549 1629 ostiis
1567 1557 1695 1628 domus
1709 1570 1802 1632 tuae.
2308 1553 2309 1568 ³

230 1670 348 1749 tione,
372 1677 408 1737 et
423 1661 542 1754 aliqm
557 1659 616 1750 pia
637 1657 992 1728 commonefactione:
1017 1657 1098 1726 ideo
1114 1655 1219 1726 initio
1366 1655 1463 1730 llaec
1479 1660 1587 1730 verba
1601 1673 1689 1760 notu
1702 1679 1775 1728 esse
1790 1657 1958 1730 omnibns
1972 1659 2147 1746 arbitror,
2173 1683 2263 1754 quo·

231 1791 370 1840 mecum
386 1763 481 1834 veris
495 1773 531 1832 et
546 1759 753 1830 ardentibus
769 1759 970 1830 animorum
991 1757 1084 1828 votis
1099 1777 1222 1849 preca-
1270 1783 1350 1834 rum
1365 1761 1539 1832 sententia
1554 1761 1679 1831 crebro
1695 1760 1825 1830 deinde
1842 1761 1989 1852 repetita
2005 1777 2067 1834 est.
2107 1755 2262 1833 UtPsal·

231 1869 341 1942 mini:
373 1864 428 1936 Te
442 1861 666 1953 omnipotens
680 1861 799 1944 Deus,
823 1873 964 1930 aeterne
981 1871 1015 1928 et
1032 1859 1136 1928 unice
1158 1879 1222 1950 pa-
1270 1887 1329 1934 mo
1344 1863 1477 1956 primo:
1506 1860 1549 1931 ln
1568 1861 1645 1952 lege
1668 1861 1743 1932 eius
1765 1861 1996 1934 meditabitur
2009 1863 2069 1932 die
2089 1885 2131 1932 ac
2147 1877 2260 1934 nocte.
2308 1925 2309 1948 ,

233 1987 289 2044 ter
304 1965 454 2041 Domini
468 1962 581 2034 nostri
598 1961 677 2031 lesu
697 1956 851 2042 Christi,
878 1959 1042 2030 conditor
1061 1959 1221 2028 omnium
1270 1961 1325 2036 Ac
1344 1977 1386 2036 ut
1406 1963 1519 2034 multa
1545 1963 1725 2048 omittam,
1751 1987 1820 2034 vox
1841 1965 1974 2036 aeterni
1992 1963 2103 2055 patris
2124 1967 2172 2033 de
2192 1965 2263 2033 lilio
2308 1961 2309 2034 3

233 2092 375 2154 rerum,
399 2079 436 2138 et
447 2075 673 2136 conservator
687 2074 722 2131 et
733 2061 947 2154 opitulator,
971 2061 1138 2132 eonditor
1152 2057 1223 2130 Ec·
1272 2065 1428 2136 clamitat
1452 2065 1497 2134 ad
1517 2065 1725 2134 universum
1749 2087 1860 2152 genus
1876 2059 2092 2136 humanum:
2125 2063 2262 2136 Hicest
2308 2085 2309 2098 ¹

236 2172 362 2254 elesiae
382 2181 481 2251 tuae,
505 2185 577 2236 una
600 2187 680 2234 cum
700 2163 775 2232 lilio
792 2177 855 2233 tuo
871 2175 1073 2248 coaeterno,
1096 2158 1224 2232 Domi-
1271 2167 1366 2237 lilius
1386 2185 1486 2236 meus
1508 2165 1677 2245 dilectus,
1709 2159 1807 2234 hunc
1827 2167 1958 2238 audite.
2017 2163 2141 2256 Quare
2162 2191 2264 2258 prse—

235 2298 284 2346 uo
300 2283 421 2342 nostro
433 2266 513 2337 lesu
523 2260 685 2348 Christo,
708 2276 742 2334 et
758 2261 896 2356 Spiritu
911 2277 1049 2364 sancto,
1075 2263 1225 2356 sapiens,
1272 2283 1413 2359 ceptum
1438 2268 1483 2336 de
1505 2267 1747 2356 cognoscenda
1769 2265 1949 2352 doctrina,
1980 2289 2068 2360 quse
2085 2263 2265 2338 Ecclesiae
2308 2247 2309 2316 l

236 2379 349 2458 bone,
373 2367 587 2452 misericors,
613 2389 738 2446 verax,
764 2365 874 2451 iuste,
898 2365 1097 2446 liberrime,
1122 2363 1225 2434 sortis
1273 2367 1384 2441 aDeo
1400 2367 1529 2438 tradita
1546 2379 1616 2453 est,
1638 2389 1776 2458 semper
1788 2369 2016 2460 praecipuum
2031 2369 2111 2439 luit.
2308 2357 2309 2448 l

235 2491 270 2548 et
282 2476 401 2558 iudex,
421 2491 575 2548 oramus,
589 2480 630 2538 ut
637 2480 785 2559 propter
793 2464 908 2537 lesum
915 2461 1100 2536 Christum
1110 2464 1224 2536 blium
1372 2467 1509 2540 Eadem
1524 2480 1559 2540 et
1577 2467 1752 2538 sententia
1773 2481 1826 2539 est
1843 2467 2016 2539 Paulinae
2032 2469 2149 2556 vocis,
2175 2493 2262 2564 <pne

236 2595 338 2652 tuum
371 2571 567 2644 Dominum
602 2581 785 2647 nostrum,
825 2567 1028 2637 crucifixum
1059 2589 1125 2658 pro
1157 2589 1225 2634 no·
1274 2591 1355 2641 rom
1368 2571 1413 2640 de
1428 2591 1467 2638 re
1485 2568 1636 2638 maxima
1655 2568 1904 2651 concionetur,
1939 2583 2072 2642 attente
2085 2593 2166 2641 eam
2180 2596 2263 2642 con-
2308 2567 2309 2596 ³

220 2679 292 2752 bis
314 2691 351 2749 et
372 2669 635 2748 resuscitatum,
666 2661 751 2765 λόγε
770 2663 835 2740 καὶ
854 2660 980 2740 εἰκόνα
1001 2661 1127 2740 ἀΐδιον
1142 2685 1224 2751 σου,
1274 2672 1485 2744 sideremus:
1517 2682 1553 2740 et
1574 2670 1672 2763 quod
1693 2670 1792 2741 iubet
1811 2671 1887 2762 ipse
1901 2668 2055 2756 Paulus,
2077 2675 2268 2744 attenden-

234 2802 342 2874 quem
358 2771 503 2846 voluisti
516 2793 581 2862 pro
595 2769 699 2840 nobis
713 2791 787 2838 esse
802 2769 980 2840 victimam
994 2764 1059 2840 καὶ
1071 2763 1225 2862 μεσίτην
1274 2775 1360 2844 dum
1382 2793 1456 2842 esse
1477 2770 1640 2855 lectioni,
1674 2771 1710 2840 id
1734 2771 1903 2842 faciamus
1922 2773 1961 2841 in
1981 2767 2048 2843 hoc
2064 2774 2142 2867 ipso
2160 2775 2262 2858 dieto,

236 2877 301 2954 καὶ
317 2873 459 2970 ἱκέτην,
492 2882 533 2942 nt
548 2873 716 2941 accendas
730 2871 836 2940 corda
854 2883 974 2940 nostre
989 2870 1127 2962 Spiritu
1143 2893 1226 2938 san·
1273 2870 1343 2945 boe
1358 2887 1428 2958 est,
1452 2895 1534 2942 cum
1551 2873 1705 2965 quadam
1722 2872 1920 2942 intentione
1934 2873 2046 2943 animi
2063 2875 2262 2946 considers-

236 2995 294 3054 cto
309 2994 390 3063 tuo,
415 2989 449 3046 et
465 2972 608 3063 colligas
622 2971 689 3043 tibi
702 2968 897 3042 Ecclesiam
916 2984 1093 3041 aeternam
1111 2971 1149 3038 in
1168 2965 1225 3039 his
1273 2997 1353 3046 mus
1366 2971 1569 3068 quiddicat.
1608 2969 1757 3043 Initium
1771 2986 1887 3043 antem
1902 2975 2138 3046 enarrationis
2148 2999 2262 3048 suma-

237 3081 369 3155 nostris
390 3073 614 3167 regionibus,
648 3095 798 3166 eamque
817 3093 916 3161 regas
939 3084 974 3141 et
996 3093 1128 3157 serves,
1160 3093 1226 3141 uec
1274 3089 1335 3147 tur
1349 3099 1369 3144 a
1382 3067 1657 3166 reprehensione
1670 3073 1878 3144 falsissimae
1892 3077 2150 3166 persuasionis,
2177 3102 2261 3172 quae

239 3185 335 3254 sinas
355 3175 515 3266 extingui
531 3174 647 3245 lucem
658 3169 846 3263 Evangelii
869 3173 941 3257 tui,
964 3185 1000 3242 ct
1015 3173 1145 3244 tuearis
1160 3175 1228 3243 do-
1275 3177 1472 3246 multorum
1492 3175 1632 3244 animos
1654 3197 1829 3266 sempera
1849 3175 1988 3268 scriptis
2001 3175 2217 3270 propheticis
2229 3191 2263 3250 et

239 3283 374 3356 ctriuae
396 3273 556 3348 coelestis
581 3273 697 3344 studia
721 3288 755 3344 et
780 3273 1024 3364 disciplinam,
1052 3287 1086 3344 et
1102 3275 1227 3343 delen·
1275 3275 1477 3370 apostolicis
1499 3275 1663 3360 abduxit,
1688 3287 1723 3346 et
1738 3275 1891 3348 abducit.
1945 3275 2055 3348 Multi
2067 3281 2261 3352 doctrinam

238 3388 302 3456 das
322 3403 361 3452 sc
384 3380 559 3471 gubernes
579 3369 732 3467 hospitia
747 3369 1003 3461 Ecclesisrum,
1035 3388 1076 3446 ut
1091 3397 1228 3468 semper
1276 3380 1320 3447 de
1334 3377 1514 3460 moribus,
1547 3399 1637 3468 quae
1653 3377 1813 3446 nascitur
1833 3376 2042 3470 nobiscum,
2064 3403 2128 3452 sen
2144 3377 2260 3452 Philo·

238 3488 279 3556 in
291 3480 349 3554 his
363 3477 568 3570 regionibus
582 3477 655 3546 sint
671 3475 722 3568 pii
737 3489 856 3546 coetus
873 3489 909 3560 te
924 3477 1228 3545 veretinvocantes
1276 3471 1439 3569 sophiam
1461 3475 1621 3547 sufficere
1648 3476 1849 3548 existimant
1875 3479 1919 3548 ad
1943 3477 2164 3570 agnitionem
2185 3481 2271 3554 Deis

238 3603 275 3658 et
300 3585 526 3656 celebrantes.
595 3574 757 3670 Cumque
787 3575 935 3649 dixeris:
976 3573 1128 3669 Propter
1159 3599 1227 3661 me,
1276 3601 1343 3649 nee
1365 3590 1545 3670 praeterea
1567 3577 1664 3647 aliud
1689 3599 1799 3666 genus
1821 3579 2002 3651 doctrinae
2015 3597 2202 3675 expetunt,
2226 3607 2261 3653 ac

112 3705 114 3710 '
238 3700 386 3781 propter
405 3705 463 3752 sne
482 3681 626 3762 ladam,
656 3691 784 3748 utnon
807 3672 1049 3768 blasphemer,
1075 3677 1227 3770 supplici
1276 3675 1628 3770 horribiliseuperbia
1652 3692 1886 3750 contemnunt
1903 3682 2155 3772 patefactiones
2175 3685 2261 3755 divi-

239 3802 380 3881 pectore
390 3803 555 3866 oramus,
573 3792 613 3850 ut
627 3791 771 3872 propter
784 3777 1066 3867 gluriomstuam‚
1086 3792 1228 3852 aeterne
1276 3802 1359 3866 nas,
1385 3779 1515 3878 scripta
1528 3773 1734 3870 prophetica
1757 3793 1793 3850 et
1816 3783 2026 3872 apostolica,
2051 3797 2087 3855 et
2105 3787 2260 3857 ministe-

237 3887 354 3971 Deus,
372 3881 469 3955 vhaee
483 3883 578 3954 bona
594 3879 699 3950 nobis
714 3891 886 3970 praestes,
910 3876 1040 3948 Arnen.
1276 3881 1371 3952 riurn
1394 3880 1646 3968 evangelicum.
1696 3877 1806 3952 Multi
1824 3881 1947 3969 etiarn,
1970 3883 2035 3978 qui
2057 3885 2152 3957 vitre
2168 3911 2261 3982 prae·

245 4023 254 4030 ·
339 3985 443 4060 lianc
456 3981 692 4076 precationem
709 3979 772 4050 etsi
786 3979 890 4049 initio
907 3980 1228 4050 conventusiaccre
1277 3994 1376 4073 cepta
1399 3979 1438 4051 in
1461 3975 1656 4073 prophanis
1674 3980 1812 4073 legibus
1835 3984 2022 4077 etseriptis
2044 3991 2218 4059 concinne
2232 3999 2261 4058 et
2308 4011 2309 4092 p

148 4167 150 4172 ,
238 4113 335 4166 nunc
359 4085 511 4160 maxime
531 4081 716 4166 convenit,
749 4095 868 4152 tamen
887 4081 1025 4151 assidue
1042 4081 1227 4152 nobiseum
1273 4093 1352 4152 arte
1366 4083 1521 4176 quadarn
1537 4081 1726 4160 distributa
1746 4103 1820 4154 esse
1841 4083 1980 4166 vident,
2006 4087 2114 4179 louge
2135 4092 2261 4162 sntete-
2308 4095 2309 4180 l

239 4206 457 4286 repetamus,
481 4183 687 4256 nonsolum
707 4183 746 4252 iu
770 4181 911 4273 templis
926 4195 962 4252 et
975 4182 1127 4274 publicis
1141 4205 1229 4253 con·
1277 4196 1363 4254 runt
1376 4206 1437 4254 eos
1446 4183 1559 4254 libros
1576 4183 1760 4254 doctrinae
1775 4184 1939 4266 coelesti,
1961 4209 2066 4280 quam
2079 4185 2158 4262 'aron
2174 4193 2259 4266 iudi-

239 4293 438 4383 gre'ssibus,
466 4285 654 4358 sedetiam
678 4307 759 4356 curn
780 4282 848 4353 soli
868 4306 1008 4368 snmus,
1032 4285 1228 4374 cogitantes
1278 4297 1359 4356 caut
1374 4283 1485 4355 simili
1498 4283 1683 4374 diligentia
1692 4297 1737 4369 :et
1752 4297 1827 4356 arte
1843 4285 2110 4379 scriptamesse.

239 4397 419 4464 denostra
434 4388 565 4466 ssluts,
590 4399 625 4456 et
640 4385 685 4454 de
699 4381 877 4464 Ecclesia,
902 4385 1070 4456 erunibus
1088 4385 1176 4456 locis
1192 4399 1228 4458 et
1379 4384 1478 4474 Quid
1494 4383 1621 4474 igitur,
1652 4385 1839 4479 inquiunt,
1863 4405 1955 4480 opus
1971 4404 2023 4462 ost
2037 4382 2257 4485 patefactione

240 4492 470 4586 temporibus.
1043 4575 1044 4578 Ἴ
1276 4483 1370 4558 Dei?
1413 4483 1511 4575 Quid
1524 4485 1627 4556 libris
1648 4480 1865 4580 propheticis
1884 4503 1919 4561 et
1942 4495 2168 4582 apostolicis?
2202 4493 2255 4564 Vi-

339 4591 432 4666 Cum
451 4603 567 4660 antem
583 4585 920 4672 eteommunelactio
935 4580 1096 4656 hocloco
1112 4588 1228 4657 deos·
1277 4589 1364 4658 dent
1395 4587 1516 4657 eadem
1546 4587 1624 4657 siue
1652 4587 1764 4659 literis
1794 4582 1958 4660 homines
1981 4591 2177 4684 ingeniosi,
2205 4607 2254 4666 cut

225 4697 318 4767 dicio
340 4707 520 4792 pastorum
542 4687 702 4760 iacienda
725 4685 790 4771 sit,
815 4697 851 4756 et
869 4687 956 4756 alias
976 4689 1020 4756 de
1042 4689 1111 4758 alia
1128 4701 1227 4780 parte
1277 4703 1368 4760 certe
1383 4686 1574 4759 iucundius
1595 4689 1726 4760 tradito
1749 4690 1909 4780 legunto
1926 4691 2067 4764 disectis
2087 4697 2254 4789 scriptori-

238 4798 347 4870 olficii
365 4791 558 4867 dicendum
581 4789 645 4872 sit,
670 4799 712 4858 ut
732 4787 771 4855 in
786 4785 855 4856 alia
879 4789 1015 4881 synodo
1032 4790 1077 4858 de
1096 4790 1227 4871 tuenda
1276 4792 1344 4861 bus
1359 4787 1498 4860 Latinis
1519 4801 1554 4859 et
1576 4785 1748 4861 Graecis?
1786 4787 1823 4861 Ο
1844 4791 2100 4882 deplorondam
2123 4799 2252 4870 caecita-
2308 4867 2309 4876 ,

237 4923 341 4972 sverae
363 4891 546 4966 doctrinae
569 4887 776 4972 concordia,
805 4889 1002 4958 orationem
1024 4884 1151 4962 habui:
1175 4891 1227 4964 ita
1276 4906 1346 4964 tem
1364 4889 1502 4980 generis
1516 4883 1687 4981 humani,
1707 4915 1729 4960 o
1745 4891 2251 4986 flagitiosamingratitudinem.
2308 4881 2309 4944 l

237 5023 334 5069 nunc
359 5006 541 5070 cessantes,
556 4992 601 5060 ad
618 4989 994 5070 studiumdoctrinae,
1018 4993 1063 5061 ad
1080 4991 1226 5082 legenda
1275 4991 1370 5069 Num
1398 4992 1510 5062 levem
1531 5001 1608 5060 rens
1632 5005 1667 5062 et
1687 4991 1847 5064 ociosum
1869 4997 2109 5084 spectaculum
2134 5004 2253 5072 ducunt

234 5101 364 5190 scripta
388 5089 592 5191 prophetica
620 5103 654 5162 et
677 5085 887 5184 apostolica,
921 5103 955 5162 et
980 5092 1057 5184 pias
1082 5115 1227 5166 enarra-
1276 5115 1350 5164 esse
1373 5093 1450 5176 isti,
1482 5095 1579 5186 quod
1601 5089 1699 5163 Deus
1721 5117 1763 5164 ex
1785 5093 1848 5164 illa
1864 5095 1927 5165 sua
1948 5119 2075 5170 areana
2091 5104 2251 5194 sedepro

235 5201 351 5271 tiones
369 5193 551 5268 adhortari
568 5213 631 5264 vos
651 5190 809 5270 decrevi,
835 5193 932 5284 quod
947 5205 988 5266 ut
1011 5193 1227 5284 intelligatis,
1276 5195 1395 5274 diens,
1429 5194 1547 5264 statim
1577 5193 1682 5264 initio
1711 5209 1746 5267 et
1766 5194 1932 5288 deinceps
1962 5221 2084 5291 saepe,
2109 5205 2251 5275 cet-ticet

226 5299 392 5392 praecipi
414 5313 488 5366 non
510 5317 587 5364 mea
613 5315 715 5374 voce,
751 5292 811 5360 scd
828 5315 914 5362 voce
931 5291 1085 5386 Spiritus
1102 5296 1226 5377 sancti,
1276 5294 1475 5366 illustribus
1496 5293 1710 5366 testimoniis
1731 5319 1768 5367 se
1785 5298 1906 5387 generi
1923 5292 2079 5374 humatm
2094 5305 2251 5395 patefecit,

234 5401 389 5481 dicturo,
420 5395 519 5490 qnod
536 5407 634 5466 estat
653 5394 697 5465 in
712 5387 876 5485 Epistola
896 5389 1000 5466 Pauli
1028 5396 1075 5466 ad
1099 5393 1226 5468 Timo·
1277 5419 1342 5466 nos
1361 5395 1537 5468 allocutus
1564 5407 1636 5483 est,
1669 5399 1873 5470 mirandum
1901 5399 2084 5474 decretam
2107 5405 2248 5498 ignotum
