4704 5826
217 295 288 368 su
323 251 326 256 ’
658 255 818 360 nucu
849 281 925 358 nu
957 279 1180 415 ειιιιιιο
1213 285 1479 364 arnonas
1511 287 1801 368 susanae.
2172 295 2244 368 sn

220 489 304 538 vera
328 465 472 556 pietate,
506 459 701 530 Luciauus:
734 457 893 528 scribunt
917 457 1012 527 enim
1036 457 1208 528 sinceram
1347 457 1401 532 Ac
1415 462 1485 534 late
1499 477 1593 558 patet
1609 460 1676 535 hoc
1691 469 1788 559 quod
1804 468 1848 536 de
1862 459 1981 558 phrasi
1999 453 2167 541 diximus.
2197 463 2247 538 Ut

222 585 258 642 et
271 569 512 656 incorruptam
526 561 601 632 eins
614 559 824 630 sententiam
846 558 885 628 in
905 559 1071 630 omnibus
1084 557 1210 630 Eccle-
1258 561 1336 632 sine
1355 563 1433 634 luce
1454 587 1528 634 non
1551 567 1647 636 cerni
1670 581 1817 658 possum
1846 569 2006 638 colorum
2029 567 2246 648 discrimina,

224 675 295 742 siae
315 665 538 756 dogmatibus
553 662 671 732 fisisse.
723 659 794 731 llic
811 661 922 732 edidit
946 662 1210 754 interpretatio·
1259 664 1307 734 ita
1329 664 1405 734 sine
1426 667 1628 757 cognitione
1643 663 1800 761 phrasis,
1823 683 1918 740 totus
1938 691 2054 740 sermo
2068 669 2197 740 veteris
2212 683 2247 739 et

222 795 305 844 nem
321 769 423 839 valde
438 767 627 835 laudatam.
670 761 790 852 Quare
805 763 940 832 etiamsi
956 759 1208 854 Apostolorum
1259 767 1345 835 novi
1371 763 1589 840 Testamenti
1622 771 1763 860 ignotus
1796 783 1858 844 εει.
1908 769 2000 842 Νειιι
2027 772 2093 841 ειεὶ
2116 795 2248 842 ιιιοιιιι-

224 886 335 946 aetate
368 867 611 960 interpretatio
644 865 683 932 in
715 864 881 933 manibus
912 859 1101 935 hominum
1131 863 1211 944 fuit,
1260 881 1378 938 menta
1398 865 1652 960 Apostolorum
1677 869 1812 942 Graeca
1836 885 1938 958 sunt,
1969 885 2086 942 tamen
2109 867 2248 964 phrasis

225 993 454 1070 quoscunque
486 969 547 1037 illa
580 979 720 1036 autores
751 959 893 1036 habuit:
927 979 1045 1036 tamen
1070 965 1211 1056 linguae
1261 965 1484 1040 estEbraiea:
1506 987 1547 1042 ut
1560 995 1657 1043 nuuc
1673 973 1818 1063 plurimi
1830 973 1954 1043 Latine
1969 973 2166 1067 loquentes,
2187 997 2249 1064 ps-

224 1075 382 1148 studium
416 1069 554 1142 utiliter
585 1080 759 1140 retentum
790 1079 859 1153 est,
891 1079 932 1138 ut
955 1067 1083 1138 usitata
1106 1067 1211 1136 lectio
1260 1071 1348 1140 triae
1376 1070 1517 1162 liuguae
1551 1068 1699 1166 phrasin
1733 1087 1851 1145 tamen
1881 1075 2079 1150 imitantur.
2138 1073 2249 1168 ldque

226 1173 407 1250 emendari
429 1185 463 1240 et
489 1170 661 1241 illustrari
684 1181 812 1262 posset.
868 1161 971 1238 Nihil
991 1168 1130 1238 facilius
1150 1181 1213 1252 est,
1261 1171 1730 1266 magisacciditApostolis‚
1761 1177 1823 1269 qni
1839 1171 2098 1266 Prophetarum
2115 1198 2251 1244 sermo-

226 1303 331 1374 quam
353 1295 520 1364 magnum
538 1295 701 1342 acervum
724 1282 918 1340 erratorum
937 1283 1092 1342 vetustae
1115 1270 1213 1340 illius
1262 1297 1343 1342 nem
1359 1274 1459 1362 gravi
1472 1276 1621 1346 consilio
1633 1292 1668 1348 et
1683 1300 1811 1367 magno
1826 1279 1945 1348 studio
1960 1279 2200 1372 sequebantur
2212 1299 2251 1344 ac

227 1380 385 1452 Graecae
398 1373 560 1446 lectionis
574 1394 779 1462 congerere,
804 1385 839 1442 ει
853 1371 996 1464 quidem
1012 1372 1051 1439 in
1071 1386 1213 1442 senten·
1261 1375 1467 1445 reddebant.
1521 1377 1569 1448 Ut
1585 1377 1694 1467 igitur
1716 1392 1808 1449 recte
1830 1391 1864 1449 et
1887 1381 2008 1448 dextre
2030 1377 2252 1467 intelligatur
2330 1411 2331 1414 ¹

226 1483 286 1554 tiis
308 1501 399 1574 quae
423 1475 633 1568 peculiarem
658 1473 855 1542 doctrinam
877 1473 1078 1558 continent,
1111 1473 1213 1543 utin
1262 1497 1372 1566 genus
1404 1479 1577 1548 sennonis
1610 1481 1649 1548 in
1688 1479 1856 1550 universo
1889 1503 2037 1570 corpore
2069 1501 2251 1549 sacrorum

226 1582 369 1655 Psalmo
390 1601 465 1648 non
484 1576 780 1646 dissimulandum
805 1575 966 1667 estquod
987 1575 1213 1664 scripserunt,
1263 1578 1455 1658 librorum,
1490 1574 1628 1670 phrasis
1653 1581 1821 1652 discenda
1852 1597 1915 1652 est.
1971 1577 2028 1652 Ad
2055 1575 2150 1650 hanc
2177 1580 2252 1647 sine

226 1676 494 1776 Apprehendite
517 1677 756 1768 disciplinam:
796 1699 861 1766 pro
890 1676 985 1746 dieto
1007 1670 1215 1766 Prophetae,
1262 1675 1424 1748 Ebraicis
1438 1679 1550 1750 literis
1564 1681 1743 1774 perveniri
1760 1707 1834 1752 non
1850 1695 1975 1774 potest.
2024 1681 2115 1752 Nam
2134 1680 2252 1750 consi·

226 1780 453 1858 Osculamiui
473 1779 598 1852 filium.
650 1777 692 1846 ln
716 1773 783 1846 hoc
807 1778 904 1858 loco,
931 1777 993 1870 qui
1017 1779 1061 1846 de
1083 1776 1214 1848 Messia
1263 1780 1440 1850 derandae
1462 1795 1545 1852 suut
1565 1783 1755 1854 verborum
1778 1784 1933 1874 origines
1953 1797 1989 1854 ct
2008 1777 2196 1874 emphases
2215 1781 2253 1850 in

226 1883 468 1959 testimonium
494 1893 528 1951 et
555 1879 752 1949 doctrinam
781 1877 1019 1948 dulcissimam
1046 1878 1215 1961 continet,
1264 1881 1349 1973 ipsis
1369 1881 1547 1968 fontibus,
1575 1885 1741 1955 discenda
1764 1898 1815 1955 est
1835 1886 2048 1976 proprietas,
2075 1881 2253 1955 etviden-

225 1983 457 2060 hallucinatio
472 1971 562 2053 iuste
577 1975 859 2072 reprehenditur.
890 1977 944 2049 Ac
957 1977 1087 2048 similia
1101 1993 1214 2049 errata
1264 1985 1371 2065 dum,
1399 1983 1464 2053 nbi
1485 1987 1743 2056 transferantur
1757 2009 1860 2056 voees
1883 1987 2058 2075 singulae,
2084 1998 2146 2055 aut
2170 1985 2254 2052 iun-

225 2083 526 2179 interpretationis
543 2095 698 2152 vetustae
710 2077 865 2150 Graecae
880 2094 914 2150 ει
932 2079 1080 2150 Latinae
1105 2080 1214 2150 multa
1264 2097 1358 2168 ctae,
1384 2084 1558 2154 allusione
1572 2099 1606 2157 et
1620 2087 1741 2176 figuris
1756 2088 1799 2156 ad
1817 2088 1948 2157 vicinas
1965 2085 2254 2176 significationes.
2332 2149 2333 2152 ,

225 2187 366 2263 recitari
380 2195 532 2279 possent.
564 2181 713 2272 Quoties
728 2183 833 2252 etiam
848 2181 984 2267 accidit,
1004 2195 1045 2252 ut
1058 2181 1213 2251 membra
1265 2181 1428 2254 Omnino
1451 2188 1639 2278 peculiaris
1658 2191 1771 2257 forma
1798 2203 1849 2258 cst
1868 2188 2059 2273 orationis,
2085 2185 2256 2278 gravissi·

225 2295 264 2362 in
283 2287 572 2380 interpretatione
588 2296 833 2376 compareant,
857 2297 891 2353 et
908 2295 1025 2352 tamen
1041 2283 1213 2354 sententia
1263 2311 1342 2356 mae
1357 2285 1455 2357 illius
1469 2289 1701 2382 antiquitatis,
1727 2289 1855 2375 brevis,
1880 2291 2035 2359 conferta
2052 2291 2171 2372 rebus,
2195 2309 2256 2354 ve-

226 2418 301 2464 nun
315 2389 534 2478 intelligatur
550 2387 595 2456 ab
612 2385 656 2454 iis
671 2384 732 2479 qui
751 2379 896 2476 phrasin
919 2407 992 2453 non
1011 2395 1215 2473 agnoscunt,
1264 2391 1429 2472 recunda,
1450 2413 1525 2458 non
1541 2390 1725 2480 ambigua,
1750 2391 1809 2460 sed
1827 2390 1913 2460 alibi
1926 2391 2089 2482 proprie,
2116 2389 2256 2476 signate

225 2509 265 2568 ιιι
284 2495 323 2562 in
340 2491 496 2562 Psalmo:
523 2487 564 2559 Si
588 2486 770 2558 dormietis
795 2485 888 2556 inter
907 2485 1215 2580 mediosclypeos,
1265 2502 1299 2558 et
1313 2489 1468 2558 dilucide
1489 2515 1691 2583 proponens
1713 2491 1805 2582 leges
1830 2505 1865 2563 et
1880 2493 2063 2581 dogmata,
2089 2490 2177 2560 alibi
2201 2511 2257 2557 res
2333 2513 2334 2518 ¹

223 2619 361 2692 pennae
385 2590 569 2663 columbae
586 2589 682 2658 velut
707 2601 888 2676 argentum
906 2598 940 2656 et
961 2611 1087 2657 aurum
1102 2587 1215 2676 fulge·
1264 2592 1402 2660 easdem
1420 2590 1634 2662 dulcissimis
1650 2593 1770 2682 liguris
1787 2593 1952 2684 pingens:
1980 2617 2069 2686 quae
2084 2591 2133 2662 ita
2148 2585 2258 2659 adhi-

224 2701 327 2770 bunt.
376 2691 488 2766 Recte
510 2691 617 2760 verba
642 2689 778 2758 reddita
795 2699 897 2772 sunt,
923 2689 984 2757 sed
1008 2687 1093 2782 quid
1116 2688 1215 2756 dica·
1264 2693 1411 2778 bentur,
1435 2705 1476 2762 ut
1495 2693 1618 2762 lumen
1646 2696 1717 2763 siut
1743 2719 1865 2764 eorum
1887 2719 1976 2787 quae
1998 2693 2084 2762 alibi
2106 2691 2257 2784 proprio

225 2815 303 2885 tur,
327 2793 448 2868 Latini
462 2789 645 2873 homines,
673 2790 787 2880 ignari
805 2788 1071 2859 consuetudinis
1085 2785 1214 2860 Ebrai·
1265 2817 1426 2864 sermone
1441 2793 1628 2880 dicuntur,
1652 2819 1726 2863 uun
1744 2808 1784 2865 ut
1803 2795 1993 2866 offundant
2012 2795 2196 2874 tenebras,
2225 2807 2259 2861 et
2334 2779 2335 2788 ἵ

225 2926 304 2986 cae,
331 2895 488 2968 indicare
510 2918 585 2964 uun
605 2905 765 2984 possunt,
816 2888 925 2961 Aliud
944 2891 1052 2980 igitur
1065 2891 1127 2960 alii
1144 2889 1215 2962 La·
1266 2919 1307 2964 ex
1322 2895 1426 2967 certis
1442 2895 1664 2984 dogmatibus
1679 2897 1810 2966 faciant
1828 2897 2002 2985 ambigua.
2055 2893 2143 2966 Vult
2160 2892 2259 2964 Deus

225 3003 293 3073 tini
320 3001 359 3070 in
390 2997 590 3068 enarrando
617 2993 856 3064 somniarunt:
890 2995 949 3062 sed
972 2992 1035 3086 qui
1058 2991 1216 3082 agnoscit
1265 3019 1364 3065 suam
1381 2997 1590 3066 senteutiam
1607 2997 1644 3065 in
1661 2997 1784 3086 legeet
1799 2998 2033 3088 promissione
2045 2995 2258 3066 reconcilia·
2335 2999 2336 3050 ἐ

225 3099 392 3198 phrasin,
418 3097 587 3186 iutelligit
611 3097 654 3164 de
677 3094 831 3164 exercitu
852 3091 934 3164 dici.
987 3092 1027 3166 si
1043 3093 1214 3182 iacebitis,
1265 3097 1373 3168 tionis
1395 3110 1524 3167 cenam
1550 3111 1585 3168 et
1606 3097 1812 3188 explicatam
1839 3121 1931 3182 esse,
1964 3121 2038 3167 non
2063 3097 2157 3167 ludit
2182 3119 2261 3164 aru-

226 3205 261 3275 id
279 3217 350 3288 est,
376 3199 405 3270 si
420 3211 530 3268 castra
545 3193 726 3266 habebunt
743 3189 922 3268 Ecclesiae
938 3193 1066 3286 passim
1081 3195 1118 3263 in
1134 3193 1217 3262 liui-
1266 3199 1370 3288 bigne
1384 3197 1507 3282 dictis,
1532 3223 1607 3268 non
1620 3199 1776 3272 offundit
1789 3199 2009 3293 praestigias,
2035 3223 2109 3266 non
2126 3197 2261 3266 estruit

224 3307 304 3398 bus,
330 3303 448 3388 idest,
475 3297 681 3391 provinciis,
705 3297 891 3386 fulgebunt
905 3297 1007 3378 acies,
1033 3311 1075 3368 ut
1090 3319 1215 3366 aurum
1265 3294 1508 3393 labyrinthos,
1542 3301 1602 3368 sed
1631 3300 1737 3392 plane
1765 3300 2013 3384 concionatur,
2045 3312 2085 3369 ut
2113 3312 2260 3367 nostrae

226 3423 260 3480 et
274 3417 469 3498 argentum.
495 3397 604 3491 Apud
618 3394 760 3468 Esaiam
776 3397 920 3487 legitur:
946 3395 1216 3469 Consummatio
1266 3413 1403 3470 mentes
1425 3423 1506 3470 eum
1529 3399 1714 3487 iuvocare,
1741 3413 1775 3471 et
1796 3415 1926 3470 certam
1946 3401 1991 3470 de
2008 3401 2085 3470 eius
2099 3400 2261 3468 benevo-

225 3506 428 3581 abbreviata
458 3499 652 3573 exundabit
679 3499 873 3590 iusticiam,
904 3499 1035 3585 idest,
1067 3499 1106 3568 iu
1131 3523 1217 3568 cou-
1267 3501 1377 3573 lentia
1408 3501 1618 3572 seutentiam
1651 3502 1836 3594 concipere
1861 3502 2006 3594 possint.
2066 3499 2114 3573 Ut
2139 3515 2260 3569 autem

225 3607 479 3692 summatione,
506 3599 576 3673 boc
599 3614 668 3688 est,
700 3603 738 3669 iu
755 3601 826 3670 line
843 3613 879 3670 et
902 3601 1050 3670 interitu
1073 3599 1217 3692 politiae
1267 3599 1352 3673 haec
1375 3602 1549 3673 certitudo
1572 3616 1733 3673 teneatur
1748 3615 1782 3673 et
1799 3603 2026 3688 defendatur,
2052 3623 2193 3671 necesse
2208 3613 2261 3670 est

146 3749 154 3758 ·
226 3711 406 3785 Moesicae
437 3705 648 3785 constituto,
685 3701 821 3774 iusticia
852 3703 1061 3772 exuudabit:
1095 3701 1219 3785 idest,
1267 3701 1438 3775 Doctores
1459 3704 1497 3772 in
1516 3699 1672 3774 Ecclesia
1693 3699 1841 3795 phrasin
1862 3705 1937 3774 eins
1959 3705 2102 3794 linguae
2124 3701 2261 3772 intelli-

227 3811 421 3884 donabitur
450 3821 591 3878 aeterna
619 3804 772 3889 iustitia,
804 3817 838 3874 et
868 3803 938 3873 late
966 3803 1219 3895 propagabitur
1268 3829 1358 3896 gere,
1382 3829 1473 3899 quae
1487 3805 1601 3876 literis
1615 3804 1817 3876 testimonia
1834 3819 1867 3874 et
1884 3827 2064 3874 sermones
2077 3801 2145 3873 Dei
2162 3827 2260 3872 eom-

228 3915 336 3986 misso
364 3913 606 3999 redemptore,
641 3919 676 3975 et
708 3927 827 3997 sparsa
860 3905 898 3972 in
933 3907 1107 3974 mundum
1135 3927 1219 3974 voce
1267 3907 1369 3999 plera
1393 3919 1455 3978 est.
1508 3903 1557 3978 Ut
1583 3905 1733 3977 artifices
1753 3919 1907 3977 caeteros
1928 3927 2068 3976 necesse
2093 3917 2145 3974 cst
2176 3926 2261 3973 suae

227 4011 427 4104 Evangelii.
476 4007 556 4080 Hoc
572 4007 707 4078 dictum
728 4003 877 4076 aPaulo
897 4005 1000 4076 citari
1023 4007 1067 4076 ad
1084 4001 1219 4076 Roma·
1268 4030 1445 4103 quemque
1460 4007 1546 4077 artis
1562 4009 1732 4079 vocabula
1755 4031 1874 4078 nosse:
1899 4008 1949 4077 sic
1963 4031 2029 4078 nos
2051 4008 2090 4076 in
2102 4001 2261 4075 Ecclesia

228 4141 296 4189 nos
311 4111 540 4197 meministis,
563 4110 625 4205 qui
641 4109 830 4179 lectionem
848 4121 934 4176 tunc
949 4109 1112 4178 usitatam
1135 4107 1221 4177 reti·
1269 4121 1408 4202 oportet
1423 4131 1542 4178 earum
1558 4133 1677 4180 rerum
1698 4109 1952 4202 appellationes
1973 4107 2192 4196 intelligere,
2218 4110 2261 4175 de

230 4219 324 4306 nuit,
348 4209 840 4294 necaberravitasententia‚
867 4209 1004 4280 tametsi
1018 4210 1122 4281 lectio
1134 4231 1221 4278 con·
1270 4210 1401 4304 quibus
1417 4209 1514 4282 Deus
1536 4209 1779 4282 concionatur.
1830 4207 1963 4280 Paulus
1986 4209 2089 4278 dicit:
2118 4205 2262 4278 induite

230 4321 308 4392 fusa
324 4331 376 4389 est
393 4331 428 4387 et
440 4315 595 4386 mutila..
628 4311 698 4384 Sed
722 4302 858 4382 c‘ollatis
876 4311 1035 4381 fontibus
1061 4310 1223 4400 agnosei—
1271 4313 1402 4382 viscera
1417 4311 1695 4382 miserationum.
1729 4310 1828 4400 Quid
1844 4307 1953 4382 homo
1968 4308 2118 4380 Latinus
2132 4333 2174 4377 ειι
2191 4323 2260 4378 tam

232 4437 292 4495 tur
315 4417 505 4492 sententia:
549 4406 663 4514 λόγον
695 4415 884 4486 συντελῶν
912 4407 976 4484 καὶ
1003 4408 1223 4506 συντέμνων
1272 4413 1456 4506 peregrina
1470 4415 1583 4484 forma
1599 4413 1773 4483 sermonis
1793 4411 1993 4502 intelligat?
2025 4410 2095 4482 Sed
2110 4406 2262 4480 Ebraeis

119 4585 122 4592 .
235 4523 276 4598 ἐν
292 4510 523 4611 δικαιοσύνῃ.
581 4515 759 4608 luterpres
781 4506 898 4613 λόγον’
921 4517 1109 4587 συντελῶν
1135 4513 1224 4583 dixit
1271 4515 1398 4585 usitata
1430 4511 1637 4606 metaphora
1665 4528 1735 4594 εει,
1765 4513 1899 4584 viscera
1923 4535 1988 4606 pro
2012 4537 2093 4583 vera
2120 4513 2262 4610 στοργῇ

234 4650 309 4698 rem
324 4623 463 4704 finiens,
480 4633 521 4689 ut
533 4617 649 4688 solent
659 4611 791 4687 Ebraei
806 4617 939 4685 dicere:
954 4613 1060 4704 Quod
1076 4630 1127 4687 εει
1144 4637 1224 4684 ver·
1273 4617 1390 4686 cordis
1405 4616 1532 4686 dicere.
1583 4611 1680 4707 Ergo
1702 4639 1781 4685 cum
1806 4615 1941 4708 inquit:
1969 4611 2111 4684 lndnite
2126 4613 2261 4682 viscera

233 4731 340 4812 bum,
365 4725 403 4794 id
420 4736 483 4807 est,
509 4720 595 4814 quid
611 4717 681 4800 rei,
708 4719 794 4812 quid
808 4717 946 4807 negocii
960 4732 1022 4790 est.
1077 4715 1140 4802 lta,
1166 4716 1224 4785 iu·
1272 4717 1559 4804 miserationum,
1584 4719 1660 4790 vult
1675 4739 1750 4786 uon
1766 4716 1966 4786 simulatam
1982 4715 2260 4785 misericordiam

235 4831 331 4925 quit,
357 4826 477 4906 liniet,
502 4821 600 4894 utin
624 4845 665 4890 eo
692 4819 836 4890 interitu
860 4832 977 4889 tamen
1000 4817 1138 4890 iusticia
1165 4843 1225 4889 ex·
1273 4820 1432 4905 ostendi,
1471 4821 1531 4890 sed
1568 4843 1687 4890 veram
1720 4831 1755 4889 et
1778 4831 1978 4888 nascentem
1999 4816 2038 4885 in
2060 4817 2168 4887 corde
2191 4815 2263 4886 esi-

99 4963 101 4966 ·
235 4932 386 5002 oriatur:
421 4925 484 5020 qni
508 4925 658 4994 verbum
681 4920 924 4992 abbreviatum
949 4921 1069 5006 faciet,
1102 4921 1225 5010 idest,
1273 4933 1373 5006 stere‚
1399 4921 1438 4990 in
1453 4945 1522 5016 qua
1541 4933 1655 4992 totum
1671 4932 1791 5011 pectus
1809 4918 1938 4990 sentiat
1952 4919 2111 4989 dolorem
2126 4918 2263 4987 alienae

236 5055 310 5102 rem
326 5026 583 5100 abbreviatam:
615 5019 684 5094 hoc
701 5037 772 5106 est,
797 5023 903 5092 linem
928 5023 1117 5093 constituet
1140 5018 1225 5094 huic
1273 5023 1446 5095 miseriae.
1497 5020 1581 5092 ldeo
1595 5021 1682 5092 dicit
1701 5012 1895 5118 σπλάγχνα
1910 5020 2123 5116 οἰκτιρμῶν.

235 5131 400 5226 politiae,
432 5131 471 5199 iu
488 5151 557 5222 qna
574 5124 695 5196 ludaei
711 5123 884 5217 putabant
901 5145 939 5193 se
961 5123 1112 5215 imperio
1128 5125 1225 5195 orbis
1373 5124 1497 5210 Dices,
1521 5119 1590 5193 boc
1607 5145 1680 5192 esse
1695 5121 1895 5203 minutum,
1920 5135 1955 5193 et
1969 5122 2046 5191 sine
2061 5116 2128 5190 hac
2150 5121 2263 5191 subti-

237 5247 410 5305 terrarum
427 5231 603 5323 potituros
619 5249 703 5298 esse.
751 5222 831 5296 Etsi
845 5225 954 5314 igitur
967 5225 1072 5298 lectio
1089 5224 1224 5297 Graeca
1273 5226 1371 5298 litate
1388 5249 1508 5296 rerum
1524 5247 1678 5295 summas
1692 5223 1843 5312 intelligi
1862 5245 1975 5315 posse.

239 5334 421 5405 confusior
444 5343 514 5416 est,
538 5345 656 5402 tamen
678 5324 830 5399 Ebraice
849 5338 1029 5420 utcunque
1053 5327 1225 5415 eruditus,
1375 5325 1453 5417 Ego
1467 5350 1554 5396 vero
1569 5325 1668 5396 volui
1682 5325 1879 5417 exemplum
1895 5347 2093 5418 proponere
2106 5347 2183 5392 non
2201 5325 2263 5394 ob-

238 5433 395 5526 agnoscit
409 5431 561 5502 Paulum
576 5432 730 5503 retinere
744 5427 902 5500 nativam
916 5427 1137 5505 sententiam.
1250 5463 1252 5476 ·
1273 5451 1427 5501 acorum.
1469 5426 1519 5500 At
1533 5422 1624 5498 mibi
1640 5427 1773 5500 credite
1787 5439 1883 5498 totus
1897 5449 2013 5498 sermo
2035 5420 2263 5518 propheticus
