4616 5816
88 309 154 386 au
558 302 849 422 ¹oneretur
881 301 1370 388 transumuntur
1399 243 1641 382 uacuus}
2041 311 2120 396 ιιι

86 487 437 575 commemoramur
462 483 594 584 quihus
616 485 778 581 ipparst,
804 478 979 560 diuinitus
1006 479 1072 558 has
1124 497 1266 558 notatus
1287 484 1364 567 sit,·
1387 497 1421 556 et
1442 507 1548 580 quem
1569 485 1711 557 oderint
1729 509 1769 558 ac
1796 485 1934 578 fugiant
1956 479 2116 585 reliquas

85 589 249 680 imagines
267 592 577 682 propositasesse,
600 591 842 662 ιιιίιιιιιιιιιιιι
857 589 997 682 magnis
1014 612 1071 658 re-
1122 611 1282 660 asesceu
1298 589 1417 658 dirum
1430 602 1649 680 portentum.
1702 587 1753 660 lta
1778 591 1874 662 enim
1896 587 2022 662 natura
2038 593 2116 664 ler-

84 694 145 764 ltus
166 693 203 760 iu
221 692 384 772 vitantis
402 691 644 772 admoneant·
681 687 1070 784 Aspraecipuseome
1122 705 1182 760 tur
1197 691 1301 761 illum
1319 693 1504 760 damnasse
1526 691 1734 782 impietatis,
1759 703 1800 762 ut
1814 717 1896 762 vere
1916 707 2008 764 erret
2023 695 2115 768 sicut

84 795 227 866 delectat
259 795 407 874 istarum
442 793 776 886 reruni'cogltstiu,
823 791 924 889 qood
944 789 1071 867 vlslcor'
1123 793 1268 884 polluti,
1308 793 1386 864 sinc
1418 793 1506 862 nido
1538 807 1573 862 et
1601 793 1678 862 sine
1710 793 1782 863 ulla
1806 796 1988 879 societate,
2022 797 2114 872 sicut

85 889 166 966 milri
179 897 520 970 uidere-testiumuis
534 897 894 1008 diuinitusimprasss
911 909 1069 978 naturae,
1121 897 1215 987 apud
1236 893 1433 966 Homerum
1458 898 1503 965 de
1524 919 1639 988 poena
1661 895 1854 987 impiorum
1877 897 2008 967 dicitur
2029 895 2115 970 ἄνι’-

84 1021 165 1091 quae
178 999 373 1070 ostendum
391 999 595 1072 mundum
579 1021 656 1070 nou
677 999 832 1070 extitisse
853 997 954 1083 ιιιιι,
979 1018 1069 1091 quse
1122 1016 1221 1078 στιος
1241 992 1304 1070 aui
1326 989 1534 1117 ἀφρήτωρ..
1568 995 1678 1068 8ο1ιιι
1691 1021 1786 1066 emm
1810 997 1888 1068 sine
1908 999 1985 1068 ulla
2001 1001 2112 1072 socie-

83 1100 285 1194 quidemita
307 1099 587 1187 suntillustria',
604 1101 801 1172 uttveteres
824 1102 927 1177 etiam
943 1096 1068 1170 Pltilo·
1123 1099 1656 1188 tatesuigeuerisautaliarum
1681 1097 1811 1173 avium
1809 1114 1978 1198 vagatur.
2029 1101 2134 1174 Non·

83 1195 205 1292 sophos
236 1205 426 1276 mouerint.
499 1156 587 1276 ldesi
613 1204 712 1274 enim
742 1203 934 1296 praeclare
942 1203 1068 1295 inquit
1122 1201 1738 1292 igiturobscuraestsignilicatio:
1727 1201 1844 1292 imago
1867 1203 2114 1312 propositam
2165 1261 2166 1264 ¹

86 1300 320 1390 dnstotules,
310 1331 350 1374 ιιι
365 1331 482 1396 pruno
495 1309 541 1376 da
555 1307 716 1398 partsbus
731 1305 958 1379 animalium
949 1302 1067 1376 ·Cum
1122 1306 1158 1372 in
1180 1318 1268 1376 tetra
1291 1305 1451 1388 volucre,
1476 1319 1516 1374 ut
1541 1304 1739 1389 videamus,
1766 1307 1987 1400 turpissimae
2007 1301 2113 1377 natu-

83 1403 117 1474 iu
141 1407 309 1478 omnibns
335 1407 496 1498 partibus
528 1423 676 1479 naturae
703 1409 788 1479 insit
818 1409 1067 1478 admirandum
1121 1405 1466 1476 raesimilitudinem
1490 1401 1651 1476 habere'
1641 1421 1807 1526 ingratus.
1858 1409 2010 1484 Sicutin
2033 1411 2114 1490 aliis

83 1507 264 1598 quiddam,
297 1511 382 1581 satis
404 1533 594 1603 apparere,
624 1525 789 1582 naturam
816 1533 890 1580 non
916 1507 1067 1578 extitisse
1120 1509 1234 1578 foedis
1267 1495 1481 1578 animalibus
1520 1497 1692 1578 aliorum
1708 1505 1878 1580 vitiorum
1913 1505 2112 1583 similitudi

82 1631 181 1678 casu
198 1609 312 1682 Stoici
330 1613 438 1688 ettam
455 1609 521 1685 hoc
538 1613 689 1683 consulto
703 1624 866 1684 naturam
879 1613 1067 1690 deliniunt
1122 1611 1299 1703 propcsrta
1314 1625 1390 1695 est,
1405 1625 1445 1681 ut
1462 1609 1601 1702 cognita
1625 1611 1846 1700 turpitudine
1867 1613 2018 1698 bestiae,
2045 1609 2112 1684 ho-
2161 1616 2164 1622 '

83 1711 146 1778 vim
161 1719 243 1784 arto
264 1717 547 1806 progredientem
571 1717 617 1786 ad
640 1718 899 1804 generandum
926 1729 960 1786 et
980 1713 1066 1804 p'ro·
1121 1715 1233 1783 mines
1251 1711 1363 1803 'magis
1386 1708 1639 1782 abhorreanta
1665 1712 1843 1784 similibus
1869 1715 1982 1802 vitiis3
2006 1712 2112 1788 ιιιιιι
2153 1801 2159 1810 .

83 1811 217 1884 litentur
239 1837 277 1886 sa
300 1817 565 1891 intermunus
586 1817 717 1888 addere
739 1815 870 1900 artem,
897 1830 934 1888 ut
955 1815 1066 1904 sigui-
1122 1817 1205 1906 lupo
1222 1816 1314 1884 inest
1333 1815 1506 1906 rapacitas
1519 1829 1553 1886 ιι
1572 1815 1780 1900 crudelitas,
1805 1816 1843 1884 in
1862 1819 1993 1911 polypo
2015 1808 2112 1890 tanta

82 1913 176 1986 beent
206 1932 373 1990 naturam
393 1934 524 1988 'mente
546 1922 700 2012 qtsadam
729 1921 802 2010 regi
836 1922 874 1988 in
901 1915 1068 1988 omnibus
1120 1919 1247 2003 libido,
1269 1931 1309 1988 ut
1324 1917 1550 2009 extinguatur
1564 1917 1602 1990 iu
1618 1915 1821 1990 concubitu.
1854 1916 1989 1990 Noctua
2008 1921 2113 2010 piscis
2200 1951 2202 1961 ¹

81 2017 294 2104 actionibus,
319 2022 522 2114 quaevalut
537 2023 661 2090 artilex
678 2035 729 2092 est
747 2020 1067 2112 omniumgenera'-
1121 2035 1191 2091 tam
1211 2043 1318 2090 vorax
1332 2033 1395 2099 est,
1419 2032 1460 2090 ut
1474 2043 1548 2090 non
1566 2019 1703 2090 desinat
1717 2017 1754 2090 se
1770 2041 1917 2090 onerare
1932 2021 2022 2108 cibo,
2044 2027 2112 2093 ‹lo-t

81 2117 213 2190 bonurn
233 2136 448 2193 eumotunm
471 2123 665 2198 inwuatnra
715 2121 915 2194 Libenter
905 2123 1068 2230 igiturex
1121 2147 1185 2192 nec
1203 2134 1401 2212 rumpatur.
2102 2145 2108 2160 ¹

81 2213 282 2292 huiusmodi
298 2225 454 2295 materiis
470 2220 688 2344 sunsp'siboc
708 2225 788 2296 leco
807 2221 1068 2344 argumentum,
1140 2225 1143 2230 ’
1221 2223 1290 2294 Sed
1308 2224 1454 2315 longum
1470 2236 1561 2294 ιιιιι
1580 2227 1736 2316 exempla
1748 2249 1925 2318 perseqsu
1978 2221 2085 2296 Adi'
2054 2249 2112 2296 m

83 2339 117 2392 ut
135 2325 292 2394 iuvenci
289 2327 500 2412 admoniti,
526 2327 566 2398 ιι
582 2328 649 2418 ipsi
673 2322 757 2398 haec
775 2330 919 2418 uestigia
940 2327 1039 2398 Dei
1029 2349 1067 2394 m
1121 2325 1282 2398 stitutum
1313 2338 1561 2416 argumentum
1593 2329 1711 2401 redeo.
1773 2326 1936 2398 Adiectat
1965 2323 2112 2400 etscirlus

81 2439 198 2496 natura
231 2429 487 2502 consider-siut.¹
526 2427 596 2501 Sed
628 2429 731 2502 uideo
759 2452 816 2498 me
849 2431 901 2502 in
920 2427 1067 2500 exordio
1121 2431 1226 2500 etiam
1251 2429 1409 2498 Musicae
1432 2427 1594 2516 laudern,
1622 2453 1731 2522 quare
1751 2429 1816 2498 ubi
1839 2430 2111 2502 lusciniamau-
2205 2453 2214 2466 ’

82 2525 213 2618 longius
226 2545 420 2620 evagatum
429 2553 503 2602 esse
518 2557 623 2626 quatu
640 2533 814 2617 volebam,
832 2531 896 2606 ιιι
913 2529 1069 2602 arbrtror
1122 2531 1223 2617 divit,
1241 2529 1462 2610 eosdvulat,
1490 2543 1525 2599 et
1540 2532 1708 2601 excitatus
1721 2545 1826 2601 cautu
1841 2531 1948 2617 dhus
1974 2557 2054 2602 essm
2072 2557 2112 2604 ea

82 2630 172 2698 vobis
195 2631 366 2724 quidem,
401 2631 464 2727 syrti
486 2650 520 2704 ct
541 2629 794 2724 Philosophiae
824 2649 858 2708 et
885 2633 1069 2723 religionis
1121 2647 1254 2704 certare
1269 2621 1396 2705 studet
1429 2629 1524 2700 Hunc
1539 2631 1692 2722 sutellsgr
1705 2635 1815 2722 m'agis
1831 2649 1958 2724 potest,
1985 2637 2022 2703 in
2038 2659 2111 2743 quo
2190 2701 2191 2704 ,

82 2733 428 2821 amantissimiastis,
454 2736 682 2806 uonluisse
672 2751 844 2827 mgr-atam
862 2732 953 2806 hauc
972 2759 1068 2804 com-
1121 2756 1248 2827 genere
1261 2730 1462 2819 hominum,
1489 2735 1646 2823 ingratos
1658 2735 1848 2825 ugndieet
1873 2759 2000 2828 nempe
2016 2737 2111 2810 rnter

6 2879 7 2888 .
81 2837 378 2906 memorationem.
437 2835 542 2911 Nunc
581 2837 687 2908 venio
725 2841 770 2908 ad
810 2851 1069 2928 argumentum,
1121 2861 1191 2924 eos,
1218 2863 1280 2932 qur
1269 2837 1512 2928 obstrepunt
1520 2833 1761 2908 melioribus
1749 2859 1787 2906 m
1804 2837 1952 2908 dicenda
1967 2855 2113 2912 senun-

6 2977 8 3028 y
82 2939 169 3026 quod
189 2933 267 3010 linc
286 2937 636 3031 afferrepraecipuu
647 2941 827 3014 cunstitui.
878 2939 1069 3028 Deingra-
1120 2939 1190 3025 tia,
1216 2939 1255 3010 in
1278 2939 1406 3010 studiis
1427 2936 1685 3026 ecelesiasticis,
1712 2937 1885 3025 aut-slils,
1912 2943 2112 3034 unaevitas

6 3033 7 3090 ἒ
83 3039 248 3121 titudine,
287 3041 485 3134 impietate,
522 3057 556 3113 et
585 3041 714 3112 scelere
746 3037 880 3114 Cuc‘uli'
908 3037 1069 3114 dicturus
1121 3035 1336 3114 conducunt.
1376 3039 1591 3134 Hicquauta
1606 3039 1813 3113 'cuculorum
1829 3042 1968 3131 agmina
1986 3064 2113 3114 nume-¹

82 3159 166 3226 stuu3
209 3143 277 3236 qui
312 3145 428 3236 quale.
452 3141 640 3214 hominnm
674 3165 784 3234 genus
818 3157 1067 3236 repraesentat,
1121 3147 1193 3216 rari
1216 3155 1383 3238 possunt,
1408 3167 1484 3214 non
1505 3143 1613 3212 modo
1628 3143 1659 3212 si
1674 3157 1808 3213 veteres
1827 3140 1992 3216 historias
2009 3169 2112 3239 repe-

83 3257 190 3330 postca
206 3244 404 3335 explicabo,
419 3247 518 3336 prius
534 3247 637 3316 enim
646 3243 1068 3318 narrandaesthistoria.
1121 3263 1257 3332 tamus,
1281 3245 1463 3316 sedetiam
1487 3243 1726 3338 sipr'aesentia
1750 3248 1894 3336 negocia
1912 3249 2113 3319 considere-

6 3411 7 3438 ,
84 3343 322 3418 Aristoteles
311 3371 350 3416 ιιι
378 3373 474 3420 nono
502 3349 596 3419 libro
629 3351 673 3418 de
705 3363 833 3420 natura
860 3349 1067 3421 animalium
1121 3349 1225 3420 mus?
1261 3347 1420 3418 Homero
1442 3349 1662 3418 obtrectabat
1680 3347 1820 3444 Zoilus,
1853 3371 1917 3420 cett
1940 3351 2113 3422 lusciniae

84 3447 206 3534 scribit,
221 3450 389 3520 cuculum
400 3463 544 3542 prepter
559 3451 797 3536 timiditatem,
814 3449 920 3545 quain
935 3451 972 3518 in
991 3449 1068 3541 ipso
1121 3452 1266 3527 cuculus
1274 3449 1441 3522 Cscerunr
1449 3447 1609 3530 Clodius,
1626 3463 1660 3520 ιι
1676 3429 1738 3519 alii
1754 3451 1872 3523 multi.
1898 3448 2113 3524 Habuerunt

84 3545 248 3640 insignem
265 3573 340 3620 essu
353 3566 573 3644 compertum
588 3566 650 3634 est,
663 3576 738 3622 non
752 3553 867 3622 lacere
881 3553 1067 3644 proprium
1122 3577 1204 3624 suos
1224 3553 1367 3623 cucsrlos
1390 3563 1423 3620 ct
1445 3546 1630 3620 heroici
1597 3549 1680 3620 vrri:
1715 3549 1875 3643 Scipioni
1893 3546 2114 3626 obuncabat

84 3651 222 3730 nidum,
250 3677 317 3722 nec
340 3677 424 3724 suos
445 3656 562 3746 pullos
584 3653 786 3739 excludere,
809 3657 872 3724 sed
893 3656 1069 3745 deponere
1120 3655 1255 3740 Carbo,
1287 3651 1467 3724 Alcibiadi
1490 3649 1728 3747 Hyperbolus.
1777 3649 1994 3748 Quanquam
2023 3655 2111 3762 quill

84 3775 179 3822 ovum
196 3757 237 3824 in
251 3755 370 3826 alieno
387 3756 485 3842 nido,
504 3781 543 3826 ac
557 3759 754 3851 plerunque
772 3779 949 3826 currucae.
972 3754 1068 3824 Haec
1121 3781 1210 3850 opus
1225 3769 1277 3828 ιιι
1292 3756 1448 3847 exempla
1466 3755 1658 3875 colligere?
1682 3755 1787 3847 plena
1802 3769 1854 3826 est
1873 3751 2008 3829 horum
2021 3781 2113 3851 quu-

85 3877 154 3924 cnm
171 3857 430 3949 reperitovum
449 3860 637 3943 intersita,
662 3855 987 3930 simulhuicetiam
1012 3860 1068 3926 in-
1122 3862 1255 3933 tidiana
1274 3859 1367 3942 vita,
1393 3860 1454 3928 sed
1475 3859 1630 3927 maxime
1647 3858 1687 3928 in
1700 3855 1876 3943 Ecclesia3
1901 3875 1935 3930 et
1954 3864 1999 3928 ad
2021 3857 2113 3934 hanc
2164 3935 2171 3950 .
2206 3873 2213 3880 ’

85 3958 192 4032 cubat.
245 3958 386 4030 Deinde
411 3963 518 4049 pullis
537 3961 703 4044 exclusis,
728 3961 810 4053 quia
831 3961 977 4032 cuculus
992 3985 1068 4030 ma·
1122 3979 1234 4036 totum
1251 3956 1532 4056 hocsymbolum
1554 3960 1923 4032 maximeconvenit..
1952 3961 2113 4035 Carruca

86 4060 267 4148 gnitudiuc
292 4077 328 4134 et
355 4063 490 4133 viribus
517 4077 659 4154 superat
685 4063 859 4156 reliquus,
893 4063 1068 4156 quidquid
1122 4065 1269 4137 Graecis
1295 4060 1563 4157 est'Hypolais,
1601 4083 1691 4153 quae
1723 4059 1856 4132 nomen
1882 4065 1968 4134 inde
1995 4062 2113 4149 habet,

85 4164 196 4232 sedula
212 4179 328 4236 mater
341 4165 559 4247 cibiadlert‚
584 4164 833 4256 suppositicius
849 4165 914 4234 iste
935 4165 1068 4256 praeri·
1122 4169 1217 4261 quod
1234 4161 1336 4236 humi
1357 4167 1402 4232 ad
1420 4187 1500 4232 sana
1521 4163 1696 4244 nidificet,
1723 4163 1873 4238 taliseit
1891 4163 1972 4239 v'era
1988 4163 2112 4240 tareth

6 4345 7 4354 ἵ
86 4262 144 4352 pit.
195 4264 321 4351 ltatit,
340 4267 526 4342 ,trtcueteri
545 4267 634 4358 pulli
652 4267 973 4352 fsmemoriantur;
999 4291 1069 4360 pu·
1121 4271 1183 4353 sia,
1206 4281 1321 4360 spreta
1338 4265 1576 4336 etabiectain
1592 4265 1739 4338 mundo.
1774 4263 2113 4343 Hae'cdmn'omnes
2167 4337 2169 4342 .

88 4379 155 4436 tant
174 4368 282 4438 etiam
296 4381 454 4438 ‘matrem
482 4393 523 4437 eo
551 4369 686 4439 maiore
708 4376 791 4440 cura
814 4363 911 4438 hunc
940 4368 1069 4452 lovere,
1120 4374 1239 4442 lovere
1264 4383 1298 4440 et
1320 4367 1443 4438 iuvare
1461 4380 1632 4453 conatur,
1655 4367 1759 4438 etiarn
1775 4369 2022 4462 suppositicio's
2037 4373 2114 4446 ioe-

88 4467 161 4558 quia
180 4471 291 4560 magis
308 4493 388 4540 eum
409 4471 560 4540 miratur
575 4485 609 4542 et
626 4485 718 4542 amat
733 4486 877 4564 propter
891 4470 1066 4559 magnitu·
1121 4489 1178 4546 tus
1192 4473 1324 4557 nutrit,
1343 4471 1406 4564 qui
1424 4493 1504 4540 cum
1521 4483 1668 4562 propter
1681 4466 1886 4564 hypocrisin
1903 4477 2049 4549 veniant
2071 4471 2112 4546 iu

89 4569 199 4640 dinem
215 4572 385 4664 corporis.
434 4571 615 4644 interdum
630 4573 705 4665 ipse
722 4574 867 4644 cucsrlus
882 4575 994 4644 lactus
1009 4597 1070 4642 ro·-
1122 4575 1411 4656 admirationem,
1442 4573 1544 4642 facile
1564 4572 1733 4644 beneficio
1753 4569 1950 4657 Ecclesiae,
1977 4579 2112 4658 autori-

89 4669 238 4759 bustior,
263 4688 418 4744 caeteros
434 4677 551 4766 pullos
566 4678 728 4759 devorat,
753 4675 933 4746 interdum
950 4674 1070 4744 senior
1122 4693 1228 4751 tatem
1251 4690 1285 4746 οι
1306 4675 1500 4767 potentiam
1520 4689 1798 4795 cpnsequuntur.
1857 4675 1961 4749 Hane
1981 4680 2112 4771 adepti,

90 4775 226 4844 cuculus
248 4777 392 4847 emrbet
414 4801 480 4846 osa
502 4799 688 4862 ctrrrucae;
714 4777 803 4847 adeo
817 4777 1002 4869 multiplex
1019 4791 1070 4846 est
1121 4782 1251 4851 deinde
1266 4777 1521 4868 grassanturin
1537 4777 1648 4869 ipsam
1660 4791 1829 4865 matrem,
1855 4803 2003 4875 eamque
2018 4783 2112 4852 dila-

89 4873 123 4942 in
138 4871 204 4948 hoc
226 4901 354 4968 genere
374 4881 574 4952 crudelitas.
625 4877 810 4949 Postremo
828 4880 891 4948 ubi
915 4879 1071 4950 adolevit
1122 4895 1257 4965 cecant,
1281 4895 1315 4952 et
1336 4878 1473 4950 crudeli
1493 4879 1682 4974 tyrannide
1701 4881 1920 4976 opprimunt
1970 4881 2111 4954 Deinde

91 4977 270 5050 sceleratus
285 4994 320 5052 et
332 5005 463 5072 smptus
478 4983 608 5071 pullus,
621 4981 721 5052 addit
736 4981 906 5050 nefariam
922 4995 957 5052 et
971 4982 1070 5072 plus-
1121 4987 1223 5056 illum
1246 4983 1390 5054 letalem
1417 4996 1451 5052 et
1475 4980 1669 5052 infaustum
1701 5004 1828 5054 sunum
1850 4981 1990 5054 'sedunt'
1974 5009 2019 5056 ιιι
2039 4981 2112 5064 Ec-

92 5101 186 5170 quatu
201 5081 369 5172 tragicam
386 5079 647 5175 catastropham
673 5108 756 5153 nam
772 5105 976 5167 currucam,
999 5108 1068 5176 qua
1123 5088 1237 5172 clesia,
1258 5097 1386 5155 sonant
1399 5107 1507 5176 rmpra
1522 5097 1557 5153 et
1570 5107 1770 5174 perniciosa
1782 5085 1957 5175 dogmata
1980 5083 2113 5160 Arium

94 5177 274 5254 incubante
288 5198 393 5254 uatus
408 5199 475 5266 est
500 5208 608 5280 aqua
625 5209 750 5276 magna
774 5186 978 5255 assiduitate
1000 5209 1070 5254 utt-
1122 5189 1236 5260 evexit
1259 5189 1303 5257 ad
1321 5182 1475 5256 honores
1490 5181 1646 5256 Ecclesia
1660 5181 1919 5272 Alexandrina
1944 5189 2006 5284 qui
2027 5214 2111 5262 cum

93 5281 188 5352 tritus
203 5300 265 5370 est,
287 5287 479 5369 crudeliter
493 5289 680 5358 laceratam
698 5291 854 5362 devorat.
889 5285 1070 5406 Hancpru
1122 5303 1209 5361 esset
1232 5288 1481 5381 suppositicius
1503 5288 1634 5370 luctus,
1660 5300 1779 5377 postea
1795 5285 1991 5362 Ecclesiam
2013 5287 2112 5366 orbis

93 5385 454 5504 tpstcrnisbeuebciis‚
479 5405 515 5460 et
529 5413 594 5481 pro
609 5389 847 5461 nutricatione
860 5413 984 5478 vacem
1005 5389 1071 5460 istc
1121 5409 1296 5466 terrarum
1318 5385 1780 5481 horribiliterdissipsvit.
1791 5389 1936 5511 &Quid
1925 5419 1966 5464 ιιι
1980 5391 2114 5466 scholis

96 5481 267 5586 ἄστοργοι
281 5490 486 5582 rependite
513 5491 642 5582 dignm
662 5491 725 5588 qui
756 5493 925 5586 perpetua
953 5493 1072 5564 scabie
1121 5495 1258 5581 accidit,
1283 5517 1374 5589 quae
1390 5509 1470 5562 cunr
1486 5491 1686 5562 suntbene
1688 5493 1910 5583 constitutae,
1933 5521 2015 5590 pars
2027 5511 2119 5570 sunt

136 5591 310 5664 Μιιιιιιι.
336 5596 440 5669 Orsa.
468 5587 551 5666 Vou
580 5597 645 5665 xl.
1450 5593 1501 5664 22
