4688 5826
240 253 318 332 ωε
490 271 494 280 ·
725 233 890 316 DECL.
922 233 1000 314 DE
1028 231 1443 318 Latinuvttatt
1474 231 1800 316 SCHOLAST.
2210 239 2277 316 sut

213 493 215 496 .
239 439 362 502 menta
383 421 486 496 utilia
506 417 552 492 ad
575 413 764 506 religiones
781 427 817 486 et
831 413 925 505 leges
942 409 1237 504 interpretandas,
1393 405 1532 482 Omnes
1558 413 1671 482 sanae·
1692 421 1829 480 mentes
1848 407 2101 484 incredibilem
2123 410 2277 506 voluptr-

241 533 335 632 parit
349 525 529 608 Medicus,
560 533 596 592 et
619 517 751 590 iudicia
774 517 969 588 multorum
992 514 1142 598 lormat,
1173 510 1238 606 qni
1261 545 1265 574 ι
1290 526 1362 586 tem
1392 513 1597 606 percipiunt
1625 538 1668 584 ex
1700 511 1860 584 veritatis
1889 513 2093 604 agnitione3
2129 537 2211 586 nam
2237 519 2277 588 ad

242 640 282 710 in
303 635 382 706 loro
405 642 439 700 et
460 623 615 715 negociis
638 633 836 692 versantur.
898 615 971 688 Aso
996 613 1238 686 lnrisconsul·
1291 611 1384 685 banc
1411 616 1651 708 aspiciendam
1674 615 1828 685 maxime
1848 615 1986 686 conditi
2006 631 2091 690 sunt
2114 611 2277 696 homines.

243 758 301 818 rus
340 727 552 826 gubernavit
590 745 755 812 magnam
783 719 904 794 ltaliae
944 732 1092 810 partem.
1165 715 1239 788 Nec
1290 719 1394 792 Hanc
1414 719 1635 812 voluptatem
1658 717 1696 788 in
1711 711 1844 788 scholis
1859 717 1994 789 multae
2009 743 2135 793 causae
2150 733 2278 811 augent.

242 860 361 921 tamen
387 835 506 904 minus
533 831 578 899 de
600 825 742 918 Repub.
768 837 924 894 meretur
947 819 1135 904 narratas,
1176 818 1239 911 qui
1290 819 1453 893 Primum
1490 820 1588 892 enim
1625 843 1753 912 magna
1794 819 1846 890 ibi
1877 820 2009 892 artium
2040 822 2191 894 varietas
2219 837 2277 896 est:

242 949 281 1017 in
305 935 424 1012 schola
452 948 590 1006 tautum
615 929 711 999 vixit.
763 921 952 1018 Philippus
972 917 1240 994 MedicusAle-
1291 923 1454 994 omnium
1496 923 1766 1014 disciplinarum
1811 923 2028 1016 professores
2057 947 2133 996 esse
2164 925 2278 1008 solent,

241 1041 369 1122 xondri
387 1037 579 1110 exercitum
597 1045 735 1102 secutus
751 1043 820 1112 est,
843 1053 882 1098 ac
899 1025 1032 1116 Regem
1049 1027 1165 1116 ipsum
1182 1025 1241 1092 io·
1292 1025 1355 1120 qui
1376 1026 1515 1096 consuli
1544 1038 1692 1119 possunt
1716 1025 1755 1095 in
1777 1025 1937 1120 qualibet
1958 1039 2051 1114 arte3
2086 1041 2139 1098 est
2163 1041 2196 1098 et
2215 1030 2279 1098 lra-

224 1147 340 1242 =genti
369 1138 525 1234 periculo
551 1131 728 1204 liberavit.
779 1130 903 1224 Neque
924 1145 1041 1200 tamen
1058 1128 1177 1196 minus
1194 1129 1239 1197 de
1292 1129 1436 1222 quentia
1459 1129 1690 1213 discentium,
1726 1125 1860 1222 inqua
1884 1151 2010 1220 magna
2035 1130 2278 1202 dissimilitudo

156 1305 161 1314 .
242 1249 385 1344 Repub.
408 1253 563 1312 meretur
587 1234 764 1316 Galenus,
795 1233 859 1328 qui
880 1232 1022 1302 nullum
1048 1230 1240 1300 exercitum
1292 1245 1344 1300 est
1373 1231 1602 1322 ingeniorum
1632 1244 1668 1302 et
1698 1229 1925 1300 iudiciorum.
2001 1230 2123 1322 Quare
2152 1247 2279 1304 nostras

245 1365 385 1428 secutus
410 1357 480 1430 est,
511 1341 570 1410 sed
593 1339 630 1407 in
656 1331 778 1408 schola
792 1337 940 1422 assedit,
969 1346 1003 1404 et
1020 1331 1160 1424 scripsit
1175 1333 1241 1402 do·
1293 1335 1523 1424 cogitationes
1535 1358 1615 1404 curn
1630 1333 1752 1404 inultis
1765 1334 1928 1404 conferre
1944 1357 2142 1426 possumus,
2167 1337 2280 1406 audire

246 1455 382 1530 ctrinae
400 1471 482 1520 suae
497 1452 741 1514 monumenta.
1294 1438 1381 1530 qnid
1397 1437 1459 1506 alii
1474 1437 1652 1522 iudicent,
1677 1435 1811 1506 imitari
1825 1437 1972 1530 meliora
1988 1439 2161 1530 exempla.
2196 1435 2281 1510 Hinc

346 1551 439 1626 Cum
463 1547 572 1638 igitur
593 1567 667 1614 non
691 1539 789 1610 alind
813 1537 905 1608 vitae
929 1559 1040 1629 genus
1056 1536 1181 1610 utilius
1196 1534 1241 1604 sit
1295 1539 1389 1608 enim
1421 1553 1472 1610 est
1499 1539 1562 1608 illa
1589 1539 1684 1630 apud
1710 1535 1908 1608 Hesiodum
1928 1539 2073 1610 laudata
2097 1541 2281 1626 contentio,

245 1655 366 1756 generi
388 1649 567 1734 humano,
592 1659 654 1716 aut
677 1641 787 1732 magis
802 1637 1059 1724 necessarium,
1084 1653 1144 1710 aut
1160 1662 1242 1708 san·
1295 1643 1339 1712 de
1361 1667 1430 1736 qua
1454 1642 1558 1724 dicit,
1597 1641 1758 1710 vicinum
1780 1665 1801 1710 a
1826 1641 1945 1710 vicino
1968 1643 2012 1711 ad
2037 1643 2183 1714 divitias
2206 1667 2281 1736 pro·

246 1763 357 1846 etius,
382 1778 490 1850 quam
509 1750 581 1820 rita
597 1742 822 1828 scholastica,
848 1741 931 1814 sotis
948 1741 1101 1834 intelligi
1118 1753 1241 1834 potest,
1295 1758 1459 1834 perante,
1484 1743 1641 1816 invitari.
1696 1740 1852 1835 ldeoque
1866 1745 1962 1834 apud
1979 1739 2193 1838 Euripidem
2210 1769 2282 1816 vere

247 1863 345 1938 hunc
366 1881 440 1932 esse
465 1849 807 1948 praestantissimum
829 1845 922 1916 vitae
946 1846 1106 1934 gradum.
1164 1841 1242 1912 Hac
1293 1847 1515 1932 dictumest,
1541 1845 1867 1915 communicatione
1882 1846 2097 1937 opinionum
2112 1849 2151 1918 in
2168 1871 2282 1938 magne

248 1991 331 2038 vera
353 1961 458 2033 laude
481 1953 617 2026 moveri
640 1953 735 2022 bona
757 1948 899 2038 ingenia
922 1949 1040 2034 decet,
1071 1961 1110 2017 ut
1132 1944 1243 2034 magis
1294 1949 1492 2043 frequentia
1509 1959 1665 2040 repertas
1679 1970 1752 2016 esse
1766 1961 1869 2018 artes.
1920 1945 1969 2018 Et
1983 1945 2109 2020 Cicero
2125 1951 2192 2036 ait,
2216 1973 2281 2020 ma-

246 2079 367 2145 ament
380 2064 489 2133 vitam
503 2052 759 2136 scholasticam,
779 2065 812 2120 et
828 2046 1021 2120 adhibeant
1036 2050 1193 2120 studium
1209 2059 1245 2116 et
1294 2073 1401 2142 gnam
1427 2052 1499 2121 vim
1525 2049 1563 2120 in
1588 2049 1757 2120 discendo
1778 2043 1910 2120 habere
1930 2049 2089 2122 studium
2106 2053 2283 2124 conteren-

247 2166 468 2261 diligentiam
494 2161 637 2250 dignam
660 2167 756 2227 tanta
782 2153 1018 2244 professione,
1055 2163 1089 2220 et
1115 2161 1244 2222 ornent
1295 2154 1351 2238 di,
1378 2155 1473 2248 quod
1495 2145 1695 2246 συζήτησιν
1717 2165 1820 2223 vocat
1834 2151 1921 2244 ipse.
1973 2149 2023 2224 Et
2038 2151 2211 2226 Salomon
2227 2155 2282 2228 ait:

249 2299 326 2348 eam
356 2264 499 2362 optimis
527 2260 697 2330 moribus.
756 2253 854 2344 Quid
885 2269 937 2327 est
969 2253 1065 2324 enim
1095 2253 1244 2344 turpius,
1296 2255 1447 2326 Ferrum
1474 2255 1570 2324 ferro
1599 2253 1757 2340 acuitur,
1797 2253 1846 2324 ita
1874 2253 1931 2324 vir
1957 2255 2133 2328 excitatur
2160 2281 2180 2326 a
2203 2258 2282 2328 viro.

249 2399 356 2475 quarn
379 2369 475 2466 quod
500 2362 604 2434 multi
627 2361 665 2430 in
687 2353 816 2434 scholis
833 2357 882 2426 ita
898 2359 1051 2446 degunt,
1075 2355 1251 2447 primum.
1296 2357 1480 2448 Significat
1507 2357 1602 2426 enim
1631 2369 1709 2426 turn
1732 2355 1918 2426 admoneri
1940 2355 2083 2448 ingenia
2104 2359 2284 2432 collatione

249 2495 382 2554 utnon
408 2467 611 2557 intelligant
627 2487 730 2534 suurn
745 2461 919 2544 ollrrium3
947 2455 1095 2543 deinde,
1122 2469 1161 2528 ut
1178 2452 1244 2526 hoc
1296 2460 1527 2530 consiliorum
1548 2469 1654 2552 atque
1677 2457 1911 2550 opinionum,
1946 2473 2021 2530 tum
2043 2461 2212 2553 exemplis
2232 2486 2284 2532 ex-

250 2582 368 2655 ocium
383 2571 580 2646 literarium
597 2567 771 2636 collocent
787 2563 825 2632 in
844 2559 1067 2654 turpissimas
1080 2559 1245 2651 rolupta-
1297 2561 1409 2632 citari.
1474 2559 1626 2652 Propter
1653 2554 1718 2630 has
1745 2575 1860 2632 tantas
1882 2561 2053 2632 utilitates
2075 2563 2230 2636 libenter
2250 2565 2283 2633 in

250 2702 321 2768 tas,
353 2691 388 2750 et
417 2685 559 2748 sumant
580 2668 648 2740 sibi
669 2665 847 2738 licentiam
874 2663 1036 2734 omnium
1062 2661 1245 2745 scelerum,
1296 2659 1363 2734 hac
1392 2661 1591 2758 frequentia
1621 2663 1755 2732 versari
1777 2655 1954 2735 studiosos
1976 2665 2157 2736 convenit.
2221 2665 2284 2736 Po-

252 2781 353 2884 quasi
377 2773 517 2850 scholae
538 2796 613 2842 non
635 2767 793 2840 veritatis
813 2779 847 2836 et
862 2765 1040 2850 torticiae,
1065 2766 1125 2834 sed
1142 2777 1245 2857 petu-
1296 2779 1426 2837 stremo
1449 2781 1575 2836 natura
1597 2764 1656 2848 lit,
1682 2777 1723 2836 ut
1737 2765 1870 2835 similes
1886 2765 2108 2837 delectentur
2121 2767 2284 2840 similium
2326 2759 2327 2816 Ῑ

251 2885 382 2962 lantlae
407 2878 717 2952 officinae'essent.
771 2867 854 2958 Quo
877 2869 999 2940 animo
1015 2863 1245 2958 hominespli
1297 2869 1574 2952 consuetudine,
1600 2866 1822 2960 maximeque
1845 2861 1903 2953 hi,
1930 2868 1993 2962 qui
2014 2868 2192 2942 similibus
2209 2871 2286 2942 arti·
2326 2871 2327 2875 ’

252 2989 402 3062 veniunt
416 2983 456 3052 in
470 2977 601 3070 templa
616 2971 835 3046 adfacienda
849 2995 957 3052 sacra,
985 2971 1108 3040 eodem
1125 2970 1245 3038 animo
1298 2973 1366 3042 bus
1391 2970 1504 3041 dediti
1532 2983 1627 3042 sunt.
1694 2966 1774 3061 lpaa
1805 2969 1912 3040 etiam
1935 2971 2122 3042 celebritas
2147 2975 2285 3046 delectat

253 3115 318 3166 sos
337 3108 479 3180 quoque
494 3083 532 3152 in
546 3075 683 3150 scholas
697 3070 860 3146 accedere
872 3073 1049 3166 oportuit3
1075 3067 1134 3140 hic
1148 3070 1244 3140 enim
1297 3074 1453 3152 animos,
1475 3073 1575 3142 iuvat
1596 3071 1716 3142 videre
1739 3073 1829 3142 bene
1852 3073 2066 3164 compositos
2083 3070 2212 3146 choros
2227 3079 2285 3146 do·

253 3219 309 3268 res
325 3189 469 3262 divinae
481 3194 688 3254 tractantur.
740 3173 787 3248 Et
802 3197 929 3266 magna
944 3200 1027 3246 cura
1042 3169 1245 3244 adhibenda
1298 3175 1453 3246 contium
1477 3187 1511 3244 et
1533 3173 1756 3246 discentium.
1808 3171 1957 3246 Nullum
1978 3199 2143 3252 acroama
2157 3181 2285 3249 dulcius

253 3310 325 3380 est,
351 3304 393 3363 ut
415 3301 536 3359 nostra
557 3307 653 3354 sacra
670 3291 763 3350 recte
777 3279 964 3363 iaciamus,
990 3301 1035 3348 ne
1054 3291 1174 3347 nostra
1190 3275 1246 3344 in·
1298 3292 1367 3363 est,
1394 3301 1501 3372 quam
1525 3276 1649 3346 audire
1672 3278 1716 3346 de
1738 3276 1884 3368 optimis
1906 3277 2031 3361 rebus,
2055 3281 2173 3373 deque
2195 3279 2285 3352 omni

254 3397 355 3472 scitia
384 3404 446 3462 aut
477 3388 595 3480 aliqua
621 3384 689 3454 alia
717 3381 819 3473 culpa
848 3393 939 3450 artes
962 3391 1247 3471 corrumpantur.
1299 3381 1645 3464 varietatenaturae,
1666 3375 1858 3472 dellepub.
1872 3381 1917 3448 de
1930 3379 2182 3470 religionibus,
2206 3383 2284 3477 quid

253 3501 336 3576 Non
350 3493 469 3566 minus
482 3487 662 3584 piaculum
678 3497 741 3570 est,
769 3505 995 3575 corrumpere
1011 3495 1113 3566 artes,
1139 3505 1245 3574 quam
1298 3483 1361 3552 alii
1385 3481 1570 3574 peritiores
1592 3481 1757 3552 sentiant.
1811 3479 1919 3552 Vetus
1935 3497 1988 3552 est
2004 3481 2157 3554 dictum:
2183 3483 2284 3556 Extra

254 3595 472 3677 ceremonias
495 3593 534 3662 in
556 3587 697 3680 templis
718 3585 932 3656 contumelia
953 3584 1101 3654 allicere.
1163 3581 1246 3651 ldeo
1298 3584 1567 3656 universitatem
1588 3607 1664 3652 non
1686 3596 1739 3654 est
1761 3582 1853 3664 vita,
1879 3607 1951 3678 quo
1974 3583 2221 3674 significabant
2237 3588 2286 3656 iu·

254 3701 385 3778 siholis
401 3719 533 3768 nomen
547 3693 701 3762 inditum
719 3703 770 3758 est
785 3689 830 3757 ab
844 3687 943 3772 ocio,
970 3701 1009 3756 ut
1023 3683 1180 3775 Respub.
1197 3697 1248 3754 te·
1299 3685 1553 3758 candissimam
1581 3707 1656 3754 esse
1685 3685 1795 3753 vitam
1824 3684 1863 3753 in
1886 3680 2029 3762 scholis.
2091 3691 2134 3757 ld
2160 3692 2285 3762 dictum

255 3821 368 3882 stetur
392 3827 428 3874 se
452 3799 604 3868 liberare
627 3815 730 3862 nosa
755 3789 908 3860 sordidis
922 3787 1056 3878 operis,
1082 3801 1120 3856 ut
1135 3784 1245 3856 dediti
1299 3789 1430 3880 opinor
1451 3801 1569 3856 ortum
1588 3809 1661 3856 esse
1674 3787 1719 3856 ab
1735 3787 1883 3856 eruditis
1899 3799 1935 3858 et
1949 3791 2206 3881 prudentibus,
2230 3791 2285 3886 qui

254 3933 328 3982 esse
352 3905 457 3976 rebus
472 3897 604 3970 divinis
622 3891 806 3985 possimus.
858 3889 1011 3960 Addidit
1024 3889 1129 3958 etiam
1147 3911 1245 3979 prae·
1300 3888 1559 3978 intelligebant,
1574 3901 1609 3959 et
1624 3901 1794 3980 quautam
1807 3883 1893 3959 haec
1905 3895 2138 3979 consuetudo,
2153 3907 2187 3965 et
2199 3919 2286 3965 com·

254 4013 345 4096 mia,
379 4007 470 4078 sicut
492 3999 679 4071 militibus.
726 3989 804 4064 Etsi
831 4005 948 4062 autern
972 3991 1143 4062 utilitates
1165 4002 1248 4060 sunt
1301 3990 1495 4062 manicatio
1510 3989 1683 4062 sermonis
1698 3990 1770 4058 vim
1789 3985 1928 4078 habeat,
1948 4009 1982 4064 et
1996 4011 2167 4090 quantam
2183 3999 2287 4089 pariat

255 4109 418 4205 exiguae,
445 4106 510 4178 etsi
532 4099 667 4174 indocti
685 4121 758 4168 non
777 4095 1161 4174 solumcontemnunt,
1186 4092 1245 4160 sed
1301 4095 1529 4184 voluptatem.
1594 4088 1752 4163 Delectat
1786 4091 1900 4163 bonos
1930 4107 1966 4166 et
1994 4096 2109 4168 virtus
2139 4099 2286 4182 illorum,
2324 4079 2325 4090 ἵ

255 4218 361 4290 etiam
383 4207 575 4284 crudeliter
590 4205 745 4275 oderunt
761 4199 898 4278 literas,
923 4210 1091 4290 tanquam
1106 4194 1247 4264 vincula
1301 4201 1363 4291 qui
1387 4195 1584 4264 liberaliter
1603 4194 1813 4286 impertiunt
1829 4196 2029 4268 doctrinam
2045 4199 2148 4281 aliis,
2176 4201 2286 4296 quiex

255 4317 492 4413 cupiditatum
520 4330 684 4389 suarum,
732 4315 851 4372 tamen
881 4295 977 4370 Deus
1009 4323 1083 4368 non
1116 4297 1249 4389 patitur
1301 4299 1420 4370 animo
1444 4297 1627 4368 consulere
1651 4296 1847 4388 posteritati
1871 4315 2058 4375 conantur.
2126 4298 2206 4374 Etsi
2229 4327 2287 4373 au·

255 4419 406 4495 omnino
437 4417 555 4504 deesse
579 4405 735 4502 praemia
759 4402 970 4473 docentibus
993 4401 1112 4472 literas
1136 4414 1170 4470 et
1192 4399 1249 4468 di·
1300 4415 1372 4474 tem
1396 4400 1435 4470 in
1458 4413 1556 4472 tanta
1573 4398 1778 4468 infirmitate
1794 4393 1943 4470 humani
1956 4401 2096 4493 generis
2111 4405 2232 4476 nullus
2243 4419 2286 4475 est

257 4521 447 4596 stantibus.
515 4509 562 4585 Et
594 4535 665 4604 quo
696 4505 825 4584 melius
854 4527 1014 4598 quaeque
1034 4500 1248 4594 Respublica
1301 4506 1410 4584 ordo,
1435 4501 1577 4571 nullum
1598 4502 1692 4572 vitae
1712 4523 1822 4591 genus
1846 4527 1991 4593 prorsus
2014 4507 2217 4594 sinevitio‚
2240 4523 2287 4579 ta·
2322 4577 2324 4594 ,

256 4624 447 4700 constituta
476 4631 548 4701 est,
588 4639 629 4684 eo
657 4621 710 4680 est
738 4631 820 4698 erga
846 4607 1023 4677 studiosos
1054 4603 1249 4675 liberalior.
1302 4629 1383 4674 men
1402 4604 1439 4672 in
1458 4603 1589 4672 scholis
1606 4604 1725 4674 miuus
1741 4602 1925 4697 aliquanto
1941 4621 1993 4678 est
2009 4607 2103 4694 luci,
2128 4611 2286 4680 odiorum
2323 4659 2324 4664 η

256 4725 407 4802 Interim
437 4719 633 4794 nosdecet
659 4705 910 4804 philosophico
937 4707 1057 4778 arrimo
1085 4707 1250 4777 furtunae
1302 4722 1337 4778 et
1358 4707 1508 4776 aliarum
1530 4707 1703 4776 malarum
1724 4705 1872 4785 artium,
1899 4733 2005 4802 quam
2024 4709 2286 4782 inaliismultis

257 4825 483 4925 iniquitatem
501 4823 593 4892 serre
608 4829 641 4887 et
655 4813 852 4902 intelligere
866 4831 1005 4900 causas,
1031 4831 1141 4902 quare
1156 4809 1251 4900 opti·-
1303 4809 1395 4880 vitat·
1417 4807 1615 4898 generibus.
1667 4803 1829 4878 Primum
1847 4811 1942 4878 raim
1959 4811 2121 4883 doctrina
2138 4813 2286 4885 liberalis

259 4959 336 5006 urae
350 4949 510 5024 quaeque
526 4945 581 4992 res
595 4919 745 4988 maxime
759 4927 844 4984 sunt
858 4925 994 5005 spretae
1009 4911 1128 5001 vulgo.
1178 4911 1251 4983 De·
1302 4911 1410 4982 llectit
1439 4910 1630 4980 mediocria
1659 4909 1801 4999 ingenia
1831 4911 1875 4980 ad
1899 4912 2079 4990 virtutem.
2129 4913 2202 4986 Nec
2221 4919 2287 4986 lere

258 5039 343 5108 inde
360 5025 594 5104 incommodis
609 5019 714 5090 etiarn
730 5039 953 5108 opponamus
967 5015 1172 5100 commoda,
1197 5014 1251 5084 si·
1303 5015 1492 5108 quisquam
1509 5014 1597 5083 adeo
1614 5025 1665 5082 est
1682 5011 1794 5082 lerrea
1810 5025 1959 5100 natura,
1984 5031 2025 5088 ut
2039 5016 2153 5088 literis
2168 5033 2203 5090 et
2219 5041 2287 5088 me-

258 5137 403 5220 delicet,
443 5129 652 5220 dignitatern
688 5117 917 5212 professionis
952 5129 987 5188 et
1020 5117 1252 5201 sanctitatem,
1303 5117 1417 5188 diocrl
1438 5115 1627 5206 disciplina
1648 5137 1724 5184 non
1745 5115 1929 5210 aliquanto
1952 5117 2014 5190 liat
2034 5119 2165 5191 aritior.
2227 5117 2286 5192 Est

258 5253 437 5334 postremo
450 5234 556 5304 etiam
568 5223 837 5298 iucunditatem.
871 5216 996 5313 ltaque
1008 5219 1052 5290 de
1066 5213 1132 5288 hac
1146 5219 1251 5290 ctiam
1303 5234 1420 5290 autern
1443 5218 1556 5288 multo
1577 5215 1769 5287 iucundior
1789 5221 2009 5290 consuetudo
2032 5245 2112 5290 cura
2136 5223 2286 5307 eruditis,

261 5361 372 5434 pauca
396 5335 580 5412 adiiciam,
625 5323 808 5408 videlicet,
849 5321 991 5392 nullum
1022 5319 1114 5392 vitae
1140 5343 1252 5412 genus
1303 5320 1366 5416 qui
1385 5343 1503 5420 causas
1524 5318 1687 5390 omnium
1703 5314 1934 5392 honestorum
1949 5323 2148 5394 officiorum
2161 5325 2287 5396 intelli·
2322 5375 2323 5384 .

157 5445 159 5448 ’
261 5437 452 5512 iucundius
468 5457 556 5534 esse,
583 5451 690 5527 quam
706 5425 816 5502 vitam
833 5417 1087 5500 scholasticam.
1303 5437 1410 5515 gunt,
1437 5443 1543 5517 quam
1564 5445 1645 5492 curn
1661 5421 1834 5510 indoctis,
1859 5447 2013 5520 quorum
2027 5425 2158 5500 iudicia
2173 5425 2288 5500 multis
