4704 5826
200 275 301 354 eom
471 359 479 372 ,
711 265 870 346 naon
909 265 984 346 na
1016 267 1318 350 cannronn
1350 269 1706 354 euoncunsr.
2125 285 2236 362 sona

189 454 228 524 in
246 449 345 524 ltalia
367 444 512 542 privatis
530 442 676 529 stodiis,
701 442 885 538 sententiis
901 457 935 516 et
948 441 1088 538 scriptis
1101 467 1183 516 enm
1235 441 1339 518 lubet
1352 444 1460 537 igitur
1473 447 1855 546 scribereCapnionem
1868 455 1955 550 qnid
1972 455 2112 532 sentiat.
2157 454 2237 526 Hir

190 555 439 636 defenderent,
465 573 539 618 uon
561 549 636 616 leve
657 547 781 617 odium
807 548 976 616 adversus
991 542 1182 618 monachos
1234 547 1274 616 in
1299 547 1362 618 illo
1379 571 1442 618 suo
1459 545 1602 622 hortulo
1618 551 1843 646 Stntgardiae
1859 558 2019 644 latitans,
2044 584 2092 630 ne
2108 559 2239 652 suspi-

189 679 373 728 accensum
401 664 472 733 est,
505 650 601 743 quod
629 661 750 739 postea
778 648 885 718 etiam
910 643 1079 721 nonnihil
1105 671 1184 718 mo·
1234 648 1309 720 cari
1329 641 1474 746 quidem
1497 654 1631 744 potuit,
1664 661 1844 750 quomodo
1867 653 1953 731 haec
1976 683 2031 730 res
2052 663 2239 732 instructa

188 750 301 828 menti
321 753 459 837 attulit,
484 765 526 822 ut
543 751 681 820 avidius
696 749 940 841 exciperentur
953 750 1082 842 scripta
1096 773 1183 820 eon-
1236 764 1336 826 essct.
1386 747 1434 822 Et
1457 765 1572 824 tamen
1594 769 1754 828 metuens
1770 761 1929 850 linguae,
1954 762 2097 835 nolebat
2114 763 2238 834 libros

188 873 244 930 tra
265 855 554 949 superstitiones,
579 875 670 946 quae
692 851 793 922 nervi
816 851 962 924 fuerrrm
983 851 1084 942 regui
1106 875 1184 922 mo-
1235 853 1484 944 grammaticos
1510 869 1545 926 et
1567 859 1721 930 medicos
1744 861 1903 932 interire.
1962 861 2093 934 Scribit
2115 864 2238 953 igitur

185 957 328 1044 uestiti.
1134 973 1139 984 ·
1236 954 1445 1024 sententiam
1483 955 1588 1046 longe
1626 961 1813 1034 mitiorem.
1885 959 2066 1036 Discernit
2100 967 2239 1039 libros.

1235 1053 1373 1148 Scripta
1394 1055 1606 1130 nominatim
1621 1077 1745 1135 contra
1759 1059 1941 1135 Christum
1958 1066 2055 1137 iubet
2070 1067 2238 1144 abolere,

1236 1181 1346 1250 enque
1367 1159 1440 1228 suis
1459 1159 1572 1230 titulis
1591 1163 1762 1238 nominat.
1813 1163 2071 1238 Grammaticos
2088 1192 2179 1238 vero
2197 1181 2238 1238 et

190 1333 232 1389 ut
250 1315 333 1387 iusti
351 1327 385 1385 et
398 1313 490 1384 bene
505 1311 641 1390 meriti,
667 1311 853 1380 calumniis
870 1309 1101 1381 circumventi
1118 1263 1184 1402 op:
1236 1253 2238 1462 2ξίξέῗῖεὴζὲἒὶῗᾞἓθῖὲιῖἰωΕὶῑέἰζξίἱὲὓξὲἑἰΞῖδὲζ

191 1420 413 1512 pr'imantur,
450 1427 492 1485 ut
517 1411 610 1482 lilius
637 1411 726 1498 Dei,
757 1407 975 1506 Prophetae,
1010 1407 1184 1504 Apostoli,

127 1525 129 1532 '
194 1516 397 1611 Stephanus
412 1531 446 1586 et
462 1514 524 1586 alii
540 1515 643 1586 multi
662 1513 836 1584 interfecti
853 1527 948 1588 sunt.
977 1511 1046 1584 Nec
1057 1515 1185 1584 desunt

194 1622 325 1692 similia
355 1618 512 1710 exempla
535 1616 573 1684 in
595 1615 691 1685 civili
710 1616 984 1706 gubernatione,
1018 1627 1059 1688 ut
1081 1613 1185 1686 Pala-

193 1723 326 1802 medis,
355 1719 529 1798 Socratis,
555 1711 750 1787 Phocionis
771 1719 945 1788 interitus.
997 1713 1045 1788 Et
1066 1731 1185 1790 tamen

294 1109 412 1182 Multa
443 1121 526 1180 sunt
556 1121 671 1178 autem
701 1107 855 1196 insignia
877 1107 1033 1200 exempla
1055 1107 1094 1176 in
1117 1101 1184 1176 hae

188 1213 353 1287 historia.
405 1207 575 1304 Inprimis
596 1211 634 1278 in
650 1205 805 1279 Ecclesia
829 1203 897 1280 hoc
920 1209 1024 1280 crebo
1045 1209 1173 1279 accidit

1237 1561 1333 1634 llaec
1350 1563 1522 1634 sententia
1539 1566 1686 1661 aequior
1700 1593 1780 1640 cum
1797 1567 2002 1663 imperatori
2017 1575 2126 1662 magis
2140 1575 2237 1666 pla-

1237 1665 1383 1746 cuisset,
1415 1665 1500 1736 libri
1525 1665 1565 1738 in
1593 1669 1726 1740 mariam
1748 1669 2083 1744 Franeofordiananr
2106 1689 2238 1746 trans·

1150 1823 1167 1840 .
1237 1766 1322 1864 lati,
1349 1764 1489 1837 ludaeis
1511 1769 1767 1858 restituuntur,
1792 1787 1827 1845 et
1850 1775 1945 1846 elusa
1968 1777 2090 1846 fraude
2107 1777 2237 1846 disce·

1237 1869 1290 1940 dit
1304 1867 1512 1964 inquisitor,
1537 1883 1577 1942 ut
1593 1896 1718 1944 corvus
1734 1869 1847 1946 hians.

126 1861 132 1874 ·
194 1825 325 1894 veritas
345 1835 463 1914 postea
485 1819 648 1908 emergit,
672 1833 712 1890 ut
728 1819 874 1890 dicitur:
901 1817 982 1920 ἄγει
997 1815 1038 1893 δὲ
1055 1819 1090 1900 ἐς
1104 1843 1186 1916 <proc

194 1923 265 2020 τὴν
287 1917 469 2018 ἀλήθειαν
487 1912 641 2016 χρόνος,
676 1943 778 2012 saepe
800 1935 916 1991 antem
939 1915 1187 2018 Sycophantae

197 2027 299 2122 q¹¹³⁵l
322 2025 439 2108 Μὴ
464 2044 607 2112 maim
629 2023 667 2090 ³¹¹
688 2021 831 2114 Rel'Ub'
850 2037 1072 2117 “mmm‘'
1092 2021 1186 2094 ‘mi'
1338 2069 1444 2143 Tunc
1476 2085 1595 2144 autem
1623 2071 1798 2148 monacho
1827 2077 1930 2148 furiis
1952 2093 2125 2150 exarserat
2146 2095 2235 2152 atro

191 2142 289 2247 ¹³¹¹.¹’
314 2150 403 2221 ΨΜ
414 2137 545 2244 ,1081Εὸ
570 2125 786 2244 muiifimi
804 2137 839 2195 εἰ
861 2125 1106 2246 dii¹¹³⁰¹i⁰⁰⁰⁵
1128 2147 1187 2193 ¹¹¹
1236 2175 1319 2244 felle
1341 2175 1455 2245 dolor.
1507 2173 1615 2247 Lecto
1639 2177 1749 2268 igitur
1769 2177 1964 2272 Capnionis
1985 2182 2113 2274 scripto
2166 2207 2238 2252 ca-

195 2231 314 2300 s¹¹¹¹¹³⁵
334 2229 502 2296 ‘smum'
554 2222 609 2296 De
628 2221 684 2296 ¹¹¹⁸
703 2227 1186 2348 m³i¹⁸bm¹⁰⁸d¹⁰i'.q¹¹i⁸
1238 2275 1415 2347 lumniose
1429 2278 1582 2368 excerpit
1596 2278 1708 2362 dicta,
1734 2294 1769 2351 et
1782 2293 1857 2352 arte
1870 2283 2056 2373 depravat,
2080 2237 2238 2354 et’edita

196 2345 317 2402 nostra
341 2341 435 2446 aetas
450 2329 809 2446 abundaterpemplrs,
833 2342 873 2400 ut
887 2343 1004 2399 autem
1021 2325 1115 2456 nphsl
1129 2329 1187 2448 dr·
1237 2379 1348 2448 mod
1369 2378 1618 2450 criminatione
1636 2395 1775 2454 aecum
1790 2379 2010 2474 Capngomm
2033 2379 2238 2456 gamm

197 2457 274 2504 ‘³¹¹¹
299 2445 471 2556 ³²s⁰⁶¹¹l⁸3
502 2453 583 2499 ‘³⁰¹¹‘
606 2443 738 2500 ¹¹¹¹¹¹⁸t⁰
758 2444 1008 2522 ⁰Pp¹¹g¹¹³oe¹¹²
1029 2431 1186 2550 bapim'
1238 2478 1446 2570 Mogontiae
1467 2481 1658 2571 corrogatis
1679 2483 1815 2577 aliquot
1831 2506 1913 2554 suae
1928 2485 2089 2556 factionis
2104 2480 2238 2554 homi-

197 2559 279 2604 nem
301 2527 488 2616 monaehr,
521 2545 561 2602 ut
582 2529 761 2602 Socratem
786 2529 945 2627 Anytus,
971 2547 1006 2604 et
1028 2531 1188 2617 Melrtus,
1239 2579 1363 2667 nibus,
1394 2581 1571 2654 comburit
1591 2583 1725 2656 librum
1750 2581 1957 2678 Capngoffis·
2021 2585 2117 2656 Hm
2138 2589 2236 2658 bgffi

194 2648 361 2706 texerunt
390 2657 474 2704 eum
502 2647 620 2702 tamen
649 2646 793 2724 propter
823 2635 1059 2704 eruditionem
1083 2634 1187 2703 ronlti
1240 2683 1291 2751 Ἤ.
1481 2679 1499 2754 f
1951 2686 1961 2706 .

195 2738 285 2808 boni
305 2750 339 2808 et
359 2734 474 2818 docti,
499 2757 651 2828 quorum
677 2733 1187 2828 autoritasimpedivitmona·
1238 2705 1336 2752 ¹¹⁰⁵
1358 2697 1459 2754 ”¹¹⁰³
1497 2697 1636 2756 uerunt
1699 2682 1825 2757 ΡΜ·
1847 2683 1984 2780 Cipum
2008 2688 2234 2758 'mimam

199 2835 348 2910 chorum
371 2837 508 2908 furores
529 2837 623 2928 apud
641 2833 893 2928 imperatorem
916 2851 950 2908 et
967 2837 1189 2910 Pontificem.

197 2939 254 3032 Ut
272 2953 390 3010 autem
411 2938 570 3008 iuniores
584 2937 697 3008 sciant
711 2963 801 3031 quae
816 2940 924 3010 fuerit
938 2940 1187 3026 controversia,

195 3042 314 3116 dicatu
328 3061 430 3111 ⁴ueras
446 3039 647 3110 occasiones
661 3039 736 3109 eius
752 3041 860 3116 rixae.

1239 2886 1489 2978 provocatione
1506 2887 1551 2957 ad
1568 2887 1699 2958 iudicia
1711 2887 1886 2978 legitima,
1910 2892 2003 2962 etad
2017 2888 2236 2961 Pontificem

1238 3011 1276 3058 se
1300 2987 1472 3058 defendit.
1524 2985 1687 3060 Pontifex
1708 2989 1871 3082 episcopo
1894 2989 2055 3083 Spirensi
2077 2993 2236 3062 mauda-

1239 3089 1310 3172 vit‚
1341 3101 1383 3160 ut
1412 3089 1687 3160 controversiam
1712 3107 1946 3182 cognosceret.
2003 3091 2074 3164 Hie
2096 3093 2236 3184 delegit

303 3189 389 3266 Fuit
428 3191 467 3260 in
492 3191 582 3261 urhe
608 3187 760 3262 Colonia
789 3185 986 3286 Agrippina
1017 3195 1189 3287 impostor
1238 3189 1374 3260 iudices
1393 3189 1489 3260 viros
1509 3189 1683 3280 sapientes
1704 3205 1739 3262 et
1758 3193 1933 3276 eruditos,
1959 3189 2233 3280 Sualbacbium,

197 3295 346 3390 ,quidam
368 3291 538 3376 ludaeos,
565 3292 628 3386 qui
650 3293 839 3366 simulabat
860 3319 897 3365 se
919 3297 1083 3388 amplecti
1103 3297 1190 3368 reli·
1240 3285 1436 3376 Truchses‚
1468 3303 1503 3362 et
1523 3286 1725 3384 Theologos
1745 3291 1973 3386 Capitonem,
1999 3309 2034 3367 et
2055 3291 2234 3366 lodocum

200 3397 343 3486 gionem
362 3391 621 3480 Christianam,
653 3409 688 3466 et
709 3395 893 3467 familiaris
918 3412 993 3469 erat
1013 3394 1187 3468 monacho
1239 3391 1407 3477 Gallum,
1431 3387 1606 3484 hospitem
1623 3391 1776 3468 Erasini.
1828 3393 1877 3465 Hi
1895 3418 1976 3466 cum
1996 3397 2237 3487 pronuncias-

199 3497 425 3592 iuquisitori,
464 3510 506 3568 ut
533 3497 741 3578 nominant,
782 3495 1013 3586 Hochstrato,
1051 3501 1189 3571 eteius
1240 3505 1319 3566 sent
1339 3509 1404 3586 pro
1418 3489 1620 3587 Capuioue,
1642 3489 1810 3566 monaehi
1824 3520 1946 3566 rursus
1959 3499 2004 3567 ad
2018 3497 2234 3568 Pontificem

200 3598 332 3673 amicis.
383 3595 450 3669 llis
474 3599 630 3670 ostendit
649 3621 812 3688 magnam
834 3601 1021 3692 pecuniam
1040 3597 1190 3673 honesta
1239 3607 1444 3690 provocant.
1500 3593 1637 3688 Capnio
1661 3595 1798 3670 Romae
1821 3597 1935 3668 multo
1957 3599 2237 3690 praestantiores

201 3703 318 3794 speeie
342 3713 375 3770 et
397 3701 473 3776 siue
495 3723 622 3792 magno
646 3702 794 3791 negocio
816 3699 956 3773 ludaeis
968 3704 1058 3795 eripi
1075 3727 1189 3795 posse,
1240 3693 1366 3769 habuit
1393 3707 1577 3788 patronos,
1613 3721 1718 3792 quam
1748 3698 1786 3767 iu
1814 3695 2018 3770 Germanis.
2087 3697 2233 3772 Iudicio

201 3805 232 3873 si
256 3803 411 3873 edictum
435 3801 631 3894 Imperator
654 3817 846 3896 proponat,
868 3819 909 3876 ut
933 3801 1055 3876 ludaei
1078 3807 1190 3876 libros
1241 3811 1400 3892 praeerat
1415 3795 1616 3870 Cardinalis
1633 3795 1827 3870 Grimauus
1843 3799 1997 3872 Venetus
2019 3802 2235 3874 excellenter

202 3927 326 3976 omnes
341 3904 502 3980 adferant
512 3905 553 3972 in
569 3903 724 3989 curiam,
749 3905 787 3973 iia
803 3927 867 3976 suo
884 3907 1033 4000 quisque
1046 3907 1192 3996 oppido,
1241 3903 1366 3971 doctus
1385 3899 1424 3969 in
1440 3897 1589 3985 Latina,
1620 3895 1776 3985 Graeca,
1808 3915 1842 3972 et
1855 3899 1974 3974 Ebrea
1996 3903 2129 3992 lingua.
2180 3899 2234 3974 Et

202 4021 244 4080 ut
269 4007 318 4078 ab
348 4005 620 4102 inquisitoribus
646 4005 775 4076 caeteri
796 4007 881 4077 libri
904 4021 1043 4099 praeter
1059 4005 1191 4093 Biblia,
1241 3997 1299 4072 hic
1312 3995 1476 4070 adhibuit
1489 3999 1634 4072 Petrum
1644 3997 1871 4086 (ὶ111111111111,
1896 4003 2234 4076 1111111111111111-

167 4159 173 4178 ,
202 4123 372 4202 tanquam
401 4107 592 4198 perniciosi
612 4103 832 4178 Christianae
857 4109 1022 4200 religioni
1044 4111 1192 4180 combu-
1241 4117 1313 4194 pta.
1372 4100 1531 4174 Multum
1564 4103 1670 4174 etiam
1699 4105 1793 4194 apud
1823 4098 1919 4175 hunc
1947 4105 2163 4176 cardinalem
2196 4121 2235 4178 et

203 4225 342 4302 rantur,
394 4207 468 4294 Nec
497 4209 534 4278 id
559 4210 654 4278 serio
685 4210 857 4302 impostor
876 4212 937 4280 ille
958 4213 1013 4301 agi
1037 4212 1191 4296 volebat,
1243 4204 1336 4296 apud
1351 4205 1439 4273 alios
1455 4203 1591 4276 valebat
1607 4203 1795 4275 autoritate
1807 4228 1912 4276 senes
1924 4207 2084 4279 eruditus
2100 4221 2134 4277 et
2149 4229 2234 4276 sua-

124 4393 132 4413 l
204 4315 265 4382 sed
292 4309 440 4380 ludaeos
467 4311 598 4382 sciebat
620 4311 737 4381 statim
761 4335 889 4402 magna
911 4313 1058 4403 pecunia
1080 4313 1192 4382 libros
1243 4306 1297 4374 vis
1326 4319 1429 4376 natus
1457 4305 1496 4374 iu
1526 4305 1658 4398 oppido
1681 4303 1866 4401 Mysorum
1887 4305 2056 4396 Friberga
2080 4305 2236 4378 lacobus

202 4415 448 4503 redempturos
471 4435 554 4486 esse.
606 4410 660 4484 Eo
683 4413 790 4502 igitur
804 4439 880 4484 rem
896 4415 1024 4484 deduci
1042 4415 1193 4499 volebat,
1244 4407 1519 4496 Quetlefflbersss
1551 4406 1613 4499 (1111
1640 4407 2237 4501 11111111111111111111101111110-

203 4509 389 4588 utludaei
411 4515 595 4606 pecuniam
619 4514 806 4600 offerrent,
830 4510 924 4586 hauc
943 4517 1110 4608 praedam
1133 4539 1193 4586 ca·
1243 4531 1337 4579 nem·
1375 4503 2237 4582 CommendavitetErastnushanccausamLeoni

205 4619 328 4710 ptabat
364 4616 592 4686 dividendam
629 4617 722 4688 inter
762 4618 990 4710 inquisitores
1016 4631 1050 4688 et
1079 4617 1192 4686 socios
1242 4624 1278 4682 et
1301 4608 1497 4703 praecipuis
1514 4609 1766 4704 cardinalibus.
1819 4609 1957 4682 luterea
1970 4611 2069 4682 lectis
2083 4613 2123 4682 in
2139 4610 2238 4682 Ger-

205 4715 314 4791 huius
339 4719 489 4788 consilii.
538 4715 616 4790 Hos
637 4719 744 4788 fuisse
764 4720 880 4790 fontes
902 4718 1036 4810 negotii
1057 4731 1191 4788 centurn
1243 4711 1362 4781 mania
1376 4708 1731 4803 scriptisCapniouis,
1757 4712 1859 4783 multi
1873 4713 2131 4784 calumniarum
2147 4715 2236 4784 odio

202 4834 269 4894 est.
326 4818 458 4891 Petunt
477 4820 585 4909 igitur
606 4815 773 4890 monachi
794 4821 947 4890 edictum
970 4822 1015 4890 ab
1036 4817 1193 4910 impera·
1244 4808 1465 4884 amonachis
1488 4813 1578 4884 liunt
1598 4811 1797 4886 alieniores.
1857 4809 1905 4884 Et
1926 4814 2027 4907 quasi
2048 4815 2235 4886 classicum

202 4939 300 5008 tore,
327 4935 361 4992 et
384 4921 591 5010 religionem
615 4909 834 5012 praetexunt.
882 4918 1014 4993 Editur
1028 4921 1193 5006 edictum,
1245 4915 1393 4985 canebat
1413 4923 1478 4984 suo
1494 4913 1663 4984 sodalitio
1677 4911 1876 4999 Hutteuus,
1902 4909 1961 4986 hic
1976 4911 2142 4986 monachi
2157 4939 2237 4984 ma-

207 5042 242 5094 et
263 5024 537 5094 Francoforsliae
561 5023 644 5093 libri
665 5025 703 5092 iu
727 5024 1073 5113 cuniam'gestantur.
1132 5018 1194 5090 ln·
1245 5017 1296 5107 gis
1308 5017 1418 5086 etiam
1438 5017 1555 5085 furere
1569 5028 1755 5104 ceperunt,
1781 5017 2020 5088 vociferantur
2034 5017 2074 5088 in
2090 5017 2236 5088 concio-

207 5142 301 5195 terea
321 5141 360 5196 ut
379 5127 482 5198 multi
504 5139 587 5195 stant
605 5124 742 5209 ludaei,
770 5149 843 5194 non
864 5125 979 5215 ignari
992 5123 1193 5196 communis
1245 5119 1351 5187 nibus
1367 5128 1488 5186 eontra
1505 5113 1744 5207 Capniouem‚
1769 5113 1956 5190 Erasmum
1974 5131 2010 5190 et
2022 5115 2238 5202 Hutteuum,

147 5221 151 5230 ’
204 5228 317 5308 vitae,
351 5229 389 5296 iu
419 5228 500 5296 aula
527 5227 752 5318 imperatoria
780 5249 862 5296 suos
892 5228 995 5296 etiam
1025 5239 1194 5316 patronos
1245 5221 1356 5290 edunt
1381 5217 1556 5310 picturas,
1587 5218 1750 5288 futilibus
1771 5220 1986 5310 argumentis
2009 5237 2239 5311 propugnant

209 5327 361 5409 adeunt,
383 5327 449 5418 qui
471 5353 508 5396 re
528 5352 572 5396 eo
586 5330 786 5407 adducunt,
811 5341 851 5396 ut
868 5323 1062 5417 Imperator
1076 5326 1194 5394 scisci·
1245 5345 1325 5391 suas
1338 5319 1622 5410 superstitiones,
1646 5343 1736 5414 quae
1750 5337 1833 5394 sunt
1845 5321 1995 5412 aucupia
2010 5321 2113 5414 impii
2126 5345 2239 5414 quae-

208 5439 346 5497 sanetur
386 5427 518 5497 iudicia
562 5429 785 5498 eruditorum
824 5427 864 5494 iu
909 5429 1030 5516 lingua
1067 5421 1195 5497 Ebrea.
1247 5435 1339 5510 stus,
1369 5419 1527 5514 denique
1553 5421 1684 5490 malam
1706 5443 1847 5494 cauum
1869 5423 2074 5496 actussima
2096 5423 2237 5514 agendo

1236 1461 1360 1532 leatur.
1402 1457 1530 1534 Censet
1544 1465 1702 1538 cruditos
1716 1467 1754 1538 in
1770 1469 1889 1560 lingua
1904 1467 2124 1542 adhibendos
2138 1495 2237 1545 esse.
2346 1491 2348 1504 ⁴

1238 2785 1435 2856 orationem
1453 2782 1619 2856 Latinam
1643 2787 1687 2857 sd
1714 2783 1964 2878 Imperatorem
1993 2789 2115 2860 edidit.
2177 2787 2237 2860 Et
2350 2833 2351 2866 l
