4616 5816
103 3513 108 3522 .
232 3443 324 3515 Cum
350 3444 445 3512 enirn
462 3441 695 3512 consuluisset
718 3463 798 3507 eum
813 3436 952 3505 vicinus
966 3431 1163 3527 Episcopus
1179 3438 1223 3506 de

1318 97 1331 136 i

228 243 308 325 ass
817 227 989 308 nucu
1039 225 1114 308 uu
1148 226 1293 307 vira
1322 225 1671 332 aueusrmr.
2183 235 2250 326 a,

226 435 303 492 tum
325 416 481 486 fecerant
503 411 544 481 in
571 405 782 494 Ecclesiam,
814 427 888 476 non
905 403 1054 476 remittit
1070 403 1219 474 omnino
1270 402 1429 476 Tantum
1443 404 1488 474 de
1503 401 1746 493 dogmatibus,
1769 415 1806 474 et
1821 416 1894 474 tam
1907 403 2028 492 utilia,
2051 429 2117 479 nec
2128 404 2250 483 Hiero-

228 541 401 613 poenam,
434 513 571 586 etiamsi
589 533 654 604 pru
676 510 727 580 eis
746 509 1001 600 deprecabatur
1024 503 1219 576 Nectarius.
1271 527 1400 600 nymus
1421 529 1487 576 nee
1501 505 1689 598 quisquam
1705 505 1798 575 alius
1815 507 1970 597 scripsit.
1998 507 2183 582 Caetemm
2196 515 2251 586 alii

227 619 276 693 Et
300 619 443 713 quidem
466 615 586 708 inquit
607 613 757 703 loquens
780 612 824 680 de
846 603 1031 692 Ethnicis,
1066 629 1102 676 se
1123 609 1221 677 nolle
1273 608 1385 676 sancti
1406 607 1476 676 viri
1494 605 1574 676 aliis
1597 607 1789 679 virtutibus
1811 610 2061 686 excettuerum.
2113 609 2182 683 Sed
2205 629 2252 686 tr-

226 725 273 794 ab
288 721 332 789 iis
346 718 482 810 rogari,
504 739 523 785 a
539 715 670 808 quibus
685 709 846 784 Christus
862 733 937 780 non
950 721 1104 797 rogetur.
1148 707 1222 778 Bo-
1273 731 1355 777 men
1370 709 1589 779 anteferendi
1605 721 1688 780 sunt
1710 709 1785 789 illi,
1811 710 1874 802 qni
1890 711 1930 780 in
1944 714 2253 797 administratione,

227 819 398 896 nifacinm
427 815 602 892 Comitem
631 837 750 884 severe
782 812 964 902 obiurgat,
996 809 1092 903 quod
1121 811 1223 880 duxit
1274 809 1312 878 in
1325 809 1512 902 periculis,
1538 810 1578 878 in
1592 809 1666 880 acie
1681 811 1810 880 versati
1827 825 1930 894 sunt,
1956 837 2037 884 cunr
2060 817 2187 884 caeteri
2206 841 2252 892 es·

130 971 137 978 ·
229 919 408 996 ethnicam
431 920 631 1007 coniugem.
685 913 824 986 Rursus
849 913 963 982 multa
985 911 1223 980 leniterfecit.
1274 927 1351 982 sent
1368 911 1489 984 ociosi.
1534 909 1695 982 Recitavi
1712 907 1898 982 historiam
1915 912 2109 1005 Augustini
2124 932 2255 1010 propter

229 1024 313 1096 Non
336 1022 414 1092 vult
435 1019 585 1089 interfici
607 1016 776 1100 militem,
802 1013 864 1106 qui
881 1011 1223 1104 templumviolave-
1275 1013 1523 1086 adolescentes.
1554 1010 1662 1100 Quod
1679 1013 1773 1082 euim
1789 1015 1988 1106 exemplum
2003 1017 2116 1108 magis
2131 1013 2256 1088 hortari

230 1139 303 1210 rat,
329 1125 390 1193 sed
414 1122 513 1192 iubet
535 1143 616 1190 eum
636 1113 821 1186 admoneri
845 1129 880 1186 et
902 1116 947 1184 ad
969 1113 1223 1206 poenitentiam
1276 1137 1341 1184 nos
1356 1115 1400 1182 ad
1416 1113 1575 1183 discendi
1591 1137 1711 1184 ruram
1726 1127 1858 1204 potest,
1882 1139 1988 1209 quam
2008 1113 2096 1188 baec
2122 1119 2193 1211 ipsa
2206 1115 2257 1187 hi·

231 1223 390 1299 invitari.
444 1220 600 1310 Quidem
621 1221 815 1288 donaverat
832 1229 965 1286 certum
987 1211 1225 1285 fundumEo-
1276 1213 1410 1284 storia?
1462 1213 1632 1316 Videmus
1653 1215 1715 1308 qui
1740 1215 1867 1285 fluctus
1893 1218 2071 1308 excipiant
2094 1243 2172 1301 eos,
2201 1221 2255 1313 qni

232 1326 375 1412 clesiae‚
400 1337 480 1416 post
498 1345 633 1392 anniam
655 1331 788 1389 mutata
803 1317 1002 1402 voluntate,
1027 1316 1155 1406 repetit
1170 1327 1224 1384 ta·
1275 1313 1443 1386 Ecclesiis
1464 1315 1660 1408 praefuturi
1682 1327 1784 1401 sunt,
1805 1341 1870 1386 nec
1890 1340 1992 1408 posse
2013 1320 2259 1409 gubernatores

232 1429 352 1500 bulas:
379 1423 600 1516 Augustinus
622 1444 667 1490 ne
684 1443 764 1490 cum
781 1414 927 1488 homine
947 1417 1134 1508 perfidioso
1150 1415 1225 1486 liti·
1276 1430 1409 1488 tantam
1440 1417 1571 1486 molem
1598 1417 1792 1502 sustinere,
1822 1417 1900 1488 sine
1930 1443 2057 1510 magna
2086 1421 2256 1494 doctrinae

232 1542 349 1620 garet,
375 1524 515 1598 tabulas
535 1523 666 1594 reddit.
723 1518 808 1590 Fuit
825 1531 859 1590 et
874 1519 1010 1610 privata
1031 1519 1103 1588 vita
1120 1518 1225 1610 plena
1276 1519 1376 1610 copia
1391 1532 1426 1588 et
1438 1518 1617 1592 varietate.
1651 1517 1776 1589 Totae
1793 1531 1865 1588 usn
1881 1521 1997 1590 varias
2010 1523 2255 1592 controversias

141 1654 148 1664 ·
232 1630 450 1722 optimorum
474 1625 733 1714 exemplorum,
765 1619 957 1712 pudicitiae
975 1633 1009 1690 et
1023 1631 1225 1710 temperan-
1276 1618 1440 1692 tractavit
1457 1615 1695 1710 Augustinus,
1720 1620 1850 1712 quibus
1872 1621 1975 1690 nullo
1989 1625 2098 1694 modo
2113 1648 2177 1715 par
2194 1647 2256 1694 esse

231 1733 311 1804 tiae.
362 1725 454 1800 Odit
468 1725 676 1808 maledicos,
701 1735 743 1792 ut
767 1723 842 1792 eius
858 1721 1022 1790 versiculi
1039 1733 1225 1792 testantur.
1277 1723 1467 1814 potuisset,
1487 1721 1558 1790 uisi
1580 1735 1616 1792 et
1637 1720 1829 1812 multiplici
1850 1723 2052 1792 eruditione
2077 1726 2256 1796 instructus

188 1869 190 1874 v
232 1831 358 1904 Fuisse
374 1842 549 1900 amantem
572 1823 750 1909 veritatis,
776 1821 937 1892 indicant
957 1821 1042 1892 libri
1057 1835 1225 1893 retracta·
1276 1824 1419 1908 fuisset,
1444 1835 1479 1892 et
1495 1821 1675 1892 assiduum
1693 1822 1852 1892 studium
1867 1818 2101 1910 adhibuisset,
2127 1841 2167 1897 ut
2182 1849 2255 1918 pro-

233 1935 392 2034 tionum,
417 1929 515 2024 quod
537 1950 619 1998 suos
645 1947 781 1995 errores
800 1925 951 2014 ingenue
968 1923 1098 1994 fatetur
1120 1938 1155 1994 et
1168 1947 1226 1994 re-
1277 1935 1445 1996 moveret.
1495 1920 1609 1994 Docet
1623 1923 1682 2014 pia
1698 1935 1838 2014 pectora
1853 1922 2010 2016 Spiritus
2024 1941 2185 2012 sanctus,
2205 1927 2255 1996 sed

232 2047 363 2106 cantat.
420 2028 590 2121 Egressus
619 2024 913 2118 septuagesimum
938 2048 1072 2094 anuum
1102 2026 1225 2130 qetatis
1277 2027 1372 2095 dona
1397 2021 1465 2094 Dei
1486 2024 1655 2093 discendo
1676 2023 1858 2093 excitanda
1880 2039 1915 2095 et
1936 2029 2150 2098 cumulanda
2176 2041 2257 2111 sunt,

233 2159 316 2206 suae
341 2147 503 2202 mortuus
527 2143 599 2213 est,
631 2153 710 2197 cum
732 2125 938 2218 praefuisset
959 2123 1137 2195 Ecclesiae
1161 2149 1224 2195 an·
1277 2127 1368 2196 sicut
1383 2123 1515 2195 Paulus
1530 2120 1693 2194 hortatur
1708 2119 1958 2210 Timotheum,
1983 2144 2024 2200 ut
2038 2129 2086 2199 sit
2108 2129 2256 2198 assiduus
2297 2205 2298 2214 ,

233 2261 299 2306 nos
313 2233 545 2326 quadraginta
561 2229 743 2299 foeliciter.
796 2225 952 2296 Accessit
969 2225 1031 2294 illa
1047 2227 1226 2296 calamitas
1278 2229 1317 2296 in
1338 2223 1509 2310 lectione,
1543 2241 1579 2320 et
1602 2225 1715 2297 addit:
1750 2224 1834 2296 Non
1857 2228 2014 2317 negligas
2034 2231 2170 2300 donum
2190 2227 2256 2298 Dei.

233 2339 272 2406 in
294 2335 420 2405 ultima
442 2345 595 2402 senecta:
627 2329 756 2398 vidita
777 2324 948 2396 Vandalis
971 2327 1100 2397 vastari
1127 2324 1226 2398 Afri·
1279 2327 1418 2417 lguavis
1434 2329 1528 2396 dona
1544 2325 1610 2397 Dei
1628 2327 1797 2412 effluunt,
1817 2327 1908 2398 sicut
1931 2331 2088 2402 ostendit
2103 2329 2256 2422 parabola
2297 2383 2298 2426 ζ

233 2461 326 2520 carn,
371 2434 433 2527 qui
464 2457 544 2503 cum
581 2429 708 2523 passim
741 2428 860 2500 omnia
894 2429 1060 2520 populari
1095 2441 1226 2511 esseut,
1277 2431 1322 2499 de
1348 2427 1493 2501 talento.
1552 2425 1731 2518 Tempora
1752 2429 1858 2498 etiam
1874 2453 1940 2500 nos
1962 2447 2149 2517 moveant,
2172 2431 2257 2502 utin
2297 2435 2298 2494 l

233 2539 424 2608 cinxerunt
438 2534 625 2604 obsidione
641 2531 765 2601 urbem
782 2525 1070 2618 Hipponensem,
1098 2527 1135 2620 in
1156 2551 1225 2622 qua
1277 2550 1400 2599 ornnes
1416 2529 1528 2598 bonas
1543 2527 1769 2620 disciplinas,
1794 2553 1885 2622 quae
1908 2530 2183 2604 suncEccteeiae
2202 2555 2256 2600 na

234 2651 309 2708 erat
331 2636 570 2726 Augustinus,
599 2632 661 2726 qui
681 2645 767 2701 tunc
786 2629 1005 2698 luculentum
1031 2627 1119 2696 illud
1137 2652 1226 2720 opus
1277 2628 1464 2714 sessaniae,
1498 2627 1630 2700 maiore
1664 2630 1798 2720 impetu
1829 2631 2092 2704 incumbamus:
2130 2635 2256 2703 Videtis

234 2739 425 2823 scribebat,
464 2737 522 2807 cui
559 2733 703 2804 titulum
735 2729 837 2810 fecit,
879 2741 1001 2798 contra
1031 2723 1224 2801 Iulianum.
1278 2731 1373 2800 enim
1390 2753 1464 2798 non
1481 2751 1581 2821 posse
1601 2729 1678 2800 sine
1693 2730 1874 2802 acerrimis
1890 2733 2179 2806 dimicationibus
2198 2757 2256 2824 pu-

233 2837 389 2930 Rogavit
418 2849 536 2907 autern
564 2833 698 2918 Deum,
731 2844 773 2902 ut
794 2829 851 2900 vel
885 2829 1076 2922 depelleret
1097 2826 1225 2915 hostes,
1278 2832 1416 2902 ritatem
1433 2831 1615 2902 doctrinae
1630 2831 1790 2902 retineri.
1845 2829 2033 2904 Conantur
2048 2859 2128 2906 eam
2143 2838 2256 2906 adver-

232 2941 290 3010 vel
311 2963 347 3010 se
365 2963 406 3009 ex
422 2933 480 3007 his
499 2935 649 3005 miseriis
670 2945 831 3003 evocaret
853 2933 897 3000 ad
915 2931 1224 3011 immortalitatem,
1277 2933 1361 3004 sarii
1382 2931 1572 3023 multiplici
1595 2927 1794 3022 sophistica
1818 2934 1983 3009 obruere.
2041 2935 2117 3008 Nec
2139 2933 2256 3006 desinit

233 3042 406 3135 quianon
422 3052 536 3130 posset
553 3031 1108 3126 essespectatorexpugnatiouis.
1151 3030 1226 3102 De·
1277 3033 1441 3104 diabolus
1456 3033 1608 3104 subinde
1623 3035 1728 3104 falsas
1742 3033 1930 3125 opiniones
1946 3059 2073 3122 serere,
2094 3051 2134 3110 ut
2150 3039 2255 3108 offun-

232 3143 335 3213 cessit
346 3141 455 3230 igitur
468 3136 688 3229 Augustinus
704 3159 799 3204 auno
813 3131 962 3203 Domini
983 3133 1224 3226 quadringen-
1276 3137 1337 3206 dat
1359 3135 1509 3206 incautis
1530 3135 1667 3228 aliquid
1690 3135 1837 3220 erroris,
1862 3149 1903 3208 ut
1924 3137 2007 3208 fecit
2027 3139 2067 3208 in
2087 3138 2254 3212 Paradisu-

232 3244 358 3315 tesimo
382 3241 484 3312 tertio
508 3242 658 3309 durante
683 3237 889 3318 obsidione,
912 3247 1146 3324 anteceptam
1162 3257 1220 3304 ur·
1277 3235 1399 3325 Quare
1425 3237 1578 3306 subinde
1604 3235 1814 3306 exoriuntur
1843 3261 1958 3308 novae
1980 3240 2194 3324 discordiae,
2222 3259 2255 3308 sc

231 3346 326 3418 bem.
377 3341 450 3412 Nec
464 3341 612 3410 excussit
626 3340 658 3408 ei
675 3337 779 3407 fidem
799 3336 861 3405 illa
876 3335 1055 3404 calamitas
1071 3335 1223 3426 publica.
1276 3339 1380 3429 plane
1397 3337 1455 3417 lit,
1480 3349 1521 3408 ut
1538 3337 1578 3406 in
1594 3337 1703 3406 veteri
1719 3334 1911 3408 Comoedia
1930 3339 2080 3411 dicitur:

232 3548 335 3634 fuga,
368 3569 415 3614 an
438 3543 660 3636 quaerendae
680 3537 988 3622 essentiatebrae,
1019 3538 1122 3608 iussit
1142 3561 1223 3608 eum
1326 3493 1439 3582 ⁶¹²9&
1459 3493 1539 3580 πρὸς
1560 3490 1672 3578 ἆτεθὼ
1693 3491 1850 3581 fli‘f‘w‘
1868 3505 1951 3582 ffli‘
1972 3520 2005 3562 st
2025 3493 2207 3566 Amtfiwt·

225 3643 454 3736 'A⁰8⁰⁸ll¹l⁰⁵
482 3646 742 3714 ”⁰ssd0301'01'0
772 3637 985 3724 Etilffilssffli
1030 3639 1096 3710 02⁸5
1127 3639 1223 3710 enlm
1276 3651 1341 3724 Est
1366 3651 1476 3741 igitur
1507 3671 1596 3740 opus
1622 3645 1802 3720 Ecclesiae
1828 3651 1932 3721 bonis
1966 3666 2001 3723 et
2026 3655 2140 3726 doctis
2167 3652 2253 3736 siris,

232 3749 358 3818 ruebat
372 3746 581 3836 imperium,
609 3757 728 3815 tamen
746 3737 822 3810 Deo
839 3735 1032 3810 Ecclesiam
1046 3763 1151 3810 curae
1166 3741 1225 3810 fu·
1277 3777 1431 3848 quorum
1464 3774 1550 3820 voc,
1576 3763 1610 3821 et
1644 3751 1783 3841 scripti,
1808 3755 2028 3844 propugnari
2053 3757 2166 3845 glori,
2194 3753 2252 3826 Dei

232 3860 349 3918 turam
372 3869 455 3916 osse.
507 3841 624 3938 Atque
645 3843 693 3912 ita
715 3840 852 3911 accidit·
902 3839 995 3910 Nam
1013 3865 1133 3932 preces
1148 3837 1223 3910 Au·
1277 3855 1396 3947 pouit,
1447 3849 1504 3922 Ad
1534 3846 1620 3922 haec
1642 3852 1833 3922 ,emmim
1858 3877 1920 3923 νο,
1945 3871 2167 3947 praeparate,
2196 3877 2252 3924 „oe

233 3949 367 4036 gustini
407 3961 442 4017 et
481 3949 632 4016 aliorum
664 3943 808 4034 piorum
837 3963 913 4010 non
953 3955 1053 4011 erant
1091 3941 1224 4014 irritae.
1277 3979 1339 4026 vo,
1356 3954 1486 4024 iudicia
1505 3952 1731 4023 indoctorum
1746 3955 1954 4029 deterreant·
2006 3956 2148 4043 Midae,
2170 3955 2252 4028 cm.
2296 3999 2297 4002 ,

234 4047 451 4142 Quanquam
477 4049 573 4118 enim
597 4047 682 4117 urbs
696 4041 941 4135 Hipponensis
959 4057 1058 4134 capta
1073 4057 1143 4127 est,
1170 4057 1225 4114 ta·
1276 4057 1389 4141 gauri,
1411 4069 1445 4126 22
1459 4053 1587 4144 ,ulgus
1610 4055 1738 4146 partim
1760 4067 2011 4143 contemnunt,
2035 4059 2164 4150 pamm
2177 4059 2251 4128 ode,
2296 4041 2297 4074 ἒ

234 4173 317 4218 “¹⁰¹¹
340 4151 446 4240 P³Vl⁰
470 4163 568 4240 P⁰³ls
602 4143 668 4219 hoc
698 4147 833 4216 bellum
859 4146 1018 4250 Sedfffflffl
1043 4157 1110 4229 ²⁸12
1143 4167 1223 4214 ‘⁰¹¹¹
1276 4173 1361 4230 runt
1381 4159 1516 4228 literas:
1541 4179 1664 4225 verum
1681 4179 1722 4224 eo
1738 4157 1872 4225 maiore
1884 4157 2069 4245 diligentia
2087 4155 2250 4230 ab'omui-
2296 4173 2297 4180 ’

234 4247 405 4320 Vandalis
421 4252 523 4320 datae
537 4264 654 4321 essent
668 4249 766 4316 sedes
780 4247 819 4315 in
832 4242 971 4331 Africa,
996 4268 1035 4316 ac
1049 4247 1224 4318 durarunt
1276 4261 1344 4331 bu,
1367 4260 1433 4351 pii,
1456 4271 1490 4329 ει
1510 4257 1710 4327 amantibus
1731 4251 1944 4344 Ecclesiam,
1976 4261 2128 4332 mendae
2149 4276 2180 4333 εἰ
2197 4281 2249 4328 01..
2296 4231 2297 4286 ἶ

225 4351 284 4420 'ibi
309 4349 486 4422 Ecclesiae
518 4374 631 4421 annos
661 4350 735 4416 fere
756 4350 926 4417 ducentos
952 4361 1031 4438 post
1052 4342 1224 4436 Augusti·
1275 4365 1414 4431 agndae
1436 4371 1530 4430 sunt.
1582 4356 1702 4446 Quare
1724 4357 1926 4429 intueamur
1947 4361 1985 4430 in
2007 4364 2162 4454 exempla
2182 4361 2248 4454 pio·

233 4477 330 4527 uum.
382 4448 457 4521 Alii
478 4453 592 4522 solent
608 4451 737 4520 addere
755 4447 1033 4538 comparationes
1054 4447 1093 4516 in
1110 4449 1222 4540 epilo·
1276 4487 1374 4548 rum,
1406 4460 1529 4543 pauli,
1561 4458 1775 4548 Augustini,
1807 4459 2009 4542 Ambrosii,
2041 4477 2076 4532 ,g
2098 4465 2247 4538 aflorum,

230 4554 557 4644 Bl⁸lil¹d³ll⁰m¹ffls
578 4573 728 4646 q¹¹⁰f¹¹m
740 4549 927 4619 ‘millum
938 4573 1012 4618 ¹¹⁰ss
1030 4550 1221 4619 ³dm⁰d¹¹m
1275 4564 1337 4658 qui
1354 4587 1433 4636 cum
1449 4559 1581 4632 fuerint
1597 4559 1863 4642 studiosissimi,
1890 4564 2078 4634 excitemus
2093 4589 2157 4635 nos
2170 4585 2247 4657 quo·

233 4657 366 4748 probo,
392 4655 462 4724 uisi
487 4651 640 4724 docendi
662 4671 765 4721 causa
788 4650 1022 4768 liat-collatio.
1072 4647 1222 4721 Prodest
1275 4691 1343 4760 qu,
1366 4669 1411 4736 ,d
1432 4662 1591 4734 discendi
1614 4685 1755 4753 euram,
1787 4687 1892 4756 quam
1918 4667 2062 4757 quidem
2092 4661 2245 4758 praecipit

232 4755 468 4836 considerari,
500 4755 588 4848 quid
611 4753 781 4844 ⁰⁰5⁰³q1¹0
801 4765 930 4842 ⁸⁰¹¹Pl³
959 4751 1065 4821 ΜΗ*
1085 4753 1222 4822 0⁰¹1d11·
1274 4767 1428 4858 Spiritus
1443 4781 1600 4850 sanctus,
1625 4763 1806 4859 inquiens:
1833 4763 1991 4838 Verbum
2007 4763 2075 4838 Dei
2093 4769 2246 4839 intervos

96 4857 103 4872 '
232 4873 324 4930 cant.
381 4853 575 4948 Augustini
597 4856 701 4926 lectio
725 4853 869 4946 prodest
898 4853 936 4922 in
961 4853 1035 4922 illis
1054 4853 1221 4938 materiis,
1273 4867 1442 4944 abundet,
1493 4866 1590 4944 Dixi,

232 4983 320 5052 quas
338 4959 519 5042 tractavit,
543 4981 608 5027 nec
623 4981 708 5026 vero
726 4954 911 5048 quisquam
926 4953 1088 5026 tractavit
1102 4953 1221 5045 plures

233 5063 408 5136 materias.
466 5058 615 5151 Scripsit
635 5059 824 5148 diligenter
842 5057 887 5126 de
903 5053 1100 5140 Trinitate,
1124 5056 1219 5126 refu-

231 5163 320 5230 tavit
346 5157 577 5234 Manichacus
608 5173 644 5230 et
677 5155 862 5230 Arrianus.
929 5154 1042 5226 Docet
1077 5179 1145 5226 nos
1173 5159 1218 5226 de

229 5260 360 5348 gratia,
386 5267 489 5334 etde
513 5261 650 5334 iusticia
672 5260 754 5331 fidei
778 5258 817 5328 in
841 5257 1053 5329 refutatione
1075 5255 1218 5347 Pelagii.

228 5359 342 5437 Docet
367 5362 412 5432 de
439 5359 597 5436 Ecclesia
625 5364 666 5434 in
699 5359 912 5434 refutatione
939 5355 1218 5432 Donatistarum.
