4616 5816
161 230 242 308 aaa
351 176 354 185 “
838 165 1619 338 unco.unantsrorn1.1t.='
2134 217 2213 296 sss

268 396 399 482 Docuit
419 387 571 468 Athenis
591 413 707 464 annos
734 389 921 474 tredecim,
959 413 1024 461 nec
1046 389 1163 462 solum
1213 387 1319 462 iidem
1341 412 1381 461 ac
1405 387 1650 461 dexteritatem
1671 387 1710 458 ia
1734 367 2100 476 dorendoflsborem
2121 391 2213 464 scri·

164 502 348 582 doctrinae
370 500 476 576 laude
501 496 625 566 urbem
646 492 881 562 celebriorem.
898 492 1075 580 reddidit,
1100 492 1162 566 sed
1214 491 1324 562 bendl
1344 503 1397 564 tot
1414 491 1553 582 egregia
1570 505 1820 579 monumenta,
1843 512 1986 566 murum
2002 493 2211 581 gravitatem

166 609 274 680 etiam
292 601 429 673 civibus
449 619 577 686 magna
593 595 762 666 beneficia
777 595 982 686 impetravit
996 596 1041 666 ab
1054 591 1163 668 Anti·
1214 587 1249 666 et
1271 587 1550 680 hunanitnem,
1574 583 1755 687 postremo
1781 596 1887 670 etism
1911 595 2061 668 iniurias
2081 619 2171 690 quas
2191 619 2211 668 a
2239 647 2241 656 ,

168 723 282 803 patro,
305 701 368 799 qui
383 699 633 774 Macedoniam
650 697 884 787 gubernabat,
910 709 944 768 et
959 697 1063 768 unice
1076 696 1163 770 Ari·
1214 691 1452 791 Sycophantis
1470 697 1615 790 accepit.
1679 695 1798 788 Quem
1820 721 1897 772 nou
1920 699 2069 772 delectet
2089 697 2211 770 videre

165 811 326 906 stjotelem
341 816 602 896 praeceptorem
619 800 800 890 diligebat.
845 797 937 872 Cum
952 814 1070 872 autem
1085 824 1163 870 cer·
1214 811 1251 868 et
1275 798 1498 870 considerare
1519 799 1558 870 in
1576 823 1660 871 rnrtss
1681 800 1784 888 viro,
1806 813 1878 874 tam
1900 801 2032 874 multas
2049 795 2212 874 heroicas

166 913 300 986 tamina
321 901 598 980 Atheniensium
623 929 702 974 cum
726 898 919 993 Antipatro
942 916 1064 995 postea
1086 927 1164 974 cre·
1214 899 1387 972 virtutes?
1437 899 1529 972 Cum
1553 902 1649 972 enim
1672 903 1710 974 in
1735 897 1805 974 hoc
1817 920 1948 995 genere
1963 905 2141 994 perlectus
2152 919 2212 974 ar·

166 1021 320 1093 seerent,
346 1028 392 1078 ne
407 1009 481 1099 ipse
497 1005 642 1099 qrsidem
657 1019 755 1076 tutus
769 1004 840 1077 tuit
853 999 1018 1079 Athenis.
1069 1003 1163 1076 Nam
1215 1003 1300 1074 tifex
1330 1001 1456 1089 luerit,
1488 1005 1573 1088 satis
1596 1018 1743 1097 apparet
1766 1005 1939 1080 divinitus
1963 1029 2046 1076 eum
2067 1000 2212 1078 beroien

165 1129 247 1190 cnm
276 1111 439 1184 homines
468 1108 585 1180 invidi
615 1120 798 1199 sperarent
826 1131 907 1175 enm
935 1107 1038 1181 facile
1062 1129 1164 1200 posse
1214 1119 1342 1179 natura
1360 1106 1559 1198 praeditum
1574 1107 1694 1178 luisse.

57 1275 59 1283 ,
166 1216 343 1316 opprimi,
379 1211 538 1311 invisum
568 1209 641 1290 iarn
666 1223 811 1301 propter
835 1206 1019 1301 Antipatri
1041 1209 1164 1289 amici·
1317 1205 1499 1280 Hactenus
1519 1211 1563 1278 de
1584 1210 1655 1282 vita
1677 1209 1772 1294 dixi,
1801 1212 1917 1284 multo
1939 1207 2083 1280 brevius
2102 1231 2213 1302 quem

167 1325 274 1400 tiam,
308 1317 489 1390 finxertrnt
507 1315 676 1384 adversus
698 1336 777 1383 eum
803 1312 995 1403 impietatis
1017 1313 1163 1398 crimen,
1215 1331 1272 1380 res
1301 1313 1484 1401 poscebat3
1519 1335 1617 1382 nunc
1645 1313 1689 1384 de
1720 1313 1797 1382 eius
1818 1307 2054 1404 Philosophia
2085 1309 2214 1382 dicam

167 1425 265 1521 quod
286 1419 484 1490 fabulosam
501 1414 660 1488 Deorum
682 1413 949 1484 multitudinem
969 1409 1163 1507 reprehen-
1215 1409 1305 1482 Erat
1327 1427 1444 1486 autem
1466 1407 1553 1484 haec
1576 1437 1657 1504 pars
1680 1415 1853 1486 orationis
1865 1414 1982 1486 multo
1997 1413 2140 1504 lersgior
2154 1413 2215 1484 ln-

166 1528 291 1608 debat‚
317 1535 476 1594 et'unam
494 1517 652 1611 aliquam
668 1529 848 1588 aeternam
864 1529 969 1610 atque
987 1517 1170 1588 infinitam.
1216 1529 1317 1600 tura,
1342 1515 1413 1584 nisi
1436 1515 1598 1606 angustio
1622 1517 1794 1610 temporis
1816 1529 1961 1590 vetaret.
2014 1513 2214 1588 Conferen-

58 1687 62 1690 ,
165 1641 342 1708 mentem,
369 1643 510 1692 oausam
534 1620 697 1690 omnium
719 1641 840 1690 rerum
862 1641 936 1690 esse
953 1620 1164 1704 affirmabat,
1216 1620 1282 1686 dae
1302 1617 1398 1686 enim
1420 1629 1521 1688 erant
1535 1631 1668 1700 sectae,
1694 1621 1868 1714 quaedam
1883 1620 1987 1690 etiam
2003 1619 2049 1688 de
2063 1616 2215 1688 Platone

166 1731 258 1802 illud
275 1727 381 1799 etiam
398 1721 628 1794 Homericum
644 1721 774 1790 citans:
1217 1719 1365 1788 dicenda
1400 1731 1521 1806 erant,
1569 1722 1630 1792 sed
1664 1715 1752 1792 haec
1784 1721 1940 1792 breviter
1966 1721 2216 1813 perstringam.

258 1824 316 1893 οὐκ
334 1819 460 1906 ἀγαθὸν
480 1817 722 1904 πολυκοιρανίη,
749 1815 793 1894 εἷς
811 1817 956 1902 κοίρανος
978 1814 1069 1885 iuro.
1140 1911 1146 1918 ι
1217 1820 1333 1891 Tanta
1348 1835 1400 1890 est
1411 1821 1617 1915 eloquentia
1627 1821 1798 1908 Platonis,
1818 1819 1968 1894 uthaud
1984 1823 2093 1892 dubie
2105 1822 2215 1909 longe

166 1931 381 2008 Formidans
395 1926 504 2016 igitur
520 1924 643 2018 iniqua
658 1922 802 2007 iudicia,
825 1925 998 1996 concessit
1008 1919 1165 1994 inChal-
1216 1923 1406 1994 antecellat
1426 1923 1594 1994 omnibus
1615 1948 1768 2018 quorum
1790 1935 1911 1996 extant
1927 1924 2062 1998 literae.
2112 1921 2216 1994 Mul·

148 2039 306 2113 eidem,
329 2054 419 2124 quae
442 2041 518 2100 erat
539 2027 579 2096 in
601 2027 670 2094 fide
685 2021 880 2116 Antipatri.
931 2024 1056 2126 licque
1079 2021 1165 2096 haec
1216 2039 1272 2096 tae
1294 2027 1400 2096 etiam
1423 2025 1699 2116 sapientissimae
1720 2027 1951 2116 cogitationes
1972 2047 2112 2118 sparsae
2129 2037 2217 2096 sunt

167 2134 365 2218 calumnia,
390 2153 507 2224 neque
529 2125 615 2200 haec
633 2127 738 2216 fuga,
763 2127 832 2196 viri
855 2122 1067 2219 Philosophi
1088 2129 1164 2218 glo-
1217 2127 1256 2198 in
1285 2128 1362 2200 eius
1384 2128 1649 2213 monumentis,
1686 2131 1747 2200 sed
1769 2127 1907 2200 nullam
1931 2142 2042 2200 artem
2065 2129 2218 2218 integre,

166 2244 259 2316 riam
291 2237 494 2308 obscurant.
568 2229 639 2308 Sed
672 2225 741 2300 hoc
771 2245 886 2318 genus·
912 2231 1165 2321 periculorum,
1217 2241 1333 2324 neque
1352 2229 1480 2303 ordine
1497 2231 1656 2303 tradidit.
1707 2229 1846 2302 Deinde
1863 2231 2016 2302 maxima
2032 2243 2217 2322 paesope·

167 2345 264 2440 qnod
287 2357 475 2416 commuue
500 2349 551 2406 est
573 2332 743 2403 omnibus
764 2332 855 2400 bene
879 2335 1097 2404 merentibus
1119 2334 1164 2402 de
1217 2353 1296 2400 rum
1320 2331 1457 2402 ironica
1480 2344 1550 2416 est,
1576 2354 1667 2426 qnae
1691 2333 1801 2421 ligura
1825 2335 1870 2404 ad
1892 2333 2130 2404 deridendum
2151 2355 2215 2402 ac·

166 2467 294 2540 genere
317 2437 497 2521 humano,
523 2435 642 2526 potitis
665 2455 834 2522 magnum
857 2436 958 2504 addit
982 2435 1163 2506 romulum
1217 2433 1477 2504 commodatior
1489 2445 1552 2519 est,
1577 2456 1683 2527 φοοω
1698 2436 1741 2503 ad
1756 2437 1971 2508 docendum.
2007 2429 2218 2506 Athenaeus

167 2551 214 2622 ed
235 2543 468 2622 eiustaodes,
522 2536 682 2608 Primum
701 2535 795 2604 enim
812 2534 886 2625 ipsa
904 2537 1064 2606 veritatis
1081 2561 1164 2627 pro·
1217 2535 1341 2614 scribit
1381 2537 1559 2628 quendam
1587 2535 1748 2606 Platonis
1785 2537 1985 2608 auditorem
2009 2531 2214 2608 Cherouem

166 2649 272 2723 lessio
297 2641 544 2720 honestissima
569 2651 640 2722 eat3
675 2632 767 2706 hanc
793 2649 910 2706 autem
936 2637 973 2708 in
997 2638 1165 2731 periculis
1216 2650 1445 2708 consecutum
1471 2638 1697 2732 tyrannidem
1721 2639 1761 2710 in
1784 2641 1920 2732 patria,
1945 2637 2125 2710 imitatum
2140 2659 2217 2706 esse

166 2753 345 2832 retinere,
370 2765 436 2817 nec
455 2741 541 2814 ullis
562 2738 672 2810 minis
695 2751 757 2808 aut
780 2739 938 2816 cruciatu
956 2742 1032 2811 ullo
1049 2743 1164 2812 deter-
1216 2741 1388 2810 absurdas
1411 2739 1490 2808 illas
1512 2740 1770 2832 disputationes
1792 2743 1838 2812 de
1858 2739 2044 2814 communi
2064 2762 2133 2812 usu
2157 2761 2217 2810 re-

167 2855 239 2930 teri
254 2875 294 2922 sc
307 2844 472 2942 depellia
488 2856 583 2916 recta
599 2841 785 2924 sententia,
811 2836 898 2912 haec
911 2843 1065 2932 gravitas
1079 2863 1165 2916 eon·
1217 2865 1297 2922 rum
1321 2853 1355 2912 et
1372 2841 1584 2928 mulierum;
1610 2843 1733 2915 tulisse
1749 2843 1845 2914 enirn
1861 2845 1994 2936 legem,
2017 2855 2059 2916 ut
2075 2839 2218 2912 domini

168 2955 366 3046 stantiaque
381 2947 524 3044 proprie
538 2946 645 3034 digna
658 2959 710 3013 est
723 2939 1043 3035 viroPhilosopho.
1074 2943 1163 3038 Glo-
1217 2957 1253 3015 st
1273 2944 1366 3014 servi
1388 2944 1623 3015 communiter
1638 2945 1808 3017 omnibus
1822 2945 1978 3018 inmunis
1993 2959 2026 3016 st
2042 2943 2218 3016 uxoribus

168 3063 305 3138 riosum
328 3065 381 3124 est
398 3052 507 3140 igitur
522 3045 726 3128 Aristoteli,
752 3047 935 3118 numerari
954 3047 1049 3116 inter
1066 3069 1164 3114 sum-
1217 3058 1414 3120 uterentur.
1476 3043 1528 3116 lta
1549 3047 1642 3117 male
1662 3047 1863 3120 intellectae
1883 3045 2044 3118 Platonis
2066 3046 2218 3129 ironiae,

141 3183 246 3234 ,mos
261 3157 375 3240 viros,
399 3152 624 3252 quiproptcr
639 3143 1164 3239 honestasopiniones-etrecta
1216 3147 1378 3238 ineptum
1403 3143 1585 3218 hominem
1604 3171 1752 3240 prorsus
1774 3149 2005 3224 infamarunt.
2074 3143 2218 3220 Aristo·

170 3259 320 3335 eonsilia
351 3246 630 3349 aSyeophantis
658 3248 774 3320 vexati
803 3264 866 3320 aut
890 3251 1049 3341 oppressi
1072 3264 1165 3331 sunt,
1217 3249 1304 3320 teles
1336 3261 1459 3320 contra
1494 3250 1708 3324 disoentium
1744 3252 1893 3324 utilitati
1929 3251 2134 3334 consulere,
2181 3265 2218 3320 et

160 3363 219 3443 Er
236 3360 409 3457 quoniam
431 3354 600 3426 omuibus
621 3351 799 3432 ‚aetatibus
821 3348 1068 3444 Sycophantae
1090 3354 1164 3422 bel·
1218 3347 1357 3424 scholas
1388 3351 1519 3422 iuvare
1542 3353 1669 3426 voluit.
1735 3352 1833 3425 llaec
1856 3355 2021 3426 votmsn
2044 3353 2149 3424 etiam
2170 3351 2214 3420 ‚in

162 3469 248 3539 ,lum
273 3473 401 3555 gerunt
431 3481 513 3530 cum
542 3455 690 3524 veritate
721 3449 946 3539 ἄσπονδιον,
990 3455 1166 3544 erigamus
1218 3447 1439 3543 Philosopho
1471 3473 1633 3544 magnam
1662 3456 1807 3526 laudern
1837 3467 2005 3528 meretur.
2073 3452 2217 3542 Integre

169 3571 308 3642 animos
337 3561 508 3652 exemplis
537 3555 794 3648 praestantium
824 3557 968 3631 illorum
995 3558 1166 3641 virorum,
1218 3557 1420 3646 complexus
1435 3568 1486 3631 est
1498 3569 1592 3626 artes
1606 3555 1841 3649 Dialecticen,
1865 3553 2042 3654 Physicen
2058 3569 2093 3628 et
2108 3552 2216 3626 Ethi-

169 3697 235 3743 Μ
251 3668 439 3760 iniquitate
456 3658 643 3737 hominum
659 3659 817 3728 sinamus
833 3683 898 3730 tros
912 3660 1087 3730 abolicio
1102 3660 1164 3728 ab·
1218 3681 1302 3742 cen,
1329 3671 1364 3728 et
1387 3661 1474 3728 duas
1499 3679 1555 3728 res
1568 3655 1733 3742 adhibet,
1760 3685 1850 3755 quas
1867 3661 1991 3732 lumen
2006 3659 2160 3730 afferunt
2176 3658 2216 3726 in

170 3773 264 3845 duci,
318 3767 361 3842 ln
386 3785 524 3836 secessu
544 3761 606 3830 illo
631 3761 1165 3852 aliquantopostmortuusest
1218 3761 1399 3843 docendo,
1432 3755 1659 3845 methodum,
1690 3775 1725 3833 et
1754 3761 2217 3855 proprietatemsermonis.

170 3897 288 3958 anno,
313 3883 355 3942 ut
380 3870 519 3948 lerunt,
544 3861 801 3946 olimacterico,
827 3862 1040 3950 sexagesimo
1062 3863 1166 3932 te'rtio
1220 3859 1315 3933 Utile
1337 3875 1391 3931 ost
1410 3861 1518 3951 igitur
1535 3863 1777 3936 adolescentes
1790 3867 1835 3936 ad
1851 3863 2113 3936 Aristotelicant
2129 3887 2218 3933 con·

172 3975 295 4050 aetatis
308 3992 403 4047 suae.
431 3967 555 4040 Mores
568 3963 723 4036 einsetsi
738 3963 777 4033 in
791 3965 953 4034 oratione
966 3965 1165 4055 ipsiusper-
1218 3965 1443 4038 suetudinem
1464 3965 1653 4039 assuefieri.
1718 3965 1903 4038 Platonica
1923 3967 1987 4041 illa
2009 3965 2151 4038 licentia
2176 3966 2215 4034 in

170 4085 309 4162 lucent,
341 4088 460 4146 tamen
483 4067 636 4150 iudicari
657 4079 804 4158 possunt
824 4091 864 4138 ex
887 4080 939 4136 tot
963 4064 1103 4156 Regum
1127 4091 1167 4139 ac
1219 4067 1435 4157 disputando
1465 4069 1558 4158 parit
1582 4068 1733 4138 incertas
1753 4083 1789 4140 et
1810 4070 1994 4160 ambiguas
2014 4069 2216 4160 opiniones,

168 4179 380 4270 Principum
396 4175 554 4244 virorum
568 4168 817 4242 benevolentia
832 4191 1023 4258 argaeum,
1048 4193 1168 4263 quam,
1218 4191 1296 4244 non
1325 4191 1424 4240 secus
1444 4191 1484 4238 ac
1509 4169 1661 4260 pictores
1684 4171 1846 4243 ludentes
1867 4172 2019 4262 pingunt
2040 4165 2217 4242 chimeras

170 4283 242 4354 nisi
259 4281 382 4352 fuisset
397 4275 436 4357 in
452 4297 494 4346 eo
509 4271 700 4361 singularis
716 4271 879 4358 gravitas,
904 4271 998 4342 tueri
1013 4295 1088 4342 non
1102 4297 1168 4364 po-
1219 4285 1280 4346 atst
1309 4283 1508 4342 centauros.
1579 4269 1765 4360 Quantum
1795 4287 1913 4344 autem
1938 4285 1974 4344 et
1996 4273 2103 4348 rebus
2128 4270 2217 4361 ipsis

171 4387 305 4458 suisset.
357 4377 626 4450 Testamentum
643 4373 720 4442 eius
737 4374 842 4442 etiarn
860 4374 1032 4454 declarat,
1058 4391 1166 4468 ‘optram
1220 4369 1431 4444 Aristoteles
1452 4372 1571 4446 vincat
1594 4375 1680 4444 alias
1702 4389 1828 4462 sectas,
1851 4397 1893 4446 er
1915 4399 1958 4446 eo
1978 4373 2130 4464 intelligi
2150 4397 2217 4464 po-

169 4485 277 4559 suerit
294 4472 556 4579 psldurnpyoe:
584 4475 854 4564 diligentissime
871 4476 972 4553 enim,
984 4492 1168 4552 commen·-
1219 4488 1295 4559 test,
1323 4475 1418 4568 quod
1426 4471 1617 4546 Dialectioa
1632 4477 1734 4548 nulla
1746 4477 1814 4548 alia
1829 4477 1937 4565 digna
1949 4477 2025 4550 visa
2039 4489 2104 4561 stt,
2125 4497 2218 4569 quae

47 4597 52 4608 '
171 4593 234 4662 dat
258 4598 407 4660 uxorem
432 4594 469 4652 et
492 4579 625 4664 liberos
652 4573 853 4670 Antipatro.
904 4575 1016 4652 ‚Sunt
1038 4593 1073 4650 et
1097 4579 1166 4648 alia
1220 4577 1420 4668 perveniret
1449 4579 1494 4646 ad
1524 4591 1701 4668 posteros,
1737 4579 1808 4650 nisi
1837 4576 2082 4664 Aristotelicas,
2116 4582 2217 4671 quod

168 4686 404 4766 humanitatis
433 4684 538 4775 plena
572 4681 609 4750 in
641 4693 868 4764 testamento,
908 4699 999 4773 ntiae
1027 4704 1075 4750 ne
1101 4680 1166 4752 sim
1220 4675 1396 4773 Physicen
1420 4703 1460 4748 ex
1477 4680 1698 4768 geometricis
1719 4681 1833 4754 initiis
1853 4681 2128 4772 prudentissime
2146 4680 2218 4750 du-

172 4792 346 4889 pratiatur
369 4787 508 4866 osnittn.
559 4782 665 4856 Nttnc
685 4807 796 4874 quarn
819 4783 864 4854 sit
890 4781 1030 4870 egregia
1051 4783 1167 4871 imago
1220 4781 1277 4876 eit.
1331 4779 1448 4866 Quam
1472 4797 1663 4854 venustum
1683 4796 1755 4868 est,
1781 4786 1877 4878 quod
1894 4807 1988 4854 unus
2005 4783 2096 4854 vidit
2108 4797 2219 4854 natu·-

171 4895 276 4968 nobis
294 4889 473 4985 proposita
493 4887 562 4958 viri
579 4879 902 4974 Philosophi‚·seu
917 4879 1074 4956 hominis
1089 4909 1167 4954 ver·
1219 4907 1296 4953 ram
1311 4883 1473 4966 virtutis;
1500 4905 1574 4956 esse
1586 4884 2099 4958 affectuummedioeritatem?
2132 4881 2219 4971 Quo

170 4999 281 5072 santis
306 4997 345 5064 in
369 4991 516 5074 studiis,
543 5005 657 5078 canore
674 4986 860 5058 referentis
881 4988 923 5057 ad
942 5011 1176 5067 communem
1221 4985 1369 5058 consilio
1399 4985 1604 5074 gravissime
1625 4986 1799 5076 significat
1822 4987 1961 5058 animos
1982 4985 2219 5060 semelacien·

170 5101 384 5179 utilitatem,
410 5094 460 5164 ita
484 5091 680 5179 intelligere
706 5089 887 5178 poteritis,
913 5088 1169 5160 sianiensis·
1220 5093 1286 5160 dos
1308 5088 2020 5170 esseitsomniniteadmedioeritstem.
2069 5083 2141 5160 Sed
2158 5110 2218 5158 re·

143 5221 144 5227 ’
172 5221 244 5275 tam
268 5197 455 5274 historiam
477 5190 796 5274 intuebimini,.et·
808 5190 1079 5269 considerabitis
1095 5193 1168 5263 otro
1219 5185 1455 5282 prehenditur
1477 5189 1515 5258 in
1539 5186 1733 5264 Aristotele
1753 5191 1973 5277 obtenrites,
2004 5213 2112 5283 quam
2134 5190 2218 5283 qui·

172 5320 277 5399 atque
292 5303 445 5390 impetus
457 5293 614 5384 ingenii.
638 5293 792 5382 trimam
806 5293 883 5373 sius
898 5292 1173 5387 institutionem,1
1220 5291 1585 5384 semipoenitentiae
1599 5293 1743 5376 dicitur,
1762 5293 1990 5388 quladixsrit
2006 5293 2119 5374 libros
2133 5313 2219 5364 snos

173 5405 375 5478 studiorum
399 5398 549 5486 gradus,
575 5357 1196 5481 infinitam·ducendisviditnou.A
1221 5395 1332 5470 etism
1354 5407 1455 5476 ittet,
1475 5409 1521 5472 :tt
1547 5416 1637 5474 uon,
1653 5395 1795 5472 edttot·
1838 5388 2090 5479 Meo-'iuditio
2110 5395 2218 5484 louet
