4688 5826
230 235 312 328 aas
809 167 984 308 arcu*
1021 219 1098 306 uc
1127 217 1712 318 ruscinonensem
2191 231 2273 312 ms
2336 191 2337 194 ‘

247 439 264 480 ¹·
307 403 737 512 ‘'Detentinprseceptis
748 397 1234 506 politicis-multaegrssissi-
1265 401 1489 498 *amplissimi
1512 401 1651 478 ordinis
1675 403 1843 478 muare
1860 401 2003 498 Μυῒ,
2032 402 2283 504 qui-..mma

238 548 318 600 mae
341 521 553 606 smtentiae,
578 541 670 614 qnae
691 507 886 618 probibent
906 535 982 582 non
998 507 1236 602 necessariam¹
1279 505 1505 598 duetorem
1516 503 1700 581 interitum
1714 504 1906 602 Principis,
1929 515 2129 604 {proptu
2138 523 2285 601 gnam,

212 620 215 628 .
239 631 357 720 papum
372 623 617 698 mutationem.
639 617 730 691 ·Sed
744 615 894 689 recitare
908 613 1013 706 plura
1028 607 1231 684 testimonis
1266 609 1488 682 memoriam
1510 607 1652 682 virtutis
1681 621 1715 680 et
1743 609 1915 684 bonitatis
1929 611 2034 700 -eitss,
2063 626 2276 708 etproptcr

239 732 389 822 longum
405 739 512 812 esset,
531 737 671 798 tantum
688 717 971 792 commemorabo
984 739 1097 786 nuum
1113 713 1233 808 quod-
1278 709 1435 803 Reipub.
1452 710 1629 802 pericula,
1654 735 1744 805 quse
1766 707 1836 784 hoc
1856 713 2027 800 estinrto,
2051 715 2115 810 apri
2134 725 2276 808 semper

240 835 322 906 dam
347 827 563 924 exemplum,
590 824 687 920 quod
711 834 805 894 erut
823 819 917 912 apud
940 811 1230 890 Demosthenem.
1281 813 1376 906 pacis
1391 812 1594 900 autoricit,
1618 813 2021 906 impendemptumm,
2054 817 2155 890 nulls
2178 817 2276 888 enim
2336 813 2337 820 ’

240 925 366 1008 Locris
387 933 436 1004 sit
461 931 575 1022 legem
601 927 727 1011 inisse,
761 947 808 994 ne
826 935 889 992 sut
912 933 1114 1014 praesentes
1138 919 1232 1008 leges
1280 915 1394 988 oratio
1415 913 1583 989 ,inveniri
1599 928 1660 988 sut
1683 939 1746 1008 par
1767 917 2006 1008 magnitudini
2021 920 2158 996 doloris
2174 920 2278 992 isuus

241 1040 516 1142 abrogarentur,
549 1045 610 1102 aut
641 1051 756 1098 novae
781 1027 976 1108 sementum
1007 1023 1068 1094 sed
1092 1019 1125 1090 si
1152 1019 1232 1114 quis
1282 1029 1411 1112 potest,
1434 1030 1603 1110 autquse
1616 1018 1756 1088 animos
1773 1041 1793 1088 a
1808 1021 2094 1094 tantansoessiris
2112 1023 2278 1095 videam„

241 1150 411 1213 anetam
425 1139 657 1224 aberraturus
672 1129 838 1224 aliquam,
862 1139 924 1196 aut
940 1148 1070 1196 noram
1086 1124 1239 1206 laturus,
1281 1133 1509 1204 revomuere,
1538 1142 1611 1212 qua
1625 1117 1771 1211 quidem
1796 1143 1860 1211 ego
1884 1147 2026 1216 quoque
2048 1147 2139 1216 pen.
2155 1124 2278 1196 mni,

240 1235 456 1335 proponeret
477 1256 576 1322 susm
598 1233 811 1304 senteutiam
834 1227 993 1320 publice,
1025 1241 1121 1297 maus
1139 1223 1232 1296 collo
1281 1245 1372 1296 mon.
1418 1218 1494 1294 sad
1517 1220 1688 1314 quoniam
1709 1224 1753 1294 ad
1780 1225 1951 1330 populum
1975 1226 2088 1298 oratio
2108 1219 2279 1316 habetur,
2336 1291 2337 1296 ,

240 1347 376 1416 inserto
400 1343 438 1410 in
465 1335 654 1434 laqueum,
680 1348 723 1406 ut
743 1332 773 1402 si
800 1329 856 1402 lex
880 1329 1066 1422 placuisset
1088 1326 1235 1419 populo,
1282 1323 1630 1394 commonefaciendo
1652 1323 1758 1394 nobis
1779 1340 1832 1398 est
1850 1326 2060 1412 multitudo,
2084 1343 2280 1400 utmemo·
2336 1341 2337 1406 1

241 1440 482 1524 dimitteretur
504 1453 608 1511 antor
628 1439 743 1508 laxato
761 1435 906 1526 laqueo:
940 1431 997 1502 sin
1018 1445 1136 1500 sutem
1159 1427 1237 1497 dis·
1282 1427 1373 1498 riam
1399 1423 1541 1498 virtutis
1573 1448 1613 1498 oc
1646 1425 2075 1502 beneficiorummtincti
2098 1429 2278 1521 Principis
2336 1429 2337 1440 ’

241 1541 442 1652 plicuisset,
481 1545 606 1636 laqueo
636 1531 1237 1622 constrictomox-drangularetue
1284 1539 1484 1612 censurat,
1515 1550 1626 1620 eaque
1648 1527 1688 1596 in
1710 1552 1749 1598 re
1770 1528 1993 1620 pietatemet
2013 1533 2279 1623 gratitudinem,
2336 1559 2337 1598 a

242 1665 356 1727 autor.
400 1641 520 1728 ,nibil
542 1655 594 1714 est
618 1639 790 1712 incertius
809 1636 934 1729 pupuli
962 1635 1125 1712 iudiciis,
1153 1631 1233 1700 ideo
1284 1652 1389 1724 quam
1411 1625 1506 1700 Deus
1528 1628 1713 1720 praecipue
1739 1631 1839 1706 iubet
1862 1634 2015 1704 reddere
2039 1633 2278 1726 Principibus,

242 1743 348 1828 danis
358 1748 542 1831 ducentis,
568 1743 672 1814 nemo
690 1765 795 1812 asasus
808 1752 861 1809 est
880 1737 999 1808 subire
1014 1731 1119 1804 huius
1138 1733 1235 1803 iudi·
1285 1745 1444 1823 praester.
1497 1727 1598 1818 Quae
1619 1731 1716 1802 enim
1738 1733 2094 1830 ingratitudd3que
2116 1737 2279 1828 impiam
2336 1739 2337 1798 ζ

243 1857 290 1928 cii
316 1852 536 1946 periculum,
572 1869 639 1917 nec
663 1845 737 1914 ulla
762 1865 855 1912 nova
881 1841 937 1909 lex
963 1837 1141 1928 proposita
1170 1848 1234 1914 est,
1284 1833 1354 1902 dici
1372 1829 1487 1904 maior
1500 1833 1629 1922 possit,
1654 1857 1759 1926 quam
1776 1837 1943 1906 talisviri
1959 1840 2108 1910 interitu
2124 1863 2201 1915 non
2217 1841 2279 1910 ad-
2336 1841 2337 1894 1

241 1969 382 2053 praeter
395 1973 514 2024 unam:
541 1949 591 2022 Ut
604 1949 708 2018 ambo
723 1943 817 2014 oculi
833 1941 1073 2011 effoderentur
1088 1937 1158 2022 isti,
1172 1936 1236 2030 'qui
1285 1933 1368 2004 lici?
1400 1933 1501 2004 cuius
1522 1947 1643 2006 extant
1661 1937 1707 2006 iu'
1721 1937 1925 2028 universam
1938 1937 2069 2034 Remp.
2085 1941 2200 2012 mrdts
2221 1941 2279 2010 iu·
2336 1927 2337 1994 l

242 2057 400 2136 ancardo
428 2053 607 2125 effodisset
637 2071 751 2119 unum
775 2047 878 2114 illum
901 2043 1060 2116 oculum.
1110 2039 1237 2108 Videte
1270 2035 1402 2126 ¹gentio
1427 2035 1613 2122 beneficia,
1648 2040 1896 2130 qunamisso,
1927 2063 2018 2136 quae
2046 2057 2280 2134 tempestates,
2336 2061 2337 2074 ¹

245 2174 379 2257 quanta
409 2155 603 2228 ¹severitate
644 2163 779 2221 veteres
824 2145 1071 2238 legumlstqres
1089 2202 1095 2216 ,
1111 2163 1239 2215 cavere
1286 2162 1375 2233 qnae
1395 2137 1612 2238 mutationes
1627 2151 1752 2210 'rerum
1773 2141 2021 2235 impendeant,
2053 2139 2178 2216 horret
2201 2146 2279 2214 ani-

244 2260 447 2338 tc‘meranias
464 2258 581 2346 legum
596 2252 812 2324 mutationes
826 2249 1028 2320 voluerunt.
1072 2243 1240 2316 Providit
1286 2263 1365 2310 mus
1402 2239 1532 2313 dicere.
1578 2237 1725 2334 ,ltaque
1774 2259 1814 2314 nt
1857 2247 2075 2323 memoriam}
2099 2248 2279 2318 „virtutum
2336 2241 2337 2332 a

246 2367 340 2437 idem
356 2353 485 2432 callide
498 2359 699 2454 Lycormas,
725 2352 880 2447 quicum
896 2351 1085 2442 erponeret
1100 2347 1236 2416 civilius
1286 2367 1326 2412 ac
1367 2341 1575 2412 meritorum
1609 2343 1686 2414 eius
1719 2353 1991 2434 oonserve'mnsp
2025 2352 2202 2442 quaedam
2238 2373 2280 2420 er

246 2457 758 2540 se'consulturumssoraculum
777 2454 820 2522 de
838 2453 976 2540 legibus
992 2447 1236 2540 promulgatis,
1287 2443 1398 2534 ipsius
1420 2436 1569 2516 historia
1592 2458 1748 2536 repetam
1773 2448 1947 2533 breviter,
1979 2451 2156 2542 impedior
2184 2452 2279 2522 enim

246 2584 286 2642 at
303 2581 435 2660 peteret
451 2578 492 2634 ut
506 2560 754 2630 iusiurandum
770 2556 913 2638 darent,
938 2575 975 2622 se
992 2552 1238 2622 interimdum
1286 2545 1410 2615 dolore
1443 2558 1479 2616 ct
1510 2539 1720 2640 lachrymis,
1754 2574 1826 2642 quo
1853 2552 1973 2620 minus
2003 2554 2133 2642 possim
2166 2553 2279 2624 muira

246 2675 399 2754 abesset,
437 2687 510 2735 non
528 2659 776 2734 immutaturus
796 2677 869 2725 asse
891 2656 993 2742 leges.
1044 2651 1241 2724 Discedens
1287 2647 1415 2721 dicero.
1472 2642 1574 2718 Nihil
1608 2643 1665 2718 hic
1699 2649 1743 2718 de
1769 2653 1906 2740 generis
1933 2655 2118 2726 nobilitate
2144 2655 2279 2735 dicam,

247 2775 376 2865 igitur,
410 2791 483 2838 non
508 2779 560 2840 est
585 2783 765 2841 reversus,
798 2771 840 2828 ut
868 2770 1038 2850 perpetuo
1064 2756 1239 2842 obligatos
1270 2759 1358 2843 'qus
1389 2747 1564 2820 saxoniae
1597 2747 1717 2822 Duces
1746 2755 1950 2826 abundant:
1975 2752 2087 2826 nibil·
2115 2759 2160 2826 de
2193 2759 2279 2828 sda-
2336 2757 2337 2840 l

246 2875 419 2965 religione
433 2865 623 2940 iuramenti
639 2874 783 2934 teneret.
837 2858 888 2930 lta
904 2861 1123 2931 duraverunt
1146 2857 1240 2944 leges
1288 2851 1473 2946 lpscentiae
1505 2852 1650 2936 studiis,
1685 2877 1891 2948 quanquam
1928 2853 2026 2928 haec,
2047 2859 2084 2928 i„
2115 2859 2185 2930 ΜΟ
2217 2855 2280 2930 ha·-
2336 2851 2337 2898 t

247 2961 331 3050 illae
363 2965 477 3046 annos
498 2969 722 3064 quingentos.
773 2960 869 3032 Haec
897 2975 1003 3055 atique
1027 2961 1094 3028 aiis
1127 2957 1243 3026 multa
1289 2955 1376 3022 bent
1399 2952 1561 3040 eximiam
1585 2953 1727 3026 laudem
1753 2960 1946 3030 modestiae
1963 2973 2071 3054 atque
2087 2962 2278 3032 continen—
2336 3001 2337 3042 3

249 3079 405 3156 edoctis
429 3085 697 3166 proponuntur,
731 3090 777 3136 ne
800 3066 877 3134 iura
901 3087 987 3132 vero
1011 3061 1159 3133 consilio
1182 3083 1241 3153 re·
1289 3055 1377 3138 tiae,
1402 3051 1495 3124 nihil
1517 3055 1633 3124 dicam
1656 3057 1700 3124 de
1725 3059 1863 3154 reliquo
1884 3061 1975 3132 vitae
1992 3084 2114 3147 cursu,
2139 3077 2279 3134 tantum

249 3197 368 3274 cepta,
399 3193 528 3249 temere
553 3184 746 3242 mutentur.
806 3165 1000 3257 Praecipue
1022 3189 1107 3234 vero
1132 3158 1239 3232 Clari·
1288 3157 1537 3245 illudtempus
1559 3157 1748 3246 attingam,
1774 3187 1845 3256 quo
1869 3165 1958 3235 rexit
1982 3159 2278 3245 hamcDucatum,
2336 3165 2337 3248 i

248 3287 382 3358 stianos
403 3283 503 3350 decet
527 3299 668 3354 cavere,
698 3295 772 3340 non
796 3267 1008 3338 necessarias
1029 3263 1238 3357 disputatio·
1289 3260 1396 3328 fratre
1418 3257 1599 3328 Fridcrico
1625 3257 1831 3334 Clarissimo
1855 3261 2022 3358 Principe
2050 3280 2210 3352 mortuo;
2242 3269 2277 3336 id
2336 3269 2337 3278 ’

247 3403 329 3474 nes,
352 3379 433 3455 eum
449 3393 592 3474 propter
604 3375 719 3448 Deum
736 3373 874 3462 legibus
890 3384 925 3440 et
935 3371 1121 3442 universae
1148 3365 1240 3458 poli·-

209 3485 211 3490 ’
247 3493 319 3564 liae
340 3473 574 3558 reverentiam
597 3479 759 3550 debeant.
811 3471 884 3544 Nec
907 3473 1076 3552 dubium,
1102 3470 1191 3563 quio
1210 3467 1240 3536 si

249 3593 471 3666 aruitteretur
497 3581 583 3654 haec
613 3579 750 3652 erudita
766 3575 866 3647 iuris
889 3575 1072 3658 doctrina,
1096 3567 1240 3662 'magna

250 3693 411 3768 conlusio
438 3689 482 3761 ct
495 3685 673 3758 barbaries
693 3683 729 3750 in
755 3679 897 3750 iudiciis
919 3691 954 3747 et
970 3677 1129 3748 moribus
1143 3699 1240 3744 secra-

250 3778 453 3876 turnasset,
475 3813 581 3886 quam
598 3801 638 3858 ut
654 3779 841 3878 prohibeat
854 3777 969 3867 Deus,
987 3780 1056 3874 qui
1071 3793 1124 3848 est
1139 3791 1242 3845 autor

250 3897 340 3970 boni
356 3909 465 3967 status
481 3889 636 3985 politici,
661 3881 757 3980 opto.
809 3881 905 3953 Dixi.

253 4083 1243 4132 ...sm-W&

1079 4226 1243 4332 saraae.

1065 4339 1239 4370 w

261 4353 433 4390 Μ

454 4455 529 4542 De
558 4452 733 4540 Ioanne
758 4389 894 4538 'Duce
924 4449 1044 4538 Sex.

253 4621 258 4632 ’
327 4631 407 4702 Apud
423 4603 502 4682 'crac
521 4624 592 4748 lippi.
610 4627 701 4698 r·,⁴⁵5
714 4610 791 4698 sqq..
815 4624 844 4680 ir's
861 4625 1011 4708 Declsmst,
1030 4622 1063 4678 Τ.
1079 4621 1113 4676 ii.
1127 4641 1156 4693 p.
1167 4623 1245 4693 699„

360 4702 391 4755 in
404 4701 520 4754 servae
557 4731 566 4748 .
581 4693 616 4750 ll.
629 4715 655 4767 p.
665 4695 724 4749 589.
737 4703 763 4750 et
776 4697 847 4768 apud
859 4693 986 4752 llrclsrd.
1000 4691 1033 4749 T.
1042 4693 1077 4752 li·
1090 4709 1117 4762 p.
1130 4693 1192 4746 57⁴.

263 4809 415 4943 ¹Orestia·
435 4813 611 4954 funebris
634 4833 676 4927 in
696 4861 857 4934 mortem
881 4858 1078 4929 Ioannis
1097 4854 1220 4926 Ducis

533 4957 741 5046 sueoniae,
773 4955 871 5030 Phil.
887 4957 980 5030 Mel.

255 5087 461 5208 Postquam
489 5107 650 5201 Principi
675 5107 808 5199 optime
835 5108 881 5176 de
910 5103 1075 5176 universa
1102 5102 1243 5197 Repub.

257 5213 385 5300 merito
399 5211 467 5284 hoc
482 5226 698 5306 postremum
714 5209 925 5278 redebitum
940 5209 1095 5279 officium
1111 5207 1247 5299 persol-

252 5315 412 5404 'r'endnm
444 5316 530 5397 init,
555 5325 601 5382 .ut
630 5309 734 5400 Reip.
761 5323 1044 5400 parentarcmus,
1079 5333 1154 5378 uon
1178 5303 1246 5378 hnc

257 5413 346 5490 mihi
365 5439 485 5504 sumo,
510 5428 551 5484 ut
567 5435 740 5509 summam
756 5411 975 5481 moesticiam
990 5432 1189 5502 procerum,
1213 5419 1247 5478 et

1290 3361 1386 3430 enirn
1404 3359 1617 3452 multiplices
1636 3357 1761 3434 habuit
1778 3389 1897 3451 casus,
1919 3367 1957 3436 in
1975 3368 2105 3463 quibam
2125 3370 2279 3462 perspici
2336 3433 2337 3440 ,

1289 3461 1400 3535 Derris
1415 3460 1558 3532 loannis
1575 3463 1685 3554 pictas
1707 3489 1786 3556 erga
1802 3465 1936 3555 Deum,
1961 3473 2175 3564 constantia,
2205 3497 2278 3542 mo-
2336 3497 2337 3502 ¹

1290 3565 1440 3649 deratio,
1466 3563 1622 3635 studium
1639 3567 1746 3658 pacis,
1774 3581 1806 3638 et
1822 3585 1977 3640 caeterae
1993 3573 2139 3644 virtutes
2153 3573 2277 3666 dignae

1291 3669 1386 3740 bono
1404 3665 1570 3758 Principe
1594 3683 1752 3758 possunt.
1803 3667 2030 3764 deprimam
2055 3673 2164 3760 illud,
2192 3699 2278 3770 quae

1290 3762 1478 3864 trophaea,
1505 3792 1591 3861 quas
1614 3770 1866 3862 gratulationes
1886 3791 2058 3862 meretur,
2083 3779 2179 3870 quod
2206 3793 2278 3850 tur·
2336 3855 2337 3868 χ

1291 3869 1536 3943 buleutissimo
1563 3883 1720 3962 tempore
1743 3875 1934 3964 praestitit,
1967 3891 2006 3947 ut
2027 3873 2093 3948 hae
2119 3881 2277 3970 regiones

1292 3985 1407 4046 essent
1422 3971 1633 4065 tranquillae
1649 3989 1694 4056 et,
1706 3991 1866 4066 pacatae,
1891 4003 1970 4048 eum
1985 3975 2132 4076 quidem
2155 4005 2277 4075 perpe·
2336 4003 2337 4012 ¹

1291 4092 1353 4150 tuo
1382 4073 1595 4144 molirentur
1621 4099 1694 4144 non
1721 4078 1824 4168 pauci
1846 4079 1980 4150 bellum
1999 4083 2187 4156 adversum
2207 4107 2278 4170 nos,

1293 4175 1423 4263 horum
1447 4191 1593 4248 conatus
1624 4179 1780 4268 proiecto
1802 4179 1974 4254 divinitus
2006 4186 2155 4278 repressi
2184 4173 2275 4259 sunt.

1293 4280 1362 4355 Sed
1377 4296 1495 4353 tamen
1511 4279 1547 4348 id
1564 4305 1705 4374 quoque
1720 4277 1896 4376 Principis
1911 4285 2065 4356 officium
2081 4305 2149 4374 est,
2172 4313 2275 4384 quem

1294 4383 1390 4456 Deus
1411 4381 1585 4476 propitius
1609 4379 1705 4456 texit.
1755 4381 1895 4457 Deinde
1916 4389 2026 4458 multa
2051 4389 2089 4458 in
2119 4385 2174 4461 his
2198 4391 2277 4482 ipsis

1295 4487 1399 4560 rebus
1422 4485 1609 4554 valuerunt
1632 4483 1706 4554 eius
1730 4487 1916 4574 autoritas,
1948 4494 2163 4576 moderatio,
2198 4493 2277 4564 dili·

1294 4589 1428 4682 gentia‚
1459 4609 1549 4680 qnae
1573 4601 1793 4658 extorserunt
1815 4589 2002 4684 aliquoties
2020 4618 2119 4664 arma
2142 4601 2186 4666 de
2207 4622 2277 4665 ma·

1295 4691 1400 4764 nibus
1414 4689 1640 4784 quorundam
1655 4689 1884 4781 cupidorum,
1912 4689 2002 4764 nihii
2020 4695 2114 4766 enim
2129 4699 2276 4770 atrocius

1295 4792 1421 4893 dicam.
1473 4786 1518 4860 Et
1536 4815 1642 4884 quam
1667 4791 1736 4862 iate
1760 4807 1875 4882 pateat
1893 4789 1959 4866 hoc
1980 4797 2207 4884 beneficium,
2229 4799 2276 4868 ia·

1295 4897 1360 4966 cile
1377 4893 1526 4963 iudicari
1542 4907 1674 4984 potest,
1698 4894 1782 4988 quia
1802 4919 1841 4964 ea
1860 4922 1961 4968 causa
1979 4924 2086 4991 quam
2108 4903 2277 4992 tuebatur,

1296 5022 1370 5068 non
1389 4995 1433 5066 ad
1457 4992 1736 5088 unamaliquam
1760 5010 1917 5086 geratem,
1944 5004 2005 5070 scd
2020 5003 2065 5070 ad
2081 5001 2275 5075 universam

1296 5097 1525 5171 Germaniam
1552 5097 1714 5186 pertinet.
1765 5097 1804 5169 Si
1820 5103 1913 5192 quod
1937 5103 2116 5174 exarsisset
2139 5107 2277 5188 bellurn,

1296 5199 1390 5272 baud
1413 5200 1520 5269 drrbie
1542 5200 1703 5268 futurum
1729 5215 1822 5286 erat,
1848 5217 1888 5274 ut
1910 5203 2189 5278 inflammaretur
2209 5219 2276 5277 tota

1296 5303 1503 5374 Germania.
1565 5297 1686 5392 ltaque
1718 5304 1802 5370 darm
1837 5325 1956 5395 parem
1991 5309 2089 5378 donni
2120 5309 2276 5386 retinnit,

1296 5405 1488 5498 praestitit,
1519 5415 1559 5472 ut
1584 5402 1757 5494 plurimae
1777 5405 1875 5474 aliae·
1888 5409 2051 5478 nationes
2071 5411 2276 5505 tranquillae
