4614 5820
180 232 258 312 sas
842 235 1004 316 ouon
1054 237 1549 318 ouacrnaoano
1673 355 1677 362 Ι
1811 207 1813 214 ’
1996 287 2026 356 ¹.
2141 251 2298 346 sss,

182 431 259 494 sus,
292 428 399 502 qnam
426 405 534 492 hodie
559 419 688 478 vocant
718 404 910 498 Algebram
938 405 1080 476 arabico
1106 429 1174 476 no-
1228 421 1298 479 tem
1320 429 1442 478 versus
1469 407 1612 478 motari.
1660 406 1801 480 Deinde
1824 407 2049 485 Ptolemaeus
2076 416 2213 492 inventa

183 513 291 584 mine.
342 507 459 580 Huius
481 509 645 603 equidem
668 509 753 580 artis
775 503 1036 600 pulcherrimae
1064 509 1176 578 multa
1228 510 1426 602 priscorum
1443 531 1643 594 resumens,
1668 525 1702 583 et
1718 513 2062 590 considerationibus
2076 521 2147 592 suis
2161 545 2214 594 ae·
2297 525 2298 608 ἴ

182 615 377 704 fragmenta
393 612 523 703 passim
538 609 659 682 Latini
681 625 918 693 contrectant,
945 611 1176 702 paucissimos
1228 614 1475 698 commodans,
1500 626 1638 684 motum
1663 608 1869 685 huiusmodi
1893 617 1932 688 io
1956 633 2098 692 centum
2119 625 2214 696 annis
2297 611 2298 698 i

184 729 301 787 autem
328 717 463 806 egregie
485 711 618 784 Doctus
648 715 792 784 offendo
819 728 939 784 nostra
971 727 1177 805 tempestate
1229 737 1427 806 perunum
1456 715 1604 806 gradum
1626 717 1896 806 pronunciavit,
1923 728 2214 815 quemadmodum

183 833 264 910 post
297 815 466 887 loannem
499 819 544 886 de
569 811 798 902 Blanchinis,
837 817 954 886 virum
986 817 1174 907 optimum.
1229 818 1267 885 in
1291 817 1439 908 septima
1454 817 1610 888 dictione
1630 839 1681 892 ca.
1697 823 1733 894 d.
1757 820 1892 890 intueri
1913 824 2007 901 licet.
2059 827 2216 902 Succedit

183 919 347 991 Habetur
361 921 505 988 demum
520 922 615 1010 apud
629 933 768 990 nostros
785 917 1083 1012 quadripartitum
1106 941 1176 988 nu·
1229 913 1358 988 Theon
1371 915 1648 1000 Alexandrinus,
1672 937 1930 996 commentator
1943 924 2138 1000 Ptolemaei
2150 932 2216 1001 cla-

183 1043 375 1106 merorum,
399 1045 489 1114 opus
505 1021 643 1112 insigne
659 1022 864 1102 admodum,
891 1022 975 1090 item
991 1017 1177 1110 Algorith-
1228 1021 1409 1106 rissimus,
1449 1023 1549 1092 cuius
1579 1015 1698 1092 adhuc
1722 1023 1851 1116 scripta
1882 1051 1988 1100 nemo
2013 1033 2116 1103 docte
2140 1033 2217 1104 satis

183 1148 263 1194 mus
285 1123 564 1209 demonstratus,
590 1137 624 1196 et
646 1123 881 1194 Arithmetica
898 1121 1036 1217 Boe'tii,
1062 1123 1176 1194 iutro·
1229 1123 1425 1194 traduxisse
1447 1125 1616 1194 creditur.
1667 1124 1805 1196 Multos
1828 1129 1982 1224 denique
2010 1128 2117 1206 buius
2138 1136 2217 1206 artis

183 1226 304 1298 ductio
332 1249 374 1295 ex
396 1223 535 1296 Graeco
558 1221 774 1300 Nicomacho
802 1239 952 1319 sumpta.
1011 1223 1176 1297 Barlaam
1229 1241 1371 1316 graccos
1387 1223 1608 1296 Professores
1627 1227 1771 1298 silentio
1794 1237 2069 1320 praetereundos
2089 1259 2218 1322 renuo,

182 1339 361 1421 postremo
397 1324 555 1398 Graecus
594 1329 869 1423 computativam
905 1351 1004 1399 suam
1044 1329 1082 1396 in
1116 1352 1177 1399 ser
1229 1351 1275 1398 ne
1289 1327 1433 1398 fastidio
1452 1329 1668 1399 afficiamini.
1701 1325 1837 1402 Arabes
1853 1349 2033 1423 praeterea
2050 1353 2216 1434 quantum

181 1429 285 1502 libris
310 1425 587 1502 Theorematum
624 1433 699 1524 lege
728 1431 983 1524 conscriptam,
1013 1431 1175 1501 nondum
1229 1431 1267 1499 in
1288 1425 1357 1500 hoc
1377 1453 1506 1520 genere
1523 1432 1652 1502 artium
1674 1433 1871 1520 valuerint,
1908 1451 2011 1509 testes
2031 1443 2217 1514 ostendunt

183 1537 228 1606 ad
262 1531 409 1604 Latinos
438 1534 633 1604 transmisit
664 1529 947 1606 Mathematicos.
1005 1531 1176 1604 Stetimus
1229 1532 1429 1624 dignissimi
1443 1530 1692 1625 Albategnius,
1718 1559 1825 1629 quern
1848 1539 2000 1612 latinum
2023 1543 2108 1614 lecit
2122 1541 2217 1614 Plato

183 1635 380 1728 bucusque
400 1634 712 1729 circadisciplinas
733 1637 935 1728 primarias,
969 1637 1178 1730 quaevide-
1229 1638 1376 1730 quidam
1403 1634 1630 1712 Tiburtinus.
1692 1634 1783 1708 ltem
1809 1637 1932 1711 Gabar
1959 1641 2218 1736 Hispalensisa

182 1741 265 1811 licet
279 1738 477 1808 absolutam
491 1740 777 1832 contemplantur
790 1739 1035 1834 quantitatem.
1071 1735 1177 1809 Nunc
1230 1737 1392 1810 Gerardo
1426 1741 1582 1832 quodam
1612 1737 1846 1812 Cremonensi
1881 1747 2087 1833 traductus,
2118 1771 2218 1842 quem

182 1843 227 1913 ad
251 1839 477 1912 secundarios
501 1843 692 1924 descendo,
718 1865 806 1937 quae
827 1843 921 1912 circa
943 1839 1177 1934 quantitatem
1229 1839 1399 1912 Albertus
1416 1839 1570 1930 Magnus
1587 1841 1625 1910 in
1640 1842 1783 1934 speculo
1798 1849 2035 1919 astronomiae
2048 1863 2218 1921 correcto·

181 1955 362 2018 contracto
379 1943 533 2037 quodam
549 1945 657 2015 modo
673 1957 879 2030 versantur,
905 1965 1029 2014 suaves
1046 1943 1177 2014 mirum
1229 1967 1305 2012 rem
1315 1941 1509 2014 Ptolemaei
1524 1968 1649 2014 vocare
1665 1969 1739 2013 oon
1754 1945 1934 2030 formidat,
1953 1953 2049 2043 quod
2065 1952 2106 2022 in
2123 1975 2218 2046 prae·

182 2049 221 2148 in
247 2047 393 2116 modum
420 2057 456 2116 et
477 2047 567 2116 scitu
587 2045 872 2120 iucundissimae.
934 2045 1177 2136 Quemadmo-
1228 2045 1363 2116 latione
1389 2068 1451 2119 sua
1472 2045 1639 2116 tredecim
1662 2045 1855 2118 Ptolemaei
1877 2074 2015 2122 errores
2038 2056 2220 2125 emendare

181 2153 268 2221 dum
290 2146 386 2220 enirn
410 2147 629 2220 diversarum
652 2173 771 2222 rerum
793 2147 1008 2241 simplicium
1033 2173 1178 2240 compa·
1229 2148 1456 2240 polliceatur:
1495 2148 1597 2218 cuius
1639 2150 1807 2220 volumen
1845 2176 1974 2223 novem
2010 2169 2218 2228 tractatuum

182 2253 264 2344 gine
288 2263 385 2342 grata
408 2252 581 2343 quaedam
608 2253 721 2343 surgit
740 2251 943 2343 temperies:
977 2251 1025 2322 ita
1048 2273 1177 2322 unam·
1229 2274 1336 2346 quarn
1359 2245 1548 2342 pulchrum
1573 2265 1679 2344 atque
1702 2253 1790 2323 utile
1813 2253 1956 2336 existat,
1981 2257 2129 2330 dicendi
2150 2283 2220 2329 nou

182 2377 349 2450 quanque
364 2345 491 2423 harum
508 2355 705 2445 promiscua
719 2354 849 2426 obiecti
862 2353 919 2426 sui
938 2353 1176 2424 consideratio
1229 2365 1283 2423 est
1298 2353 1516 2422 nunclocus.
1551 2353 1747 2444 Alfragauo
1765 2354 1930 2448 deinceps
1944 2362 2079 2430 nudam
2095 2360 2218 2433 Astro-

183 2455 738 2529 intellectuidesideratissimam
771 2457 895 2543 eflicit,
928 2457 1050 2550 quales
1075 2469 1175 2526 sunt:
1229 2455 1372 2524 nomiae
1402 2455 1571 2526 scribenti
1603 2450 1789 2528 historiam
1818 2457 1980 2549 ingentes
2013 2457 2220 2534 babebimus

182 2558 433 2646 Astronomia,
466 2583 556 2654 quae
585 2559 868 2651 magnitudinem
899 2559 1070 2630 mobilem
1095 2581 1177 2650 per-
1229 2557 1375 2649 gratias,
1400 2558 1431 2628 si
1445 2557 1644 2628 doctrinam
1661 2559 1737 2630 eius
1759 2562 1985 2635 senserimus.
2037 2563 2149 2635 lndos
2162 2567 2219 2636 de·

182 2675 325 2749 tractat;
358 2661 517 2748 Musica,
543 2687 633 2756 quae
655 2683 824 2734 numeros
848 2685 997 2732 sonoros
1018 2675 1177 2733 contem·
1228 2683 1327 2730 mum
1351 2673 1458 2754 atque
1480 2659 1609 2741 Persas
1627 2657 1712 2732 huic
1734 2662 1859 2732 divino
1881 2667 2001 2736 studio
2027 2667 2219 2758 plurimum

181 2767 318 2861 platur;
352 2763 595 2856 Perspectiva,
630 2789 721 2858 quae
745 2765 876 2834 lineam
898 2763 1066 2834 radialem
1090 2787 1176 2832 coo·
1229 2761 1433 2832 incubuisse
1455 2775 1610 2847 constat,
1636 2787 1719 2834 nam
1742 2765 1796 2832 illi
1819 2764 1964 2857 quidem
1983 2769 2220 2855 vetustissimi,

182 2881 319 2941 tractat.
370 2863 556 2938 Accedunt
577 2865 725 2960 insuper
755 2867 845 2938 aliae
869 2867 989 2937 minus
1019 2865 1177 2950 usitatae,
1229 2865 1505 2934 declinationem
1520 2862 1614 2935 Solis
1628 2866 1817 2936 maximam
1831 2865 1884 2940 24
1906 2871 2082 2960 maslaum
2099 2873 2220 2964 depre-

181 2985 223 3044 ut
235 2983 289 3040 est
309 2969 455 3040 scientia
475 2970 519 3040 de
542 2971 779 3060 ponderibus,
805 2971 849 3040 de
869 2991 980 3062 aquae
1001 2967 1177 3054 ductibus,
1228 2962 1449 3051 henderunt,
1489 2967 1547 3038 isti
1569 2989 1653 3035 vero
1677 2969 1817 3038 tabulas
1840 2995 1922 3041 suas
1943 2973 2096 3063 posteris
2120 2973 2220 3045 nobis

183 3075 229 3146 de
249 3071 484 3164 proportione
504 3071 732 3142 velocitatum
751 3071 789 3140 io
812 3073 989 3154 motibus,
1015 3083 1177 3141 etcaete-
1229 3070 1462 3162 reliquerunt.
1515 3067 1572 3137 Act
1590 3067 1739 3138 Latinos
1754 3085 1934 3161 postremo
1960 3075 2125 3158 venitur,
2160 3075 2218 3169 qui

183 3199 257 3247 rae.
309 3173 409 3244 lnter
430 3196 552 3243 omncs
575 3187 691 3244 antem
708 3169 811 3244 hasce
827 3174 1034 3266 disciplinas
1049 3168 1177 3243 Astro-
1229 3195 1377 3242 munera
1401 3166 1508 3240 huius
1531 3170 1740 3261 disciplinae
1762 3173 1975 3245 creberrima
2004 3201 2025 3247 a
2055 3177 2219 3270 praelatis

184 3276 307 3348 nomia
330 3277 444 3346 instar
459 3274 672 3366 Margaritae
692 3301 767 3346 non
792 3277 899 3346 modo
923 3299 1062 3346 sorores
1083 3298 1177 3367 suas,
1228 3274 1435 3344 nationibus
1466 3295 1659 3364 suscepere.
1710 3272 1802 3344 Nam
1825 3287 1866 3346 ut
1889 3278 2021 3348 multos
2046 3281 2219 3360 omittam,

66 3423 67 3428 κ
182 3379 338 3472 reliquas
366 3378 512 3471 inquam
542 3379 705 3450 scientias
735 3379 889 3460 medias,
921 3403 1043 3449 verum
1070 3376 1175 3446 ctiam
1228 3375 1421 3448 Patavinus
1444 3389 1558 3444 vester
1574 3375 1699 3444 Petrus
1722 3379 1767 3445 de
1787 3373 1917 3449 Abauo
1938 3405 2217 3453 commemoran-

132 3550 135 3554 .
182 3481 344 3554 omnium
384 3481 654 3572 disciplinarum
696 3495 825 3552 matres
860 3477 1101 3553 Geometriam
1142 3493 1177 3550 et
1228 3481 1296 3550 dus
1309 3491 1379 3564 est,
1404 3477 1505 3548 cuius
1523 3477 1706 3566 ingenium
1722 3475 1841 3548 Gallia
1862 3477 2094 3553 vehementer
2108 3485 2219 3554 admi·

182 3580 454 3658 Arithmeticam
479 3583 584 3674 longe
604 3585 802 3666 antecellit,
828 3583 928 3654 cuius
951 3597 1069 3654 ortum
1092 3605 1176 3674 prae
1228 3597 1303 3653 rata
1319 3593 1382 3666 est,
1406 3605 1448 3649 eo
1464 3579 1560 3648 enim
1576 3579 1748 3650 concessit
1763 3575 2017 3676 Philosophiae
2034 3586 2218 3657 discendae

183 3699 354 3758 vetustate
381 3685 493 3753 nimia
522 3681 619 3756 haud
648 3687 733 3757 satis
763 3685 1020 3778 comperimus,
1056 3687 1105 3755 ita
1135 3697 1177 3754 ut
1228 3683 1351 3774 gratia.
1390 3680 1577 3752 Praetereo
1593 3705 1741 3776 acumen
1758 3683 1833 3754 eius
1848 3685 1887 3754 in
1902 3687 2100 3775 medicina,
2127 3689 2218 3784 quod

183 3802 361 3860 aeternam
380 3789 590 3858 autmundo
607 3801 804 3858 concretam
828 3811 901 3857 non
927 3788 1048 3880 inique
1071 3800 1173 3878 puta·
1227 3786 1329 3854 facile
1364 3808 1406 3854 ex
1441 3784 1670 3854 conciliatore
1702 3807 1767 3854 suo
1805 3787 2021 3874 dinoscitur,
2060 3791 2217 3882 linguam

183 3890 288 3960 veris.
330 3883 514 3959 Abraham
530 3890 624 3958 enim
639 3888 884 3960 Hebraeorum
901 3901 1034 3980 patrem
1051 3887 1176 3959 Astro-
1230 3885 1403 3957 Graecam
1416 3887 1517 3956 docte
1533 3887 1659 3971 tenuit,
1679 3887 1858 3978 egregium
1871 3891 2127 3981 disputatorem
2141 3913 2216 3964 eum

106 3981 109 3988 ’
184 3993 342 4061 numiam
358 3991 513 4062 tenuisse
527 3993 691 4081 clamant,
715 4005 820 4086 atque
836 3989 975 4063 Mosen.
1028 3989 1176 4060 Prome·
1228 3990 1355 4074 luisse,
1378 3987 1573 4059 Lucidator
1587 3986 1838 4060 Astronomiae
1852 3989 1952 4062 testis
1969 3982 2038 4078 est,
2063 3994 2217 4087 singula⁴

183 4089 267 4166 theo
283 4092 374 4184 ignis
389 4092 504 4163 divini
518 4095 653 4166 suctum
669 4095 864 4187 imputant,
890 4095 985 4186 quod
1000 4089 1177 4164 Astrono-
1228 4115 1304 4161 rem
1325 4092 1370 4160 de
1389 4103 1491 4161 motu
1517 4105 1660 4162 octavae
1684 4086 1832 4184 spherae
1863 4093 2155 4184 imaginationem
2180 4098 2216 4164 in

184 4196 276 4265 miae
291 4197 414 4265 lumen
428 4197 637 4268 mortalibus
653 4196 851 4271 tradiderit.
901 4194 1092 4266 Herculem
1111 4219 1175 4287 pro
1228 4194 1356 4282 libello,
1376 4195 1530 4288 quodam
1554 4217 1618 4264 suo
1641 4193 1820 4284 expressit.
1872 4194 1971 4284 Quid
1993 4199 2119 4269 multis
2143 4221 2216 4268 rno-

184 4292 331 4370 Atlante
359 4297 495 4368 coelum
524 4293 683 4370 humeris
711 4300 783 4370 suis
815 4297 1023 4368 sustinuisse
1057 4297 1176 4368 aiunt:
1228 4296 1314 4366 ror?
1355 4296 1533 4366 recentior
1565 4296 1699 4366 occurit
1733 4309 1959 4370 astronomus
1990 4298 2144 4371 loannes
2175 4299 2216 4370 ds

185 4399 259 4470 sive
275 4400 372 4494 quod
386 4401 452 4469 sub
462 4395 606 4470 Atlante
616 4397 882 4471 Astronomiam
898 4399 1081 4486 didicerit,
1103 4401 1177 4470 sive
1228 4395 1388 4483 Dondis,
1416 4397 1504 4468 civis
1522 4414 1635 4468 vester
1657 4397 1889 4470 clarissimus:
1917 4401 1981 4494 qui
1997 4414 2215 4496 quantumst

185 4503 283 4596 quod
300 4503 337 4570 in
360 4523 469 4592 regno
485 4503 560 4572 eius
577 4503 732 4574 absentis
747 4501 940 4594 praefectus
966 4501 1177 4596 aliquandiu
1229 4525 1335 4595 quam
1358 4523 1441 4570 vere
1467 4499 1631 4570 divinum
1660 4495 1728 4569 boc
1751 4502 1909 4571 studium
1938 4503 2089 4576 coluerit
2115 4517 2216 4597 atque

184 4605 292 4674 suerit
315 4600 561 4695 Hipparchus,
588 4618 706 4675 tamen
722 4599 910 4695 Rhodius,
944 4600 1051 4674 huius
1071 4605 1177 4674 disci·
1229 4615 1438 4674 consecutus
1460 4602 1524 4685 sit,
1550 4599 1723 4696 reliquiae
1747 4625 1830 4673 suae
1851 4604 2071 4676 immortales
2094 4609 2215 4678 docere

184 4705 610 4800 plinaeprimuspareos:
637 4704 940 4778 Claudiusautem
954 4705 1177 4777 Ptolemaeus
1228 4718 1409 4798 poterunt.
1460 4702 1724 4799 Nunquidnon
1746 4721 1944 4776 memoratu
1959 4707 2108 4797 dignum
2122 4707 2214 4780 arbi·
2297 4701 2298 4782 i

184 4809 448 4879 Alexandrinus
472 4823 594 4894 autor,
625 4824 731 4903 atque
759 4809 922 4900 princeps
947 4834 1020 4879 noo
1044 4809 1176 4878 iniuria
1228 4807 1379 4878 traheris
1401 4809 1589 4878 astrarium
1611 4807 1704 4889 eius,
1743 4811 1838 4899 quod
1863 4829 1943 4878 arce
1963 4811 2124 4901 papiensi
2148 4811 2214 4880 dux
2297 4867 2298 4886 ,

183 4911 460 5002 praedicabitur.
510 4909 600 4982 Nam
623 4927 705 4983 ante
720 4906 965 5001 Hipparchum
988 4912 1090 5003 pauci
1112 4913 1176 4980 ad·
1230 4909 1426 4980 Mediolani
1448 4911 1650 5001 depositum
1676 4903 1783 4978 hodie
1805 4922 1918 4995 tenet,
1951 4912 2051 4982 cuius
2072 4907 2214 4983 videndi
2297 4899 2298 4944 ³

185 5005 332 5082 modum
347 5027 521 5083 astrorum
536 5027 653 5083 motus
667 5014 1063 5106 expeditecontemplati
1076 5027 1175 5085 sunt:
1228 5013 1338 5104 gratia
1355 5009 1509 5082 Praelati
1522 5037 1563 5081 ac
1576 5009 1759 5101 Principes
1773 5011 1954 5082 innumeri
1969 5015 2014 5084 ad
2033 5039 2114 5086 enm
2132 5035 2213 5084 con·

185 5137 291 5184 nemo
308 5129 425 5186 autern
443 5137 588 5204 prorsus
602 5117 718 5187 stellas
735 5117 819 5185 fixas
834 5115 904 5184 alio
921 5141 1028 5210 quam
1044 5116 1175 5186 diurno
1228 5137 1359 5185 cessere
1379 5115 1498 5185 locum
1523 5112 1623 5207 quasi
1643 5113 1857 5183 miraculum
1879 5117 2058 5208 quoddam
2084 5128 2212 5210 specta-

185 5227 288 5284 motu
306 5216 524 5286 circumferri
556 5233 756 5309 putaverat,
785 5217 843 5288 cui
870 5218 924 5288 rei
948 5213 1176 5310 Hipparchus
1227 5217 1324 5289 turi?
1350 5217 1541 5312 etquidem
1555 5239 1640 5284 ,non
1656 5216 1806 5301 iniuria,
1832 5230 1927 5287 tanta
1951 5241 2077 5310 nempe
2096 5233 2210 5290 ettam

186 5315 308 5385 oculos
322 5317 449 5386 adiecit
467 5319 678 5401 crebriores,
702 5319 944 5411 conclusitque
965 5333 1175 5390 memoratas
1227 5320 1266 5389 in
1282 5319 1410 5390 usitata
1426 5314 1670 5388 huiuscemodi
1680 5318 1797 5410 operis
1811 5313 2039 5409 pulchritudo
2053 5333 2212 5413 erratque

186 5416 303 5486 stellas
325 5431 426 5488 motu
441 5421 593 5510 quodam
610 5423 753 5513 proprio
776 5445 816 5492 ac
837 5420 1038 5492 tardissimo
1055 5424 1174 5491 orien-
1227 5421 1381 5506 utilitas,
1406 5433 1448 5492 ut
1467 5443 1571 5490 nemo
1588 5443 1662 5491 non
1679 5420 1789 5514 possit
1804 5421 1984 5498 admirari.
2032 5419 2122 5495 Ecce
2137 5445 2210 5490 mo-
