<?xml version="1.0" encoding="UTF-8"?>
<!DOCTYPE html PUBLIC "-//W3C//DTD XHTML 1.0 Transitional//EN"
    "http://www.w3.org/TR/xhtml1/DTD/xhtml1-transitional.dtd">
<html xmlns="http://www.w3.org/1999/xhtml" xml:lang="en" lang="en">
 <head>
  <title>
</title>
<meta http-equiv="Content-Type" content="text/html;charset=utf-8" />
  <meta name='ocr-system' content='tesseract 3.04.00' />
  <meta name='ocr-capabilities' content='ocr_page ocr_carea ocr_par ocr_line ocrx_word'/>
</head>
<body>
  <div class='ocr_page' id='page_1' title='image "./corpusreformato23melagoog/corpusreformato23melagoog_0389.png"; bbox 0 0 4646 5824; ppageno 0'>
   <div class='ocr_carea' id='block_1_1' title="bbox 208 264 2306 368">
    <p class='ocr_par' dir='ltr' id='par_1_1' title="bbox 208 264 2306 368">
     <span class='ocr_line' id='line_1_1' title="bbox 208 264 2306 368; baseline 0.002 -7"><span class='ocrx_word' id='word_1_1' title='bbox 208 279 283 364; x_wconf 68' lang='lat' dir='ltr'>&#39;idi</span> <span class='ocrx_word' id='word_1_2' title='bbox 598 275 759 358; x_wconf 82' lang='lat' dir='ltr'>DECL.</span> <span class='ocrx_word' id='word_1_3' title='bbox 792 271 868 354; x_wconf 84' lang='lat' dir='ltr'>DE</span> <span class='ocrx_word' id='word_1_4' title='bbox 901 273 1105 354; x_wconf 79' lang='lat' dir='ltr'>lllCTO:</span> <span class='ocrx_word' id='word_1_5' title='bbox 1148 268 1431 354; x_wconf 76' lang='lat' dir='ltr'>ATTENDE</span> <span class='ocrx_word' id='word_1_6' title='bbox 1459 267 1750 354; x_wconf 72' lang='lat' dir='ltr'>Lucrtottt</span> <span class='ocrx_word' id='word_1_7' title='bbox 1774 264 1860 356; x_wconf 71' lang='grc' dir='ltr'><strong>ιιι.</strong></span> <span class='ocrx_word' id='word_1_8' title='bbox 2178 281 2249 364; x_wconf 76' lang='grc'>756</span> <span class='ocrx_word' id='word_1_9' title='bbox 2305 363 2306 368; x_wconf 14' lang='lat' dir='ltr'>e</span> 
     </span>
    </p>
   </div>
   <div class='ocr_carea' id='block_1_2' title="bbox 213 443 2250 548">
    <p class='ocr_par' dir='ltr' id='par_1_2' title="bbox 213 443 2250 548">
     <span class='ocr_line' id='line_1_2' title="bbox 213 443 2250 548; baseline -0 -19"><span class='ocrx_word' id='word_1_10' title='bbox 213 469 294 530; x_wconf 90' lang='lat' dir='ltr'>sunt</span> <span class='ocrx_word' id='word_1_11' title='bbox 309 453 455 548; x_wconf 90' lang='lat' dir='ltr'>politiae</span> <span class='ocrx_word' id='word_1_12' title='bbox 473 453 574 533; x_wconf 83' lang='lat' dir='ltr'>illae,</span> <span class='ocrx_word' id='word_1_13' title='bbox 600 451 807 545; x_wconf 84' lang='lat' dir='ltr'>priusquam</span> <span class='ocrx_word' id='word_1_14' title='bbox 822 451 1000 544; x_wconf 70' lang='lat' dir='ltr'>negligere</span> <span class='ocrx_word' id='word_1_15' title='bbox 1015 445 1114 522; x_wconf 87' lang='lat' dir='ltr'>bunc</span> <span class='ocrx_word' id='word_1_16' title='bbox 1129 443 1208 523; x_wconf 80' lang='lat' dir='ltr'>tlte·</span> <span class='ocrx_word' id='word_1_17' title='bbox 1258 447 1340 522; x_wconf 87' lang='lat' dir='ltr'>licio</span> <span class='ocrx_word' id='word_1_18' title='bbox 1366 448 1512 524; x_wconf 89' lang='lat' dir='ltr'>additur</span> <span class='ocrx_word' id='word_1_19' title='bbox 1527 447 1734 546; x_wconf 82' lang='lat' dir='ltr'>promissio.</span> <span class='ocrx_word' id='word_1_20' title='bbox 1766 447 1842 541; x_wconf 86' lang='lat' dir='ltr'>Qui</span> <span class='ocrx_word' id='word_1_21' title='bbox 1856 451 1951 525; x_wconf 89' lang='lat' dir='ltr'>bona</span> <span class='ocrx_word' id='word_1_22' title='bbox 1967 453 2186 528; x_wconf 83' lang='lat' dir='ltr'>conscientia</span> <span class='ocrx_word' id='word_1_23' title='bbox 2199 457 2250 528; x_wconf 93' lang='lat' dir='ltr'>le-</span> 
     </span>
    </p>
   </div>
   <div class='ocr_carea' id='block_1_3' title="bbox 116 545 2306 5506">
    <p class='ocr_par' dir='ltr' id='par_1_3' title="bbox 116 545 2306 5516">
     <span class='ocr_line' id='line_1_3' title="bbox 215 545 2251 670; baseline -0.002 -37"><span class='ocrx_word' id='word_1_24' title='bbox 215 581 360 633; x_wconf 87' lang='lat' dir='ltr'>saurum</span> <span class='ocrx_word' id='word_1_25' title='bbox 376 567 577 647; x_wconf 89' lang='lat' dir='ltr'>coeperunt.</span> <span class='ocrx_word' id='word_1_26' title='bbox 1260 545 1366 670; x_wconf 72' lang='lat' dir='ltr'>gapt,</span> <span class='ocrx_word' id='word_1_27' title='bbox 1398 553 1559 637; x_wconf 89' lang='lat' dir='ltr'>discunt,</span> <span class='ocrx_word' id='word_1_28' title='bbox 1599 551 1827 640; x_wconf 85' lang='lat' dir='ltr'>custodiunt,</span> <span class='ocrx_word' id='word_1_29' title='bbox 1867 577 1888 624; x_wconf 96' lang='lat' dir='ltr'>a</span> <span class='ocrx_word' id='word_1_30' title='bbox 1889 551 2134 648; x_wconf 87' lang='lat' dir='ltr'>mplcctnntnr</span> <span class='ocrx_word' id='word_1_31' title='bbox 2165 553 2251 628; x_wconf 90' lang='lat' dir='ltr'>banc</span> 
     </span>
     <span class='ocr_line' id='line_1_4' title="bbox 318 605 2250 752; baseline 0 -24"><span class='ocrx_word' id='word_1_32' title='bbox 318 656 565 750; x_wconf 88' lang='lat' dir='ltr'>Hierosolyma</span> <span class='ocrx_word' id='word_1_33' title='bbox 591 667 626 726; x_wconf 88' lang='grc' dir='ltr'>ιι</span> <span class='ocrx_word' id='word_1_34' title='bbox 646 653 790 738; x_wconf 83' lang='lat' dir='ltr'>floruit,</span> <span class='ocrx_word' id='word_1_35' title='bbox 816 665 850 724; x_wconf 90' lang='lat' dir='ltr'>el</span> <span class='ocrx_word' id='word_1_36' title='bbox 865 652 1009 725; x_wconf 88' lang='lat' dir='ltr'>urbium</span> <span class='ocrx_word' id='word_1_37' title='bbox 1031 665 1107 725; x_wconf 91' lang='grc' dir='ltr'><strong>ιοιο</strong></span> <span class='ocrx_word' id='word_1_38' title='bbox 1121 653 1208 724; x_wconf 88' lang='lat' dir='ltr'>orbe</span> <span class='ocrx_word' id='word_1_39' title='bbox 1259 653 1404 724; x_wconf 88' lang='lat' dir='ltr'>unicam</span> <span class='ocrx_word' id='word_1_40' title='bbox 1418 605 1598 724; x_wconf 70' lang='lat' dir='ltr'><strong>Ecclesiae</strong></span> <span class='ocrx_word' id='word_1_41' title='bbox 1613 653 1834 739; x_wconf 85' lang='lat' dir='ltr'>doctrinam,</span> <span class='ocrx_word' id='word_1_42' title='bbox 1858 649 2021 744; x_wconf 88' lang='lat' dir='ltr'>bisunt,</span> <span class='ocrx_word' id='word_1_43' title='bbox 2046 681 2110 752; x_wconf 85' lang='lat' dir='ltr'>qus</span> <span class='ocrx_word' id='word_1_44' title='bbox 2097 657 2250 730; x_wconf 91' lang='lat' dir='ltr'>etdili·</span> 
     </span>
     <span class='ocr_line' id='line_1_5' title="bbox 219 748 2252 850; baseline -0.001 -18"><span class='ocrx_word' id='word_1_45' title='bbox 219 773 394 833; x_wconf 89' lang='lat' dir='ltr'>terrarnm</span> <span class='ocrx_word' id='word_1_46' title='bbox 409 751 647 850; x_wconf 90' lang='lat' dir='ltr'>pulcherrima</span> <span class='ocrx_word' id='word_1_47' title='bbox 670 755 757 840; x_wconf 85' lang='lat' dir='ltr'>luit,</span> <span class='ocrx_word' id='word_1_48' title='bbox 783 756 896 826; x_wconf 91' lang='lat' dir='ltr'>donec</span> <span class='ocrx_word' id='word_1_49' title='bbox 912 749 1126 827; x_wconf 88' lang='lat' dir='ltr'>bibliotheca</span> <span class='ocrx_word' id='word_1_50' title='bbox 1142 752 1209 826; x_wconf 89' lang='lat' dir='ltr'>Dei</span> <span class='ocrx_word' id='word_1_51' title='bbox 1259 767 1350 844; x_wconf 89' lang='lat' dir='ltr'>gunt</span> <span class='ocrx_word' id='word_1_52' title='bbox 1377 749 1515 836; x_wconf 89' lang='lat' dir='ltr'>Deum,</span> <span class='ocrx_word' id='word_1_53' title='bbox 1545 765 1594 826; x_wconf 90' lang='lat' dir='ltr'>et</span> <span class='ocrx_word' id='word_1_54' title='bbox 1616 777 1638 824; x_wconf 88' lang='lat' dir='ltr'>a</span> <span class='ocrx_word' id='word_1_55' title='bbox 1667 748 1745 826; x_wconf 88' lang='lat' dir='ltr'>Deo</span> <span class='ocrx_word' id='word_1_56' title='bbox 1784 755 1994 848; x_wconf 88' lang='lat' dir='ltr'>diliguntur.</span> <span class='ocrx_word' id='word_1_57' title='bbox 2062 757 2252 830; x_wconf 74' lang='lat' dir='ltr'>Doctrinae</span> 
     </span>
     <span class='ocr_line' id='line_1_6' title="bbox 217 853 2254 952; baseline 0 -20"><span class='ocrx_word' id='word_1_58' title='bbox 217 859 297 950; x_wconf 80' lang='lat' dir='ltr'>fnit.</span> <span class='ocrx_word' id='word_1_59' title='bbox 355 857 481 952; x_wconf 85' lang='lat' dir='ltr'>Postea</span> <span class='ocrx_word' id='word_1_60' title='bbox 510 881 590 927; x_wconf 88' lang='lat' dir='ltr'>curn</span> <span class='ocrx_word' id='word_1_61' title='bbox 615 857 727 926; x_wconf 92' lang='lat' dir='ltr'>libros</span> <span class='ocrx_word' id='word_1_62' title='bbox 754 856 895 926; x_wconf 88' lang='lat' dir='ltr'>divinos</span> <span class='ocrx_word' id='word_1_63' title='bbox 918 857 1127 948; x_wconf 73' lang='lat' dir='ltr'><strong>negligeret,</strong></span> <span class='ocrx_word' id='word_1_64' title='bbox 1158 855 1209 926; x_wconf 87' lang='lat' dir='ltr'>ita</span> <span class='ocrx_word' id='word_1_65' title='bbox 1260 857 1413 926; x_wconf 90' lang='lat' dir='ltr'>tuendae</span> <span class='ocrx_word' id='word_1_66' title='bbox 1443 877 1565 926; x_wconf 91' lang='lat' dir='ltr'>curam</span> <span class='ocrx_word' id='word_1_67' title='bbox 1594 853 1702 926; x_wconf 88' lang='lat' dir='ltr'>nobis</span> <span class='ocrx_word' id='word_1_68' title='bbox 1730 860 1954 932; x_wconf 88' lang='lat' dir='ltr'>commendat</span> <span class='ocrx_word' id='word_1_69' title='bbox 1982 859 2078 933; x_wconf 85' lang='lat' dir='ltr'>filius</span> <span class='ocrx_word' id='word_1_70' title='bbox 2102 857 2192 947; x_wconf 88' lang='lat' dir='ltr'>Dei,</span> <span class='ocrx_word' id='word_1_71' title='bbox 2223 875 2254 933; x_wconf 88' lang='grc' dir='ltr'>ιι</span> 
     </span>
     <span class='ocr_line' id='line_1_7' title="bbox 219 955 2254 1050; baseline 0 -18"><span class='ocrx_word' id='word_1_72' title='bbox 219 963 333 1034; x_wconf 90' lang='lat' dir='ltr'>deleta</span> <span class='ocrx_word' id='word_1_73' title='bbox 350 973 423 1046; x_wconf 87' lang='lat' dir='ltr'>cst,</span> <span class='ocrx_word' id='word_1_74' title='bbox 449 971 489 1029; x_wconf 91' lang='lat' dir='ltr'>ut</span> <span class='ocrx_word' id='word_1_75' title='bbox 509 981 584 1027; x_wconf 93' lang='lat' dir='ltr'>non</span> <span class='ocrx_word' id='word_1_76' title='bbox 602 957 717 1028; x_wconf 88' lang='lat' dir='ltr'>solum</span> <span class='ocrx_word' id='word_1_77' title='bbox 739 956 897 1027; x_wconf 87' lang='lat' dir='ltr'>aedificia</span> <span class='ocrx_word' id='word_1_78' title='bbox 911 957 1077 1029; x_wconf 90' lang='lat' dir='ltr'>incendio</span> <span class='ocrx_word' id='word_1_79' title='bbox 1093 956 1209 1050; x_wconf 88' lang='lat' dir='ltr'>perie-</span> <span class='ocrx_word' id='word_1_80' title='bbox 1261 957 1497 1050; x_wconf 87' lang='lat' dir='ltr'>promissione</span> <span class='ocrx_word' id='word_1_81' title='bbox 1518 955 1639 1028; x_wconf 92' lang='lat' dir='ltr'>addita</span> <span class='ocrx_word' id='word_1_82' title='bbox 1661 977 1729 1028; x_wconf 90' lang='lat' dir='ltr'>nos</span> <span class='ocrx_word' id='word_1_83' title='bbox 1750 959 1970 1047; x_wconf 84' lang='lat' dir='ltr'>consolator,</span> <span class='ocrx_word' id='word_1_84' title='bbox 2002 981 2069 1032; x_wconf 89' lang='lat' dir='ltr'>nec</span> <span class='ocrx_word' id='word_1_85' title='bbox 2092 961 2174 1032; x_wconf 88' lang='lat' dir='ltr'>vult</span> <span class='ocrx_word' id='word_1_86' title='bbox 2193 957 2254 1032; x_wconf 85' lang='lat' dir='ltr'>hac</span> 
     </span>
     <span class='ocr_line' id='line_1_8' title="bbox 219 1057 2252 1154; baseline -0 -20"><span class='ocrx_word' id='word_1_87' title='bbox 219 1063 310 1147; x_wconf 89' lang='lat' dir='ltr'>rint,</span> <span class='ocrx_word' id='word_1_88' title='bbox 335 1064 396 1131; x_wconf 91' lang='lat' dir='ltr'>sed</span> <span class='ocrx_word' id='word_1_89' title='bbox 412 1059 517 1130; x_wconf 90' lang='lat' dir='ltr'>etiam</span> <span class='ocrx_word' id='word_1_90' title='bbox 533 1071 606 1130; x_wconf 89' lang='lat' dir='ltr'>tota</span> <span class='ocrx_word' id='word_1_91' title='bbox 621 1080 706 1148; x_wconf 89' lang='lat' dir='ltr'>gens</span> <span class='ocrx_word' id='word_1_92' title='bbox 721 1057 890 1150; x_wconf 91' lang='lat' dir='ltr'>dissipata</span> <span class='ocrx_word' id='word_1_93' title='bbox 908 1059 971 1145; x_wconf 92' lang='lat' dir='ltr'>sit,</span> <span class='ocrx_word' id='word_1_94' title='bbox 995 1071 1028 1130; x_wconf 92' lang='lat' dir='ltr'>et</span> <span class='ocrx_word' id='word_1_95' title='bbox 1041 1057 1083 1128; x_wconf 91' lang='lat' dir='ltr'>ln</span> <span class='ocrx_word' id='word_1_96' title='bbox 1099 1083 1140 1130; x_wconf 93' lang='lat' dir='ltr'>eo</span> <span class='ocrx_word' id='word_1_97' title='bbox 1153 1059 1210 1128; x_wconf 93' lang='lat' dir='ltr'>lo·</span> <span class='ocrx_word' id='word_1_98' title='bbox 1261 1059 1505 1130; x_wconf 65' lang='lat' dir='ltr'>consolatione</span> <span class='ocrx_word' id='word_1_99' title='bbox 1527 1057 1653 1130; x_wconf 88' lang='lat' dir='ltr'>terreri</span> <span class='ocrx_word' id='word_1_100' title='bbox 1671 1071 1808 1130; x_wconf 85' lang='lat' dir='ltr'>mentes</span> <span class='ocrx_word' id='word_1_101' title='bbox 1829 1074 1891 1132; x_wconf 88' lang='lat' dir='ltr'>ant</span> <span class='ocrx_word' id='word_1_102' title='bbox 1905 1062 1952 1132; x_wconf 88' lang='lat' dir='ltr'>ad</span> <span class='ocrx_word' id='word_1_103' title='bbox 1973 1063 2252 1154; x_wconf 70' lang='lat' dir='ltr'>desperationem</span> 
     </span>
     <span class='ocr_line' id='line_1_9' title="bbox 214 1157 2254 1256; baseline 0.002 -26"><span class='ocrx_word' id='word_1_104' title='bbox 214 1189 262 1235; x_wconf 88' lang='grc' dir='ltr'>,ιο</span> <span class='ocrx_word' id='word_1_105' title='bbox 277 1186 374 1233; x_wconf 91' lang='lat' dir='ltr'>nunc</span> <span class='ocrx_word' id='word_1_106' title='bbox 388 1163 567 1232; x_wconf 89' lang='lat' dir='ltr'>latronum</span> <span class='ocrx_word' id='word_1_107' title='bbox 583 1182 706 1252; x_wconf 80' lang='lat' dir='ltr'>specus</span> <span class='ocrx_word' id='word_1_108' title='bbox 720 1159 803 1232; x_wconf 85' lang='lat' dir='ltr'>sint.</span> <span class='ocrx_word' id='word_1_109' title='bbox 839 1157 937 1230; x_wconf 89' lang='lat' dir='ltr'>ldem</span> <span class='ocrx_word' id='word_1_110' title='bbox 949 1161 1078 1234; x_wconf 87' lang='lat' dir='ltr'>accidit</span> <span class='ocrx_word' id='word_1_111' title='bbox 1092 1159 1210 1231; x_wconf 88' lang='lat' dir='ltr'>omni·</span> <span class='ocrx_word' id='word_1_112' title='bbox 1262 1159 1375 1251; x_wconf 85' lang='lat' dir='ltr'>a&#39;digi:</span> <span class='ocrx_word' id='word_1_113' title='bbox 1401 1161 1447 1230; x_wconf 89' lang='lat' dir='ltr'>de</span> <span class='ocrx_word' id='word_1_114' title='bbox 1464 1181 1507 1231; x_wconf 95' lang='grc' dir='ltr'>ιο</span> <span class='ocrx_word' id='word_1_115' title='bbox 1521 1160 1639 1232; x_wconf 83' lang='lat' dir='ltr'>oflicio</span> <span class='ocrx_word' id='word_1_116' title='bbox 1656 1158 1839 1254; x_wconf 84' lang='lat' dir='ltr'>loquitur,</span> <span class='ocrx_word' id='word_1_117' title='bbox 1868 1165 1964 1256; x_wconf 90' lang='lat' dir='ltr'>quod</span> <span class='ocrx_word' id='word_1_118' title='bbox 1980 1161 2143 1234; x_wconf 89' lang='lat' dir='ltr'>Ecclesia</span> <span class='ocrx_word' id='word_1_119' title='bbox 2157 1187 2254 1256; x_wconf 88' lang='lat' dir='ltr'>prae-</span> 
     </span>
     <span class='ocr_line' id='line_1_10' title="bbox 220 1257 2253 1358; baseline -0.001 -21"><span class='ocrx_word' id='word_1_120' title='bbox 220 1267 289 1337; x_wconf 89' lang='lat' dir='ltr'>bus</span> <span class='ocrx_word' id='word_1_121' title='bbox 300 1263 450 1334; x_wconf 90' lang='lat' dir='ltr'>urbibus</span> <span class='ocrx_word' id='word_1_122' title='bbox 464 1261 568 1332; x_wconf 82' lang='lat' dir='ltr'>Asiae</span> <span class='ocrx_word' id='word_1_123' title='bbox 581 1273 617 1332; x_wconf 86' lang='lat' dir='ltr'>et</span> <span class='ocrx_word' id='word_1_124' title='bbox 631 1257 821 1346; x_wconf 80' lang='lat' dir='ltr'>Graeciae,</span> <span class='ocrx_word' id='word_1_125' title='bbox 845 1261 1029 1356; x_wconf 87' lang='lat' dir='ltr'>inquibus</span> <span class='ocrx_word' id='word_1_126' title='bbox 1046 1285 1126 1333; x_wconf 88' lang='lat' dir='ltr'>cum</span> <span class='ocrx_word' id='word_1_127' title='bbox 1142 1261 1211 1332; x_wconf 92' lang='lat' dir='ltr'>flo-</span> <span class='ocrx_word' id='word_1_128' title='bbox 1262 1272 1355 1332; x_wconf 88' lang='lat' dir='ltr'>stare</span> <span class='ocrx_word' id='word_1_129' title='bbox 1378 1273 1413 1333; x_wconf 90' lang='lat' dir='ltr'>et</span> <span class='ocrx_word' id='word_1_130' title='bbox 1434 1273 1550 1354; x_wconf 90' lang='lat' dir='ltr'>potest</span> <span class='ocrx_word' id='word_1_131' title='bbox 1571 1273 1607 1332; x_wconf 92' lang='grc' dir='ltr'>ιι</span> <span class='ocrx_word' id='word_1_132' title='bbox 1621 1259 1746 1342; x_wconf 83' lang='lat' dir='ltr'>debet,</span> <span class='ocrx_word' id='word_1_133' title='bbox 1776 1274 1811 1333; x_wconf 87' lang='lat' dir='ltr'>et</span> <span class='ocrx_word' id='word_1_134' title='bbox 1826 1263 1899 1356; x_wconf 91' lang='lat' dir='ltr'>pii,</span> <span class='ocrx_word' id='word_1_135' title='bbox 1924 1263 2206 1358; x_wconf 74' lang='lat' dir='ltr'>qui-eruditione</span> <span class='ocrx_word' id='word_1_136' title='bbox 2221 1277 2253 1335; x_wconf 91' lang='lat' dir='ltr'>et</span> 
     </span>
     <span class='ocr_line' id='line_1_11' title="bbox 221 1360 2254 1459; baseline 0 -22"><span class='ocrx_word' id='word_1_137' title='bbox 221 1379 338 1441; x_wconf 86' lang='lat' dir='ltr'>rentes</span> <span class='ocrx_word' id='word_1_138' title='bbox 352 1360 530 1434; x_wconf 78' lang='lat' dir='ltr'>Ecclesiae</span> <span class='ocrx_word' id='word_1_139' title='bbox 543 1361 888 1456; x_wconf 85' lang='lat' dir='ltr'>quondamfuerint,</span> <span class='ocrx_word' id='word_1_140' title='bbox 912 1363 1059 1435; x_wconf 88' lang='lat' dir='ltr'>desertis</span> <span class='ocrx_word' id='word_1_141' title='bbox 1072 1362 1211 1448; x_wconf 90' lang='lat' dir='ltr'>studiis,</span> <span class='ocrx_word' id='word_1_142' title='bbox 1262 1363 1451 1454; x_wconf 89' lang='lat' dir='ltr'>prudentia</span> <span class='ocrx_word' id='word_1_143' title='bbox 1488 1361 1790 1448; x_wconf 86' lang='lat' dir='ltr'>antecelluernnt,</span> <span class='ocrx_word' id='word_1_144' title='bbox 1829 1365 1997 1436; x_wconf 89' lang='lat' dir='ltr'>omnibus</span> <span class='ocrx_word' id='word_1_145' title='bbox 2035 1365 2254 1459; x_wconf 88' lang='lat' dir='ltr'>temporibus</span> 
     </span>
     <span class='ocr_line' id='line_1_12' title="bbox 222 1459 2254 1585; baseline 0 -47"><span class='ocrx_word' id='word_1_146' title='bbox 222 1469 318 1559; x_wconf 87' lang='lat' dir='ltr'>ipsae</span> <span class='ocrx_word' id='word_1_147' title='bbox 333 1466 439 1536; x_wconf 85' lang='lat' dir='ltr'>urbes</span> <span class='ocrx_word' id='word_1_148' title='bbox 454 1487 592 1533; x_wconf 85' lang='lat' dir='ltr'>eversae</span> <span class='ocrx_word' id='word_1_149' title='bbox 606 1476 699 1533; x_wconf 91' lang='lat' dir='ltr'>sunt.</span> <span class='ocrx_word' id='word_1_150' title='bbox 744 1461 895 1552; x_wconf 76' lang='lat' dir='ltr'>Quoties</span> <span class='ocrx_word' id='word_1_151' title='bbox 910 1463 1068 1585; x_wconf 83' lang='lat' dir='ltr'>igiturin</span> <span class='ocrx_word' id='word_1_152' title='bbox 1085 1461 1212 1535; x_wconf 86' lang='lat' dir='ltr'>hisee-</span> <span class='ocrx_word' id='word_1_153' title='bbox 1262 1463 1414 1536; x_wconf 81' lang='lat' dir='ltr'>fideliter</span> <span class='ocrx_word' id='word_1_154' title='bbox 1433 1463 1697 1582; x_wconf 76' lang='lat' dir='ltr'>praestiterunt.</span> <span class='ocrx_word' id='word_1_155' title='bbox 1750 1459 1827 1534; x_wconf 85' lang='lat' dir='ltr'>Hac</span> <span class='ocrx_word' id='word_1_156' title='bbox 1851 1465 2146 1558; x_wconf 82' lang='lat' dir='ltr'>interpretatione</span> <span class='ocrx_word' id='word_1_157' title='bbox 2163 1468 2254 1557; x_wconf 89' lang='lat' dir='ltr'>cogi·</span> 
     </span>
     <span class='ocr_line' id='line_1_13' title="bbox 223 1559 2251 1660; baseline 0 -22"><span class='ocrx_word' id='word_1_158' title='bbox 223 1566 419 1660; x_wconf 88' lang='lat' dir='ltr'>gionibus</span> <span class='ocrx_word' id='word_1_159' title='bbox 409 1579 476 1636; x_wconf 88' lang='lat' dir='ltr'>rter</span> <span class='ocrx_word' id='word_1_160' title='bbox 497 1563 630 1650; x_wconf 79' lang='lat' dir='ltr'>facitis,</span> <span class='ocrx_word' id='word_1_161' title='bbox 662 1577 695 1634; x_wconf 90' lang='lat' dir='ltr'>et</span> <span class='ocrx_word' id='word_1_162' title='bbox 711 1565 924 1656; x_wconf 85' lang='lat' dir='ltr'>oppidorum</span> <span class='ocrx_word' id='word_1_163' title='bbox 944 1567 1104 1652; x_wconf 89' lang='lat' dir='ltr'>moenia,</span> <span class='ocrx_word' id='word_1_164' title='bbox 1130 1589 1211 1635; x_wconf 91' lang='lat' dir='ltr'>coe·</span> <span class='ocrx_word' id='word_1_165' title='bbox 1263 1577 1353 1647; x_wconf 89' lang='lat' dir='ltr'>tata,</span> <span class='ocrx_word' id='word_1_166' title='bbox 1386 1566 1432 1636; x_wconf 91' lang='lat' dir='ltr'>ad</span> <span class='ocrx_word' id='word_1_167' title='bbox 1455 1589 1521 1636; x_wconf 91' lang='lat' dir='ltr'>nos</span> <span class='ocrx_word' id='word_1_168' title='bbox 1548 1565 1644 1656; x_wconf 91' lang='lat' dir='ltr'>ipsos</span> <span class='ocrx_word' id='word_1_169' title='bbox 1669 1559 1760 1636; x_wconf 89' lang='lat' dir='ltr'>hanc</span> <span class='ocrx_word' id='word_1_170' title='bbox 1780 1567 1990 1638; x_wconf 89' lang='lat' dir='ltr'>sententiam</span> <span class='ocrx_word' id='word_1_171' title='bbox 2011 1571 2251 1639; x_wconf 87' lang='lat' dir='ltr'>accommode·</span> 
     </span>
     <span class='ocr_line' id='line_1_14' title="bbox 222 1663 2306 1763; baseline -0.001 -21"><span class='ocrx_word' id='word_1_172' title='bbox 222 1684 280 1742; x_wconf 87' lang='lat' dir='ltr'>tus</span> <span class='ocrx_word' id='word_1_173' title='bbox 303 1663 510 1750; x_wconf 86' lang='lat' dir='ltr'>hominum,</span> <span class='ocrx_word' id='word_1_174' title='bbox 544 1665 704 1757; x_wconf 83' lang='lat' dir='ltr'>politiae,</span> <span class='ocrx_word' id='word_1_175' title='bbox 737 1667 868 1758; x_wconf 89' lang='lat' dir='ltr'>templa</span> <span class='ocrx_word' id='word_1_176' title='bbox 893 1666 1040 1753; x_wconf 85' lang='lat' dir='ltr'>videtis,</span> <span class='ocrx_word' id='word_1_177' title='bbox 1062 1665 1211 1757; x_wconf 86' lang='lat' dir='ltr'>cogitate</span> <span class='ocrx_word' id='word_1_178' title='bbox 1263 1689 1359 1752; x_wconf 90' lang='lat' dir='ltr'>mua;</span> <span class='ocrx_word' id='word_1_179' title='bbox 1394 1667 1505 1736; x_wconf 90' lang='lat' dir='ltr'>simus</span> <span class='ocrx_word' id='word_1_180' title='bbox 1528 1679 1561 1736; x_wconf 90' lang='lat' dir='ltr'>et</span> <span class='ocrx_word' id='word_1_181' title='bbox 1583 1689 1650 1736; x_wconf 89' lang='lat' dir='ltr'>nos</span> <span class='ocrx_word' id='word_1_182' title='bbox 1671 1667 1852 1748; x_wconf 80' lang='lat' dir='ltr'>custodes,</span> <span class='ocrx_word' id='word_1_183' title='bbox 1886 1667 2035 1740; x_wconf 89' lang='lat' dir='ltr'>lectores</span> <span class='ocrx_word' id='word_1_184' title='bbox 2057 1681 2095 1740; x_wconf 88' lang='lat' dir='ltr'>ct</span> <span class='ocrx_word' id='word_1_185' title='bbox 2130 1692 2254 1763; x_wconf 89' lang='lat' dir='ltr'>propa-</span> <span class='ocrx_word' id='word_1_186' title='bbox 2305 1755 2306 1760; x_wconf 6' lang='grc' dir='ltr'><strong>Ἰ</strong></span> 
     </span>
     <span class='ocr_line' id='line_1_15' title="bbox 222 1761 2133 1858; baseline 0.001 -18"><span class='ocrx_word' id='word_1_187' title='bbox 222 1769 425 1853; x_wconf 88' lang='lat' dir='ltr'>vobiscum,</span> <span class='ocrx_word' id='word_1_188' title='bbox 457 1761 543 1836; x_wconf 84' lang='lat' dir='ltr'>haec</span> <span class='ocrx_word' id='word_1_189' title='bbox 564 1779 788 1852; x_wconf 87' lang='lat' dir='ltr'>ornamenta,</span> <span class='ocrx_word' id='word_1_190' title='bbox 820 1764 889 1837; x_wconf 90' lang='lat' dir='ltr'>Dei</span> <span class='ocrx_word' id='word_1_191' title='bbox 909 1767 1127 1858; x_wconf 79' lang='lat' dir='ltr'>benignitate</span> <span class='ocrx_word' id='word_1_192' title='bbox 1148 1769 1212 1838; x_wconf 85' lang='lat' dir='ltr'>ad·</span> <span class='ocrx_word' id='word_1_193' title='bbox 1264 1780 1402 1858; x_wconf 90' lang='lat' dir='ltr'>gatores</span> <span class='ocrx_word' id='word_1_194' title='bbox 1417 1768 1689 1838; x_wconf 87' lang='lat' dir='ltr'>doctrinacnon</span> <span class='ocrx_word' id='word_1_195' title='bbox 1704 1766 1845 1858; x_wconf 89' lang='lat' dir='ltr'>ignavi,</span> <span class='ocrx_word' id='word_1_196' title='bbox 1863 1789 1940 1841; x_wconf 92' lang='lat' dir='ltr'>non</span> <span class='ocrx_word' id='word_1_197' title='bbox 1954 1768 2133 1843; x_wconf 85' lang='lat' dir='ltr'>infideles.</span> 
     </span>
     <span class='ocr_line' id='line_1_16' title="bbox 223 1862 2255 1984; baseline -0 -42"><span class='ocrx_word' id='word_1_198' title='bbox 223 1866 327 1942; x_wconf 89' lang='lat' dir='ltr'>huc&#39;</span> <span class='ocrx_word' id='word_1_199' title='bbox 316 1882 450 1958; x_wconf 74' lang='lat' dir='ltr'>integra</span> <span class='ocrx_word' id='word_1_200' title='bbox 467 1891 559 1952; x_wconf 89' lang='lat' dir='ltr'>esse,</span> <span class='ocrx_word' id='word_1_201' title='bbox 582 1881 624 1939; x_wconf 89' lang='lat' dir='ltr'>ut</span> <span class='ocrx_word' id='word_1_202' title='bbox 644 1867 716 1938; x_wconf 88' lang='lat' dir='ltr'>sint</span> <span class='ocrx_word' id='word_1_203' title='bbox 730 1862 967 1938; x_wconf 86' lang='lat' dir='ltr'>bibliothecae</span> <span class='ocrx_word' id='word_1_204' title='bbox 976 1869 1152 1954; x_wconf 85' lang='lat' dir='ltr'>divinae,</span> <span class='ocrx_word' id='word_1_205' title='bbox 1178 1881 1213 1941; x_wconf 91' lang='lat' dir='ltr'>et</span> <span class='ocrx_word' id='word_1_206' title='bbox 1365 1865 1528 1941; x_wconf 86' lang='lat' dir='ltr'>Recitavi</span> <span class='ocrx_word' id='word_1_207' title='bbox 1550 1871 1737 1955; x_wconf 89' lang='lat' dir='ltr'>mandata,</span> <span class='ocrx_word' id='word_1_208' title='bbox 1770 1893 1862 1984; x_wconf 86' lang='lat' dir='ltr'>quae</span> <span class='ocrx_word' id='word_1_209' title='bbox 1886 1869 2112 1966; x_wconf 87' lang='lat' dir='ltr'>praecipiunt</span> <span class='ocrx_word' id='word_1_210' title='bbox 2136 1869 2255 1943; x_wconf 86' lang='lat' dir='ltr'>lectio·</span> 
     </span>
     <span class='ocr_line' id='line_1_17' title="bbox 223 1922 2254 2064; baseline 0 -20"><span class='ocrx_word' id='word_1_211' title='bbox 223 1985 264 2044; x_wconf 92' lang='lat' dir='ltr'>ut</span> <span class='ocrx_word' id='word_1_212' title='bbox 295 1971 412 2042; x_wconf 88' lang='lat' dir='ltr'>studia</span> <span class='ocrx_word' id='word_1_213' title='bbox 446 1966 604 2038; x_wconf 85' lang='lat' dir='ltr'>coelestis</span> <span class='ocrx_word' id='word_1_214' title='bbox 639 1969 820 2039; x_wconf 85' lang='lat' dir='ltr'>doctrinae</span> <span class='ocrx_word' id='word_1_215' title='bbox 850 1937 1030 2056; x_wconf 79' lang='lat' dir='ltr'>colantur,</span> <span class='ocrx_word' id='word_1_216' title='bbox 1069 1922 1211 2042; x_wconf 87' lang='lat' dir='ltr'>credite.</span> <span class='ocrx_word' id='word_1_217' title='bbox 1264 1991 1365 2055; x_wconf 90' lang='lat' dir='ltr'>nem,</span> <span class='ocrx_word' id='word_1_218' title='bbox 1391 1969 1522 2064; x_wconf 86' lang='lat' dir='ltr'>quibus</span> <span class='ocrx_word' id='word_1_219' title='bbox 1539 1970 1676 2040; x_wconf 90' lang='lat' dir='ltr'>moveri</span> <span class='ocrx_word' id='word_1_220' title='bbox 1698 1975 1823 2042; x_wconf 83' lang='lat' dir='ltr'>omnes</span> <span class='ocrx_word' id='word_1_221' title='bbox 1837 1973 1982 2043; x_wconf 89' lang='lat' dir='ltr'>debent.</span> <span class='ocrx_word' id='word_1_222' title='bbox 2031 1970 2254 2044; x_wconf 85' lang='lat' dir='ltr'>Moveatau·</span> 
     </span>
     <span class='ocr_line' id='line_1_18' title="bbox 224 2065 2255 2164; baseline 0 -20"><span class='ocrx_word' id='word_1_223' title='bbox 224 2071 350 2145; x_wconf 82' lang='lat' dir='ltr'>Servat</span> <span class='ocrx_word' id='word_1_224' title='bbox 364 2067 450 2140; x_wconf 90' lang='lat' dir='ltr'>haec</span> <span class='ocrx_word' id='word_1_225' title='bbox 465 2069 596 2162; x_wconf 91' lang='lat' dir='ltr'>oppida</span> <span class='ocrx_word' id='word_1_226' title='bbox 610 2065 724 2151; x_wconf 87' lang='lat' dir='ltr'>Deua,</span> <span class='ocrx_word' id='word_1_227' title='bbox 742 2089 826 2140; x_wconf 63' lang='lat' dir='ltr'>‘non</span> <span class='ocrx_word' id='word_1_228' title='bbox 838 2083 881 2141; x_wconf 92' lang='lat' dir='ltr'>nt</span> <span class='ocrx_word' id='word_1_229' title='bbox 895 2071 967 2142; x_wconf 89' lang='lat' dir='ltr'>sint</span> <span class='ocrx_word' id='word_1_230' title='bbox 979 2071 1214 2164; x_wconf 89' lang='lat' dir='ltr'>voluptatum,</span> <span class='ocrx_word' id='word_1_231' title='bbox 1264 2081 1336 2140; x_wconf 88' lang='lat' dir='ltr'>tam</span> <span class='ocrx_word' id='word_1_232' title='bbox 1366 2092 1430 2142; x_wconf 86' lang='lat' dir='ltr'>voa</span> <span class='ocrx_word' id='word_1_233' title='bbox 1457 2083 1492 2141; x_wconf 91' lang='lat' dir='ltr'>et</span> <span class='ocrx_word' id='word_1_234' title='bbox 1520 2071 1687 2161; x_wconf 84' lang='lat' dir='ltr'>cogitatio</span> <span class='ocrx_word' id='word_1_235' title='bbox 1717 2071 1763 2141; x_wconf 87' lang='lat' dir='ltr'>dc</span> <span class='ocrx_word' id='word_1_236' title='bbox 1790 2072 1926 2162; x_wconf 91' lang='lat' dir='ltr'>duplici</span> <span class='ocrx_word' id='word_1_237' title='bbox 1955 2073 2094 2160; x_wconf 79' lang='lat' dir='ltr'>fructu,</span> <span class='ocrx_word' id='word_1_238' title='bbox 2127 2073 2255 2144; x_wconf 87' lang='lat' dir='ltr'>scilicet</span> 
     </span>
     <span class='ocr_line' id='line_1_19' title="bbox 223 2170 2254 2266; baseline 0 -22"><span class='ocrx_word' id='word_1_239' title='bbox 223 2175 346 2258; x_wconf 81' lang='lat' dir='ltr'>luxus,</span> <span class='ocrx_word' id='word_1_240' title='bbox 377 2171 543 2240; x_wconf 86' lang='lat' dir='ltr'>avaritiae</span> <span class='ocrx_word' id='word_1_241' title='bbox 566 2181 600 2240; x_wconf 91' lang='lat' dir='ltr'>et</span> <span class='ocrx_word' id='word_1_242' title='bbox 628 2170 779 2241; x_wconf 88' lang='lat' dir='ltr'>aliarum</span> <span class='ocrx_word' id='word_1_243' title='bbox 803 2171 1039 2266; x_wconf 89' lang='lat' dir='ltr'>cupiditatum</span> <span class='ocrx_word' id='word_1_244' title='bbox 1070 2173 1213 2254; x_wconf 91' lang='lat' dir='ltr'>cubilia,</span> <span class='ocrx_word' id='word_1_245' title='bbox 1266 2171 1410 2262; x_wconf 91' lang='lat' dir='ltr'>publico</span> <span class='ocrx_word' id='word_1_246' title='bbox 1431 2185 1465 2242; x_wconf 90' lang='lat' dir='ltr'>et</span> <span class='ocrx_word' id='word_1_247' title='bbox 1487 2171 1637 2262; x_wconf 90' lang='lat' dir='ltr'>privato.</span> <span class='ocrx_word' id='word_1_248' title='bbox 1696 2170 1737 2242; x_wconf 89' lang='lat' dir='ltr'>Si</span> <span class='ocrx_word' id='word_1_249' title='bbox 1757 2172 1957 2262; x_wconf 86' lang='lat' dir='ltr'>negligatur</span> <span class='ocrx_word' id='word_1_250' title='bbox 1976 2173 2101 2264; x_wconf 88' lang='lat' dir='ltr'>lectio,</span> <span class='ocrx_word' id='word_1_251' title='bbox 2135 2187 2172 2246; x_wconf 89' lang='lat' dir='ltr'>et</span> <span class='ocrx_word' id='word_1_252' title='bbox 2186 2195 2254 2244; x_wconf 91' lang='lat' dir='ltr'>non</span> 
     </span>
     <span class='ocr_line' id='line_1_20' title="bbox 225 2270 2253 2367; baseline 0 -22"><span class='ocrx_word' id='word_1_253' title='bbox 225 2276 287 2345; x_wconf 90' lang='lat' dir='ltr'>sed</span> <span class='ocrx_word' id='word_1_254' title='bbox 299 2287 339 2345; x_wconf 89' lang='lat' dir='ltr'>ut</span> <span class='ocrx_word' id='word_1_255' title='bbox 354 2271 426 2344; x_wconf 91' lang='lat' dir='ltr'>sint</span> <span class='ocrx_word' id='word_1_256' title='bbox 441 2270 623 2344; x_wconf 90' lang='lat' dir='ltr'>doctrinae</span> <span class='ocrx_word' id='word_1_257' title='bbox 648 2271 887 2346; x_wconf 85' lang='lat' dir='ltr'>invocationis</span> <span class='ocrx_word' id='word_1_258' title='bbox 910 2287 947 2347; x_wconf 89' lang='lat' dir='ltr'>et</span> <span class='ocrx_word' id='word_1_259' title='bbox 967 2274 1214 2347; x_wconf 89' lang='lat' dir='ltr'>celebrationis</span> <span class='ocrx_word' id='word_1_260' title='bbox 1265 2272 1404 2344; x_wconf 90' lang='lat' dir='ltr'>discant</span> <span class='ocrx_word' id='word_1_261' title='bbox 1431 2274 1593 2346; x_wconf 89' lang='lat' dir='ltr'>doctores</span> <span class='ocrx_word' id='word_1_262' title='bbox 1622 2271 1780 2358; x_wconf 88' lang='lat' dir='ltr'>assidue,</span> <span class='ocrx_word' id='word_1_263' title='bbox 1811 2273 2047 2345; x_wconf 88' lang='lat' dir='ltr'>ministerium</span> <span class='ocrx_word' id='word_1_264' title='bbox 2072 2273 2253 2367; x_wconf 88' lang='lat' dir='ltr'>publicum</span> 
     </span>
     <span class='ocr_line' id='line_1_21' title="bbox 224 2371 2252 2469; baseline -0.002 -19"><span class='ocrx_word' id='word_1_265' title='bbox 224 2375 292 2450; x_wconf 88' lang='lat' dir='ltr'>Dei</span> <span class='ocrx_word' id='word_1_266' title='bbox 308 2373 500 2447; x_wconf 88' lang='lat' dir='ltr'>domicilia.</span> <span class='ocrx_word' id='word_1_267' title='bbox 1266 2373 1501 2464; x_wconf 79' lang='lat' dir='ltr'>extinguitur,</span> <span class='ocrx_word' id='word_1_268' title='bbox 1535 2371 1635 2444; x_wconf 89' lang='lat' dir='ltr'>cuius</span> <span class='ocrx_word' id='word_1_269' title='bbox 1661 2373 1846 2444; x_wconf 90' lang='lat' dir='ltr'>interitum</span> <span class='ocrx_word' id='word_1_270' title='bbox 1875 2387 2075 2469; x_wconf 87' lang='lat' dir='ltr'>sequuntur</span> <span class='ocrx_word' id='word_1_271' title='bbox 2095 2389 2252 2447; x_wconf 84' lang='lat' dir='ltr'>aeternae</span> 
     </span>
     <span class='ocr_line' id='line_1_22' title="bbox 328 2470 2306 2567; baseline -0.001 -20"><span class='ocrx_word' id='word_1_272' title='bbox 328 2470 383 2548; x_wconf 77' lang='lat' dir='ltr'>Ae</span> <span class='ocrx_word' id='word_1_273' title='bbox 404 2497 549 2566; x_wconf 87' lang='lat' dir='ltr'>prorsus</span> <span class='ocrx_word' id='word_1_274' title='bbox 570 2495 650 2545; x_wconf 91' lang='lat' dir='ltr'>curn</span> <span class='ocrx_word' id='word_1_275' title='bbox 666 2473 769 2546; x_wconf 88' lang='lat' dir='ltr'>Pauli</span> <span class='ocrx_word' id='word_1_276' title='bbox 787 2473 958 2546; x_wconf 88' lang='lat' dir='ltr'>concione</span> <span class='ocrx_word' id='word_1_277' title='bbox 979 2475 1144 2567; x_wconf 88' lang='lat' dir='ltr'>congruit</span> <span class='ocrx_word' id='word_1_278' title='bbox 1158 2476 1215 2546; x_wconf 91' lang='lat' dir='ltr'>di·</span> <span class='ocrx_word' id='word_1_279' title='bbox 1266 2495 1417 2566; x_wconf 70' lang='lat' dir='ltr'>poenm,</span> <span class='ocrx_word' id='word_1_280' title='bbox 1441 2489 1476 2546; x_wconf 92' lang='lat' dir='ltr'>ct</span> <span class='ocrx_word' id='word_1_281' title='bbox 1498 2475 1632 2544; x_wconf 85' lang='lat' dir='ltr'>excidia</span> <span class='ocrx_word' id='word_1_282' title='bbox 1648 2473 1897 2546; x_wconf 84' lang='lat' dir='ltr'>universarum</span> <span class='ocrx_word' id='word_1_283' title='bbox 1921 2475 2099 2566; x_wconf 90' lang='lat' dir='ltr'>gentium,</span> <span class='ocrx_word' id='word_1_284' title='bbox 2125 2491 2167 2548; x_wconf 92' lang='lat' dir='ltr'>nt</span> <span class='ocrx_word' id='word_1_285' title='bbox 2183 2474 2254 2546; x_wconf 87' lang='lat' dir='ltr'>llo·</span> <span class='ocrx_word' id='word_1_286' title='bbox 2305 2503 2306 2508; x_wconf 44' lang='lat'>¹</span> 
     </span>
     <span class='ocr_line' id='line_1_23' title="bbox 226 2570 2254 2670; baseline 0 -22"><span class='ocrx_word' id='word_1_287' title='bbox 226 2590 321 2650; x_wconf 88' lang='lat' dir='ltr'>ctum</span> <span class='ocrx_word' id='word_1_288' title='bbox 339 2570 492 2656; x_wconf 84' lang='lat' dir='ltr'>Christi,</span> <span class='ocrx_word' id='word_1_289' title='bbox 518 2576 614 2670; x_wconf 89' lang='lat' dir='ltr'>quod</span> <span class='ocrx_word' id='word_1_290' title='bbox 636 2587 729 2646; x_wconf 84' lang='lat' dir='ltr'>estat</span> <span class='ocrx_word' id='word_1_291' title='bbox 745 2577 840 2667; x_wconf 91' lang='lat' dir='ltr'>apud</span> <span class='ocrx_word' id='word_1_292' title='bbox 857 2573 1025 2648; x_wconf 88' lang='lat' dir='ltr'>loannem</span> <span class='ocrx_word' id='word_1_293' title='bbox 1048 2578 1087 2646; x_wconf 93' lang='lat' dir='ltr'>in</span> <span class='ocrx_word' id='word_1_294' title='bbox 1102 2577 1215 2670; x_wconf 89' lang='lat' dir='ltr'>capite</span> <span class='ocrx_word' id='word_1_295' title='bbox 1266 2573 1390 2648; x_wconf 78' lang='lat' dir='ltr'>secet.</span> <span class='ocrx_word' id='word_1_296' title='bbox 1406 2575 1553 2648; x_wconf 81' lang='lat' dir='ltr'>dicitnr:</span> <span class='ocrx_word' id='word_1_297' title='bbox 1576 2571 1671 2664; x_wconf 87' lang='lat' dir='ltr'>Quia</span> <span class='ocrx_word' id='word_1_298' title='bbox 1685 2588 1726 2646; x_wconf 91' lang='lat' dir='ltr'>tu</span> <span class='ocrx_word' id='word_1_299' title='bbox 1741 2576 1924 2648; x_wconf 88' lang='lat' dir='ltr'>scientiam</span> <span class='ocrx_word' id='word_1_300' title='bbox 1935 2577 2121 2668; x_wconf 88' lang='lat' dir='ltr'>repulisti,</span> <span class='ocrx_word' id='word_1_301' title='bbox 2145 2577 2254 2669; x_wconf 82' lang='lat' dir='ltr'>repel-</span> 
     </span>
     <span class='ocr_line' id='line_1_24' title="bbox 226 2673 2253 2773; baseline -0 -25"><span class='ocrx_word' id='word_1_302' title='bbox 226 2691 353 2773; x_wconf 87' lang='lat' dir='ltr'>quarto</span> <span class='ocrx_word' id='word_1_303' title='bbox 384 2677 539 2748; x_wconf 91' lang='lat' dir='ltr'>decimo:</span> <span class='ocrx_word' id='word_1_304' title='bbox 576 2674 617 2748; x_wconf 87' lang='lat' dir='ltr'>Si</span> <span class='ocrx_word' id='word_1_305' title='bbox 652 2677 732 2769; x_wconf 89' lang='lat' dir='ltr'>quis</span> <span class='ocrx_word' id='word_1_306' title='bbox 764 2675 882 2768; x_wconf 87' lang='lat' dir='ltr'>diligit</span> <span class='ocrx_word' id='word_1_307' title='bbox 902 2701 976 2764; x_wconf 91' lang='lat' dir='ltr'>me,</span> <span class='ocrx_word' id='word_1_308' title='bbox 1014 2701 1214 2756; x_wconf 85' lang='lat' dir='ltr'>sermonem</span> <span class='ocrx_word' id='word_1_309' title='bbox 1266 2675 1336 2745; x_wconf 91' lang='lat' dir='ltr'>lam</span> <span class='ocrx_word' id='word_1_310' title='bbox 1360 2689 1415 2763; x_wconf 90' lang='lat' dir='ltr'>te,</span> <span class='ocrx_word' id='word_1_311' title='bbox 1447 2699 1493 2746; x_wconf 93' lang='lat' dir='ltr'>ne</span> <span class='ocrx_word' id='word_1_312' title='bbox 1515 2675 1712 2748; x_wconf 88' lang='lat' dir='ltr'>sacerdotio</span> <span class='ocrx_word' id='word_1_313' title='bbox 1728 2677 1886 2767; x_wconf 82' lang='lat' dir='ltr'>iungaris</span> <span class='ocrx_word' id='word_1_314' title='bbox 1907 2673 2010 2752; x_wconf 89' lang='lat' dir='ltr'>mibi.</span> <span class='ocrx_word' id='word_1_315' title='bbox 2061 2675 2118 2749; x_wconf 87' lang='lat' dir='ltr'>lta</span> <span class='ocrx_word' id='word_1_316' title='bbox 2132 2679 2253 2748; x_wconf 89' lang='lat' dir='ltr'>reiecta</span> 
     </span>
     <span class='ocr_line' id='line_1_25' title="bbox 226 2773 2252 2870; baseline -0.002 -20"><span class='ocrx_word' id='word_1_317' title='bbox 226 2803 347 2850; x_wconf 89' lang='lat' dir='ltr'>meum</span> <span class='ocrx_word' id='word_1_318' title='bbox 368 2778 536 2864; x_wconf 89' lang='lat' dir='ltr'>servabit,</span> <span class='ocrx_word' id='word_1_319' title='bbox 561 2789 597 2847; x_wconf 87' lang='lat' dir='ltr'>et</span> <span class='ocrx_word' id='word_1_320' title='bbox 610 2775 717 2848; x_wconf 88' lang='lat' dir='ltr'>Pater</span> <span class='ocrx_word' id='word_1_321' title='bbox 731 2800 831 2850; x_wconf 90' lang='lat' dir='ltr'>meus</span> <span class='ocrx_word' id='word_1_322' title='bbox 847 2775 972 2870; x_wconf 87' lang='lat' dir='ltr'>diliget</span> <span class='ocrx_word' id='word_1_323' title='bbox 987 2803 1086 2866; x_wconf 89' lang='lat' dir='ltr'>eum,</span> <span class='ocrx_word' id='word_1_324' title='bbox 1108 2793 1148 2852; x_wconf 91' lang='grc' dir='ltr'>ιι</span> <span class='ocrx_word' id='word_1_325' title='bbox 1170 2781 1215 2852; x_wconf 90' lang='lat' dir='ltr'>ad</span> <span class='ocrx_word' id='word_1_326' title='bbox 1267 2791 1320 2848; x_wconf 89' lang='lat' dir='ltr'>cst</span> <span class='ocrx_word' id='word_1_327' title='bbox 1341 2778 1456 2848; x_wconf 88' lang='lat' dir='ltr'>tribus</span> <span class='ocrx_word' id='word_1_328' title='bbox 1475 2777 1628 2849; x_wconf 85' lang='lat' dir='ltr'>levitica.</span> <span class='ocrx_word' id='word_1_329' title='bbox 1692 2776 1754 2850; x_wconf 82' lang='lat' dir='ltr'>Sic</span> <span class='ocrx_word' id='word_1_330' title='bbox 1774 2777 1895 2848; x_wconf 91' lang='lat' dir='ltr'>reiecti</span> <span class='ocrx_word' id='word_1_331' title='bbox 1917 2791 2002 2850; x_wconf 89' lang='lat' dir='ltr'>sunt</span> <span class='ocrx_word' id='word_1_332' title='bbox 2017 2773 2057 2848; x_wconf 92' lang='lat' dir='ltr'>in</span> <span class='ocrx_word' id='word_1_333' title='bbox 2071 2778 2156 2848; x_wconf 91' lang='lat' dir='ltr'>aliis</span> <span class='ocrx_word' id='word_1_334' title='bbox 2175 2777 2252 2848; x_wconf 91' lang='lat' dir='ltr'>locis</span> 
     </span>
     <span class='ocr_line' id='line_1_26' title="bbox 224 2873 2306 2972; baseline -0.002 -20"><span class='ocrx_word' id='word_1_335' title='bbox 224 2904 308 2952; x_wconf 92' lang='lat' dir='ltr'>cum</span> <span class='ocrx_word' id='word_1_336' title='bbox 321 2903 506 2952; x_wconf 75' lang='lat' dir='ltr'>veniemus</span> <span class='ocrx_word' id='word_1_337' title='bbox 523 2891 558 2950; x_wconf 91' lang='lat' dir='ltr'>et</span> <span class='ocrx_word' id='word_1_338' title='bbox 570 2901 791 2949; x_wconf 75' lang='lat' dir='ltr'>mansionem</span> <span class='ocrx_word' id='word_1_339' title='bbox 806 2881 899 2972; x_wconf 89' lang='lat' dir='ltr'>apud</span> <span class='ocrx_word' id='word_1_340' title='bbox 916 2903 997 2951; x_wconf 90' lang='lat' dir='ltr'>eum</span> <span class='ocrx_word' id='word_1_341' title='bbox 1011 2882 1192 2956; x_wconf 83' lang='lat' dir='ltr'>faciemus.</span> <span class='ocrx_word' id='word_1_342' title='bbox 1267 2891 1388 2970; x_wconf 85' lang='lat' dir='ltr'>postea</span> <span class='ocrx_word' id='word_1_343' title='bbox 1415 2879 1535 2969; x_wconf 89' lang='lat' dir='ltr'>ignavi</span> <span class='ocrx_word' id='word_1_344' title='bbox 1560 2873 1744 2970; x_wconf 84' lang='lat' dir='ltr'>Episcopi.</span> <span class='ocrx_word' id='word_1_345' title='bbox 1807 2877 1938 2950; x_wconf 88' lang='lat' dir='ltr'>Puniet</span> <span class='ocrx_word' id='word_1_346' title='bbox 1968 2879 2078 2969; x_wconf 88' lang='lat' dir='ltr'>igitur</span> <span class='ocrx_word' id='word_1_347' title='bbox 2097 2875 2198 2951; x_wconf 85' lang='lat' dir='ltr'>Deus</span> <span class='ocrx_word' id='word_1_348' title='bbox 2224 2891 2252 2948; x_wconf 89' lang='lat' dir='ltr'>et</span> <span class='ocrx_word' id='word_1_349' title='bbox 2305 2953 2306 2958; x_wconf 64' lang='lat'>,</span> 
     </span>
     <span class='ocr_line' id='line_1_27' title="bbox 138 2969 2306 3072; baseline -0 -22"><span class='ocrx_word' id='word_1_350' title='bbox 138 2983 141 2988; x_wconf 84' lang='lat'>&#39;</span> <span class='ocrx_word' id='word_1_351' title='bbox 329 2978 374 3050; x_wconf 92' lang='lat' dir='ltr'>ln</span> <span class='ocrx_word' id='word_1_352' title='bbox 390 2976 455 3052; x_wconf 90' lang='lat' dir='ltr'>hac</span> <span class='ocrx_word' id='word_1_353' title='bbox 470 2980 673 3051; x_wconf 89' lang='lat' dir='ltr'>dulcissima</span> <span class='ocrx_word' id='word_1_354' title='bbox 687 2979 858 3050; x_wconf 91' lang='lat' dir='ltr'>concione</span> <span class='ocrx_word' id='word_1_355' title='bbox 873 2981 968 3052; x_wconf 89' lang='lat' dir='ltr'>lilius</span> <span class='ocrx_word' id='word_1_356' title='bbox 982 2979 1051 3052; x_wconf 89' lang='lat' dir='ltr'>Dei</span> <span class='ocrx_word' id='word_1_357' title='bbox 1066 3005 1141 3054; x_wconf 91' lang='lat' dir='ltr'>non</span> <span class='ocrx_word' id='word_1_358' title='bbox 1157 3005 1215 3052; x_wconf 91' lang='lat' dir='ltr'>so-</span> <span class='ocrx_word' id='word_1_359' title='bbox 1267 2993 1406 3050; x_wconf 89' lang='lat' dir='ltr'>nostras</span> <span class='ocrx_word' id='word_1_360' title='bbox 1427 2979 1606 3070; x_wconf 88' lang='lat' dir='ltr'>regiones,</span> <span class='ocrx_word' id='word_1_361' title='bbox 1639 2977 1669 3048; x_wconf 87' lang='lat' dir='ltr'>si</span> <span class='ocrx_word' id='word_1_362' title='bbox 1691 3001 1756 3070; x_wconf 91' lang='lat' dir='ltr'>per</span> <span class='ocrx_word' id='word_1_363' title='bbox 1775 2969 1970 3069; x_wconf 89' lang='lat' dir='ltr'>ignaviam,</span> <span class='ocrx_word' id='word_1_364' title='bbox 1999 2978 2032 3049; x_wconf 91' lang='lat' dir='ltr'>si</span> <span class='ocrx_word' id='word_1_365' title='bbox 2052 2993 2252 3072; x_wconf 87' lang='lat' dir='ltr'>contemptu</span> <span class='ocrx_word' id='word_1_366' title='bbox 2305 2981 2306 3068; x_wconf 62' lang='grc' dir='ltr'>ἶ</span> 
     </span>
     <span class='ocr_line' id='line_1_28' title="bbox 227 3078 2251 3174; baseline -0.001 -22"><span class='ocrx_word' id='word_1_367' title='bbox 227 3083 303 3154; x_wconf 91' lang='lat' dir='ltr'>lum</span> <span class='ocrx_word' id='word_1_368' title='bbox 324 3081 512 3174; x_wconf 82' lang='lat' dir='ltr'>praecipit,</span> <span class='ocrx_word' id='word_1_369' title='bbox 541 3095 583 3152; x_wconf 89' lang='lat' dir='ltr'>ut</span> <span class='ocrx_word' id='word_1_370' title='bbox 607 3081 790 3152; x_wconf 87' lang='lat' dir='ltr'>doctrinae</span> <span class='ocrx_word' id='word_1_371' title='bbox 814 3083 1028 3153; x_wconf 90' lang='lat' dir='ltr'>custodes</span> <span class='ocrx_word' id='word_1_372' title='bbox 999 3105 1129 3168; x_wconf 84' lang='lat' dir='ltr'>armus,</span> <span class='ocrx_word' id='word_1_373' title='bbox 1152 3083 1213 3154; x_wconf 88' lang='lat' dir='ltr'>sed</span> <span class='ocrx_word' id='word_1_374' title='bbox 1266 3081 1451 3151; x_wconf 90' lang='lat' dir='ltr'>doctrinae</span> <span class='ocrx_word' id='word_1_375' title='bbox 1485 3093 1520 3152; x_wconf 89' lang='grc' dir='ltr'>ιι</span> <span class='ocrx_word' id='word_1_376' title='bbox 1556 3078 1682 3150; x_wconf 91' lang='lat' dir='ltr'>iudicii</span> <span class='ocrx_word' id='word_1_377' title='bbox 1714 3079 1831 3150; x_wconf 91' lang='lat' dir='ltr'>divini</span> <span class='ocrx_word' id='word_1_378' title='bbox 1856 3079 2046 3152; x_wconf 87' lang='lat' dir='ltr'>lectionem</span> <span class='ocrx_word' id='word_1_379' title='bbox 2074 3101 2251 3152; x_wconf 83' lang='lat' dir='ltr'>sacrorum</span> 
     </span>
     <span class='ocr_line' id='line_1_29' title="bbox 229 3179 2306 3276; baseline -0.002 -22"><span class='ocrx_word' id='word_1_380' title='bbox 229 3183 335 3254; x_wconf 92' lang='lat' dir='ltr'>etiam</span> <span class='ocrx_word' id='word_1_381' title='bbox 356 3183 455 3254; x_wconf 85' lang='lat' dir='ltr'>addit</span> <span class='ocrx_word' id='word_1_382' title='bbox 478 3181 748 3274; x_wconf 86' lang='lat' dir='ltr'>promissionem</span> <span class='ocrx_word' id='word_1_383' title='bbox 769 3181 1042 3276; x_wconf 84' lang='lat' dir='ltr'>amplissimam,</span> <span class='ocrx_word' id='word_1_384' title='bbox 1071 3185 1215 3274; x_wconf 82' lang='lat' dir='ltr'>diligis</span> <span class='ocrx_word' id='word_1_385' title='bbox 1268 3183 1443 3253; x_wconf 88' lang='lat' dir='ltr'>librorum</span> <span class='ocrx_word' id='word_1_386' title='bbox 1462 3181 1681 3260; x_wconf 87' lang='lat' dir='ltr'>abiiciesnus.</span> <span class='ocrx_word' id='word_1_387' title='bbox 1740 3180 1848 3270; x_wconf 89' lang='lat' dir='ltr'>Quod</span> <span class='ocrx_word' id='word_1_388' title='bbox 1870 3203 1916 3252; x_wconf 90' lang='lat' dir='ltr'>ne</span> <span class='ocrx_word' id='word_1_389' title='bbox 1935 3181 2024 3267; x_wconf 86' lang='lat' dir='ltr'>liat,</span> <span class='ocrx_word' id='word_1_390' title='bbox 2043 3179 2252 3273; x_wconf 86' lang='lat' dir='ltr'>singolinos</span> <span class='ocrx_word' id='word_1_391' title='bbox 2305 3183 2306 3248; x_wconf 82' lang='lat' dir='ltr'>l</span> 
     </span>
     <span class='ocr_line' id='line_1_30' title="bbox 227 3278 2306 3408; baseline -0.002 -52"><span class='ocrx_word' id='word_1_392' title='bbox 227 3283 305 3356; x_wconf 90' lang='lat' dir='ltr'>Deo</span> <span class='ocrx_word' id='word_1_393' title='bbox 329 3278 438 3354; x_wconf 90' lang='lat' dir='ltr'>huius</span> <span class='ocrx_word' id='word_1_394' title='bbox 462 3283 643 3354; x_wconf 91' lang='lat' dir='ltr'>doctrinae</span> <span class='ocrx_word' id='word_1_395' title='bbox 668 3285 848 3372; x_wconf 87' lang='lat' dir='ltr'>custodes,</span> <span class='ocrx_word' id='word_1_396' title='bbox 872 3307 1001 3379; x_wconf 86' lang='lat' dir='ltr'>eosque</span> <span class='ocrx_word' id='word_1_397' title='bbox 1017 3282 1083 3356; x_wconf 92' lang='lat' dir='ltr'>Dei</span> <span class='ocrx_word' id='word_1_398' title='bbox 1100 3285 1216 3357; x_wconf 88' lang='lat' dir='ltr'>domi·</span> <span class='ocrx_word' id='word_1_399' title='bbox 1267 3284 1363 3376; x_wconf 85' lang='lat' dir='ltr'>ipsos</span> <span class='ocrx_word' id='word_1_400' title='bbox 1382 3281 1594 3373; x_wconf 88' lang='lat' dir='ltr'>cogitatione</span> <span class='ocrx_word' id='word_1_401' title='bbox 1618 3282 1866 3354; x_wconf 88' lang='lat' dir='ltr'>mandatorum</span> <span class='ocrx_word' id='word_1_402' title='bbox 1887 3281 1972 3368; x_wconf 89' lang='lat' dir='ltr'>Dei,</span> <span class='ocrx_word' id='word_1_403' title='bbox 2003 3303 2201 3373; x_wconf 83' lang='lat' dir='ltr'>paenarum</span> <span class='ocrx_word' id='word_1_404' title='bbox 2222 3285 2306 3351; x_wconf 87' lang='lat' dir='ltr'>et</span> <span class='ocrx_word' id='word_1_405' title='bbox 2305 3329 2306 3408; x_wconf 46' lang='lat' dir='ltr'>p</span> 
     </span>
     <span class='ocr_line' id='line_1_31' title="bbox 230 3377 2306 3505; baseline -0.003 -48"><span class='ocrx_word' id='word_1_406' title='bbox 230 3384 352 3457; x_wconf 90' lang='lat' dir='ltr'>cilium</span> <span class='ocrx_word' id='word_1_407' title='bbox 370 3407 453 3459; x_wconf 87' lang='lat' dir='ltr'>esse.</span> <span class='ocrx_word' id='word_1_408' title='bbox 504 3382 628 3478; x_wconf 87' lang='lat' dir='ltr'>Neque</span> <span class='ocrx_word' id='word_1_409' title='bbox 641 3383 806 3475; x_wconf 88' lang='lat' dir='ltr'>cogitari,</span> <span class='ocrx_word' id='word_1_410' title='bbox 829 3408 944 3480; x_wconf 82' lang='lat' dir='ltr'>neque</span> <span class='ocrx_word' id='word_1_411' title='bbox 959 3387 1072 3479; x_wconf 81' lang='lat' dir='ltr'>expeti</span> <span class='ocrx_word' id='word_1_412' title='bbox 1089 3388 1217 3458; x_wconf 88' lang='lat' dir='ltr'>melius</span> <span class='ocrx_word' id='word_1_413' title='bbox 1268 3385 1573 3505; x_wconf 47' lang='lat' dir='ltr'>praemiorumad·</span> <span class='ocrx_word' id='word_1_414' title='bbox 1579 3377 1800 3473; x_wconf 81' lang='lat' dir='ltr'>diligentiam</span> <span class='ocrx_word' id='word_1_415' title='bbox 1817 3381 2061 3454; x_wconf 84' lang='lat' dir='ltr'>exuscitemns.</span> <span class='ocrx_word' id='word_1_416' title='bbox 2117 3381 2252 3454; x_wconf 88' lang='lat' dir='ltr'>lntinita</span> <span class='ocrx_word' id='word_1_417' title='bbox 2305 3423 2306 3468; x_wconf 58' lang='lat'>;</span> 
     </span>
     <span class='ocr_line' id='line_1_32' title="bbox 230 3477 2306 3582; baseline -0.003 -24"><span class='ocrx_word' id='word_1_418' title='bbox 230 3486 419 3582; x_wconf 88' lang='lat' dir='ltr'>quicquam</span> <span class='ocrx_word' id='word_1_419' title='bbox 436 3498 569 3578; x_wconf 89' lang='lat' dir='ltr'>potest,</span> <span class='ocrx_word' id='word_1_420' title='bbox 592 3509 706 3581; x_wconf 89' lang='lat' dir='ltr'>neque</span> <span class='ocrx_word' id='word_1_421' title='bbox 718 3511 906 3582; x_wconf 72' lang='lat' dir='ltr'>quicquam</span> <span class='ocrx_word' id='word_1_422' title='bbox 921 3509 996 3558; x_wconf 85' lang='lat' dir='ltr'>ease</span> <span class='ocrx_word' id='word_1_423' title='bbox 1008 3489 1134 3558; x_wconf 89' lang='lat' dir='ltr'>melius</span> <span class='ocrx_word' id='word_1_424' title='bbox 1148 3489 1216 3559; x_wconf 92' lang='lat' dir='ltr'>ulli</span> <span class='ocrx_word' id='word_1_425' title='bbox 1267 3488 1313 3556; x_wconf 87' lang='lat' dir='ltr'>dc</span> <span class='ocrx_word' id='word_1_426' title='bbox 1335 3478 1401 3556; x_wconf 86' lang='lat' dir='ltr'>hac</span> <span class='ocrx_word' id='word_1_427' title='bbox 1421 3509 1460 3556; x_wconf 90' lang='lat' dir='ltr'>re</span> <span class='ocrx_word' id='word_1_428' title='bbox 1481 3484 1598 3556; x_wconf 89' lang='lat' dir='ltr'>oratio</span> <span class='ocrx_word' id='word_1_429' title='bbox 1626 3505 1700 3554; x_wconf 86' lang='lat' dir='ltr'>ease</span> <span class='ocrx_word' id='word_1_430' title='bbox 1725 3497 1859 3576; x_wconf 76' lang='lat' dir='ltr'>possete</span> <span class='ocrx_word' id='word_1_431' title='bbox 1887 3483 1950 3554; x_wconf 91' lang='lat' dir='ltr'>aed</span> <span class='ocrx_word' id='word_1_432' title='bbox 1975 3482 2059 3578; x_wconf 86' lang='lat' dir='ltr'>quia</span> <span class='ocrx_word' id='word_1_433' title='bbox 2078 3477 2194 3556; x_wconf 84' lang='lat' dir='ltr'>laaec&#39;</span> <span class='ocrx_word' id='word_1_434' title='bbox 2183 3503 2251 3576; x_wconf 87' lang='lat' dir='ltr'>apsa</span> <span class='ocrx_word' id='word_1_435' title='bbox 2305 3507 2306 3552; x_wconf 76' lang='lat' dir='ltr'>t</span> 
     </span>
     <span class='ocr_line' id='line_1_33' title="bbox 231 3583 2306 3683; baseline 0 -25"><span class='ocrx_word' id='word_1_436' title='bbox 231 3601 410 3660; x_wconf 89' lang='lat' dir='ltr'>creaturae</span> <span class='ocrx_word' id='word_1_437' title='bbox 427 3599 562 3680; x_wconf 88' lang='lat' dir='ltr'>potest,</span> <span class='ocrx_word' id='word_1_438' title='bbox 582 3611 689 3683; x_wconf 86' lang='lat' dir='ltr'>quam</span> <span class='ocrx_word' id='word_1_439' title='bbox 712 3587 790 3658; x_wconf 86' lang='lat' dir='ltr'>fieri</span> <span class='ocrx_word' id='word_1_440' title='bbox 803 3611 880 3659; x_wconf 91' lang='lat' dir='ltr'>eam</span> <span class='ocrx_word' id='word_1_441' title='bbox 898 3583 965 3659; x_wconf 90' lang='lat' dir='ltr'>Dei</span> <span class='ocrx_word' id='word_1_442' title='bbox 984 3590 1217 3664; x_wconf 82' lang='lat' dir='ltr'>domicilium.</span> <span class='ocrx_word' id='word_1_443' title='bbox 1267 3587 1560 3658; x_wconf 78' lang='lat' dir='ltr'>commonefactio</span> <span class='ocrx_word' id='word_1_444' title='bbox 1582 3607 1685 3677; x_wconf 87' lang='lat' dir='ltr'>saepe</span> <span class='ocrx_word' id='word_1_445' title='bbox 1714 3585 1887 3676; x_wconf 89' lang='lat' dir='ltr'>repetitur</span> <span class='ocrx_word' id='word_1_446' title='bbox 1913 3583 1960 3656; x_wconf 89' lang='lat' dir='ltr'>ab</span> <span class='ocrx_word' id='word_1_447' title='bbox 1985 3584 2088 3672; x_wconf 88' lang='lat' dir='ltr'>aliis,</span> <span class='ocrx_word' id='word_1_448' title='bbox 2126 3598 2164 3658; x_wconf 85' lang='lat' dir='ltr'>et</span> <span class='ocrx_word' id='word_1_449' title='bbox 2192 3603 2306 3674; x_wconf 80' lang='lat' dir='ltr'>ago</span> 
     </span>
     <span class='ocr_line' id='line_1_34' title="bbox 230 3683 2306 3786; baseline 0 -27"><span class='ocrx_word' id='word_1_450' title='bbox 230 3686 334 3760; x_wconf 86' lang='lat' dir='ltr'>Hanc</span> <span class='ocrx_word' id='word_1_451' title='bbox 349 3689 618 3782; x_wconf 85' lang='lat' dir='ltr'>promissionem</span> <span class='ocrx_word' id='word_1_452' title='bbox 642 3711 773 3784; x_wconf 88' lang='lat' dir='ltr'>quaeso</span> <span class='ocrx_word' id='word_1_453' title='bbox 793 3709 896 3783; x_wconf 90' lang='lat' dir='ltr'>saepe</span> <span class='ocrx_word' id='word_1_454' title='bbox 919 3689 1104 3764; x_wconf 90' lang='lat' dir='ltr'>vobiscum</span> <span class='ocrx_word' id='word_1_455' title='bbox 1119 3689 1217 3782; x_wconf 91' lang='lat' dir='ltr'>cogi·</span> <span class='ocrx_word' id='word_1_456' title='bbox 1268 3700 1414 3781; x_wconf 89' lang='lat' dir='ltr'>propter</span> <span class='ocrx_word' id='word_1_457' title='bbox 1452 3687 1731 3760; x_wconf 86' lang='lat' dir='ltr'>imbecillitatem</span> <span class='ocrx_word' id='word_1_458' title='bbox 1759 3686 1897 3778; x_wconf 79' lang='lat' dir='ltr'>prolixa</span> <span class='ocrx_word' id='word_1_459' title='bbox 1925 3683 2071 3760; x_wconf 86' lang='lat' dir='ltr'>dicendi</span> <span class='ocrx_word' id='word_1_460' title='bbox 2098 3687 2306 3786; x_wconf 78' lang='lat' dir='ltr'>laborem</span> 
     </span>
     <span class='ocr_line' id='line_1_35' title="bbox 230 3787 1885 3887; baseline -0.001 -27"><span class='ocrx_word' id='word_1_461' title='bbox 230 3803 321 3878; x_wconf 86' lang='lat' dir='ltr'>tate,</span> <span class='ocrx_word' id='word_1_462' title='bbox 344 3805 386 3862; x_wconf 92' lang='lat' dir='ltr'>nt</span> <span class='ocrx_word' id='word_1_463' title='bbox 400 3814 464 3860; x_wconf 93' lang='lat' dir='ltr'>vos</span> <span class='ocrx_word' id='word_1_464' title='bbox 478 3792 522 3861; x_wconf 85' lang='lat' dir='ltr'>ad</span> <span class='ocrx_word' id='word_1_465' title='bbox 547 3789 814 3874; x_wconf 86' lang='lat' dir='ltr'>custodiendos,</span> <span class='ocrx_word' id='word_1_466' title='bbox 843 3791 1013 3882; x_wconf 86' lang='lat' dir='ltr'>legendos</span> <span class='ocrx_word' id='word_1_467' title='bbox 1031 3805 1065 3864; x_wconf 90' lang='grc' dir='ltr'>ιι</span> <span class='ocrx_word' id='word_1_468' title='bbox 1088 3815 1217 3887; x_wconf 87' lang='lat' dir='ltr'>propa·</span> <span class='ocrx_word' id='word_1_469' title='bbox 1268 3790 1360 3860; x_wconf 85' lang='lat' dir='ltr'>lerre</span> <span class='ocrx_word' id='word_1_470' title='bbox 1375 3813 1450 3860; x_wconf 90' lang='lat' dir='ltr'>non</span> <span class='ocrx_word' id='word_1_471' title='bbox 1465 3809 1608 3880; x_wconf 89' lang='lat' dir='ltr'>possum</span> <span class='ocrx_word' id='word_1_472' title='bbox 1614 3837 1628 3876; x_wconf 93' lang='lat'>,</span> <span class='ocrx_word' id='word_1_473' title='bbox 1651 3809 1713 3858; x_wconf 89' lang='lat' dir='ltr'>ero</span> <span class='ocrx_word' id='word_1_474' title='bbox 1729 3787 1885 3858; x_wconf 88' lang='lat' dir='ltr'>brevior.</span> 
     </span>
     <span class='ocr_line' id='line_1_36' title="bbox 230 3843 2306 3982; baseline 0 -21"><span class='ocrx_word' id='word_1_475' title='bbox 230 3843 365 3982; x_wconf 87' lang='lat' dir='ltr'>gandos</span> <span class='ocrx_word' id='word_1_476' title='bbox 382 3891 494 3962; x_wconf 89' lang='lat' dir='ltr'>libros</span> <span class='ocrx_word' id='word_1_477' title='bbox 511 3887 690 3962; x_wconf 84' lang='lat' dir='ltr'>Ecclesiae</span> <span class='ocrx_word' id='word_1_478' title='bbox 703 3891 913 3964; x_wconf 90' lang='lat' dir='ltr'>accendatis.</span> <span class='ocrx_word' id='word_1_479' title='bbox 1369 3887 1577 3962; x_wconf 81' lang='lat' dir='ltr'>Diriautem</span> <span class='ocrx_word' id='word_1_480' title='bbox 1591 3889 1636 3960; x_wconf 91' lang='lat' dir='ltr'>de</span> <span class='ocrx_word' id='word_1_481' title='bbox 1648 3889 1790 3981; x_wconf 90' lang='lat' dir='ltr'>publica</span> <span class='ocrx_word' id='word_1_482' title='bbox 1803 3887 1958 3962; x_wconf 73' lang='lat' dir='ltr'>utilitate</span> <span class='ocrx_word' id='word_1_483' title='bbox 1964 3884 2142 3972; x_wconf 84' lang='grc' dir='ltr'><strong>Ιοιιιοιιι.</strong></span> <span class='ocrx_word' id='word_1_484' title='bbox 2160 3880 2306 3978; x_wconf 74' lang='lat' dir='ltr'>quod</span> 
     </span>
     <span class='ocr_line' id='line_1_37' title="bbox 331 3981 2306 4087; baseline -0.005 -23"><span class='ocrx_word' id='word_1_485' title='bbox 331 3991 404 4064; x_wconf 86' lang='grc' dir='ltr'>Νιι</span> <span class='ocrx_word' id='word_1_486' title='bbox 412 4017 497 4064; x_wconf 89' lang='lat' dir='ltr'>vero</span> <span class='ocrx_word' id='word_1_487' title='bbox 513 3991 656 4078; x_wconf 87' lang='lat' dir='ltr'>dubito,</span> <span class='ocrx_word' id='word_1_488' title='bbox 681 3990 769 4086; x_wconf 86' lang='lat' dir='ltr'>quin</span> <span class='ocrx_word' id='word_1_489' title='bbox 783 3993 977 4065; x_wconf 88' lang='lat' dir='ltr'>multorum</span> <span class='ocrx_word' id='word_1_490' title='bbox 991 3991 1121 4064; x_wconf 89' lang='lat' dir='ltr'>animis</span> <span class='ocrx_word' id='word_1_491' title='bbox 1134 3992 1218 4087; x_wconf 85' lang='lat' dir='ltr'>plu·</span> <span class='ocrx_word' id='word_1_492' title='bbox 1268 3991 1402 4064; x_wconf 87' lang='lat' dir='ltr'>scilicet</span> <span class='ocrx_word' id='word_1_493' title='bbox 1423 3991 1569 4064; x_wconf 87' lang='lat' dir='ltr'>lectioni</span> <span class='ocrx_word' id='word_1_494' title='bbox 1583 4004 1619 4062; x_wconf 91' lang='lat' dir='ltr'>et</span> <span class='ocrx_word' id='word_1_495' title='bbox 1637 3990 1756 4063; x_wconf 84' lang='lat' dir='ltr'>studio</span> <span class='ocrx_word' id='word_1_496' title='bbox 1773 4003 1933 4063; x_wconf 78' lang='grc' dir='ltr'><strong>ιιιιιιιιι</strong></span> <span class='ocrx_word' id='word_1_497' title='bbox 1947 3987 2134 4082; x_wconf 83' lang='lat' dir='ltr'>publicum</span> <span class='ocrx_word' id='word_1_498' title='bbox 2147 3981 2248 4055; x_wconf 88' lang='lat' dir='ltr'>mini·</span> <span class='ocrx_word' id='word_1_499' title='bbox 2305 4019 2306 4022; x_wconf 38' lang='lat'>¹</span> 
     </span>
     <span class='ocr_line' id='line_1_38' title="bbox 229 4087 2306 4213; baseline -0.001 -50"><span class='ocrx_word' id='word_1_500' title='bbox 229 4093 360 4165; x_wconf 89' lang='lat' dir='ltr'>rimum</span> <span class='ocrx_word' id='word_1_501' title='bbox 380 4095 566 4213; x_wconf 79' lang='lat' dir='ltr'>profutura</span> <span class='ocrx_word' id='word_1_502' title='bbox 585 4093 630 4164; x_wconf 88' lang='grc' dir='ltr'>ιιι</span> <span class='ocrx_word' id='word_1_503' title='bbox 642 4087 751 4165; x_wconf 78' lang='lat' dir='ltr'>butus</span> <span class='ocrx_word' id='word_1_504' title='bbox 770 4093 964 4166; x_wconf 75' lang='lat' dir='ltr'>sententiae</span> <span class='ocrx_word' id='word_1_505' title='bbox 977 4095 1100 4165; x_wconf 90' lang='lat' dir='ltr'>crebra</span> <span class='ocrx_word' id='word_1_506' title='bbox 1120 4092 1218 4184; x_wconf 88' lang='lat' dir='ltr'>cogi-</span> <span class='ocrx_word' id='word_1_507' title='bbox 1268 4093 1432 4175; x_wconf 89' lang='lat' dir='ltr'>sterium‚</span> <span class='ocrx_word' id='word_1_508' title='bbox 1463 4117 1536 4188; x_wconf 84' lang='lat' dir='ltr'>quo</span> <span class='ocrx_word' id='word_1_509' title='bbox 1557 4087 1655 4163; x_wconf 89' lang='lat' dir='ltr'>Deus</span> <span class='ocrx_word' id='word_1_510' title='bbox 1675 4104 1728 4162; x_wconf 88' lang='lat' dir='ltr'>est</span> <span class='ocrx_word' id='word_1_511' title='bbox 1748 4091 1887 4178; x_wconf 79' lang='lat' dir='ltr'>efficax,</span> <span class='ocrx_word' id='word_1_512' title='bbox 1921 4103 1959 4162; x_wconf 91' lang='lat' dir='ltr'>et</span> <span class='ocrx_word' id='word_1_513' title='bbox 1981 4089 2050 4160; x_wconf 92' lang='lat' dir='ltr'>sibi</span> <span class='ocrx_word' id='word_1_514' title='bbox 2076 4101 2253 4160; x_wconf 65' lang='lat' dir='ltr'>suerum</span> <span class='ocrx_word' id='word_1_515' title='bbox 2305 4173 2306 4176; x_wconf 8' lang='grc' dir='ltr'><strong>Ἴ</strong></span> 
     </span>
     <span class='ocr_line' id='line_1_39' title="bbox 229 4188 2306 4288; baseline -0.002 -23"><span class='ocrx_word' id='word_1_516' title='bbox 229 4193 335 4277; x_wconf 88' lang='lat' dir='ltr'>tatio,</span> <span class='ocrx_word' id='word_1_517' title='bbox 361 4196 390 4266; x_wconf 89' lang='lat' dir='ltr'>si</span> <span class='ocrx_word' id='word_1_518' title='bbox 408 4209 500 4267; x_wconf 88' lang='lat' dir='ltr'>recte</span> <span class='ocrx_word' id='word_1_519' title='bbox 515 4209 551 4267; x_wconf 92' lang='grc' dir='ltr'>ιι</span> <span class='ocrx_word' id='word_1_520' title='bbox 565 4196 686 4288; x_wconf 78' lang='lat' dir='ltr'>dextre</span> <span class='ocrx_word' id='word_1_521' title='bbox 702 4219 779 4266; x_wconf 90' lang='lat' dir='ltr'>eam</span> <span class='ocrx_word' id='word_1_522' title='bbox 795 4194 1008 4287; x_wconf 88' lang='lat' dir='ltr'>intelligent.</span> <span class='ocrx_word' id='word_1_523' title='bbox 1057 4193 1218 4267; x_wconf 86' lang='lat' dir='ltr'>Pertinet</span> <span class='ocrx_word' id='word_1_524' title='bbox 1268 4191 1461 4268; x_wconf 85' lang='lat' dir='ltr'>Ecclesiam</span> <span class='ocrx_word' id='word_1_525' title='bbox 1484 4193 1629 4284; x_wconf 87' lang='lat' dir='ltr'>colligit.</span> <span class='ocrx_word' id='word_1_526' title='bbox 1689 4189 1764 4264; x_wconf 87' lang='lat' dir='ltr'>lacn</span> <span class='ocrx_word' id='word_1_527' title='bbox 1788 4205 1824 4264; x_wconf 93' lang='lat' dir='ltr'>et</span> <span class='ocrx_word' id='word_1_528' title='bbox 1843 4189 2009 4283; x_wconf 85' lang='lat' dir='ltr'>privatim</span> <span class='ocrx_word' id='word_1_529' title='bbox 2028 4212 2093 4262; x_wconf 88' lang='lat' dir='ltr'>sua</span> <span class='ocrx_word' id='word_1_530' title='bbox 2107 4188 2306 4284; x_wconf 63' lang='lat' dir='ltr'>qumque</span> 
     </span>
     <span class='ocr_line' id='line_1_40' title="bbox 230 4291 2306 4392; baseline -0 -29"><span class='ocrx_word' id='word_1_531' title='bbox 230 4311 347 4368; x_wconf 83' lang='lat' dir='ltr'>autem</span> <span class='ocrx_word' id='word_1_532' title='bbox 371 4292 439 4366; x_wconf 87' lang='lat' dir='ltr'>boc</span> <span class='ocrx_word' id='word_1_533' title='bbox 461 4319 603 4392; x_wconf 90' lang='lat' dir='ltr'>quoque</span> <span class='ocrx_word' id='word_1_534' title='bbox 624 4298 669 4366; x_wconf 87' lang='lat' dir='ltr'>ad</span> <span class='ocrx_word' id='word_1_535' title='bbox 684 4321 802 4368; x_wconf 87' lang='lat' dir='ltr'>mcum</span> <span class='ocrx_word' id='word_1_536' title='bbox 818 4299 994 4385; x_wconf 86' lang='lat' dir='ltr'>officium,</span> <span class='ocrx_word' id='word_1_537' title='bbox 1024 4297 1217 4368; x_wconf 89' lang='lat' dir='ltr'>admonere</span> <span class='ocrx_word' id='word_1_538' title='bbox 1267 4293 1398 4367; x_wconf 78' lang='lat' dir='ltr'>mentis</span> <span class='ocrx_word' id='word_1_539' title='bbox 1420 4296 1537 4367; x_wconf 84' lang='lat' dir='ltr'>lrnctu</span> <span class='ocrx_word' id='word_1_540' title='bbox 1556 4307 1751 4369; x_wconf 88' lang='lat' dir='ltr'>moveatur.</span> <span class='ocrx_word' id='word_1_541' title='bbox 1807 4291 1979 4365; x_wconf 72' lang='grc' dir='ltr'><strong>Ιιιιιίοιιι</strong></span> <span class='ocrx_word' id='word_1_542' title='bbox 1997 4291 2200 4364; x_wconf 84' lang='grc' dir='ltr'><strong>ιιιιιιιιίιιιι</strong></span> <span class='ocrx_word' id='word_1_543' title='bbox 2216 4295 2306 4356; x_wconf 74' lang='lat' dir='ltr'>tlt</span> 
     </span>
     <span class='ocr_line' id='line_1_41' title="bbox 123 4392 2246 4490; baseline -0.002 -22"><span class='ocrx_word' id='word_1_544' title='bbox 123 4447 127 4450; x_wconf 92' lang='lat'>-</span> <span class='ocrx_word' id='word_1_545' title='bbox 230 4420 293 4468; x_wconf 85' lang='lat' dir='ltr'>vos</span> <span class='ocrx_word' id='word_1_546' title='bbox 308 4399 353 4468; x_wconf 88' lang='lat' dir='ltr'>de</span> <span class='ocrx_word' id='word_1_547' title='bbox 368 4421 448 4468; x_wconf 88' lang='lat' dir='ltr'>vera</span> <span class='ocrx_word' id='word_1_548' title='bbox 463 4397 698 4470; x_wconf 84' lang='lat' dir='ltr'>enarratione.</span> <span class='ocrx_word' id='word_1_549' title='bbox 1267 4397 1377 4471; x_wconf 89' lang='lat' dir='ltr'>alitur</span> <span class='ocrx_word' id='word_1_550' title='bbox 1389 4395 1599 4480; x_wconf 73' lang='lat' dir='ltr'>lardicias</span> <span class='ocrx_word' id='word_1_551' title='bbox 1623 4395 1663 4466; x_wconf 94' lang='lat' dir='ltr'>in</span> <span class='ocrx_word' id='word_1_552' title='bbox 1678 4397 1785 4466; x_wconf 88' lang='lat' dir='ltr'>corde</span> <span class='ocrx_word' id='word_1_553' title='bbox 1796 4392 2076 4490; x_wconf 79' lang='lat' dir='ltr'>uniuscuiusque</span> <span class='ocrx_word' id='word_1_554' title='bbox 2094 4397 2246 4464; x_wconf 75' lang='grc' dir='ltr'><strong>ιιιιιιιῑ</strong></span> 
     </span>
     <span class='ocr_line' id='line_1_42' title="bbox 331 4485 2306 4596; baseline -0.002 -28"><span class='ocrx_word' id='word_1_555' title='bbox 331 4497 461 4583; x_wconf 85' lang='grc' dir='ltr'><strong>ΜιΙιὶ,</strong></span> <span class='ocrx_word' id='word_1_556' title='bbox 489 4501 583 4594; x_wconf 90' lang='lat' dir='ltr'>quod</span> <span class='ocrx_word' id='word_1_557' title='bbox 609 4499 804 4569; x_wconf 87' lang='lat' dir='ltr'>dolendum</span> <span class='ocrx_word' id='word_1_558' title='bbox 824 4511 859 4570; x_wconf 92' lang='grc' dir='ltr'>ιι</span> <span class='ocrx_word' id='word_1_559' title='bbox 874 4497 1135 4594; x_wconf 87' lang='lat' dir='ltr'>deplorandum</span> <span class='ocrx_word' id='word_1_560' title='bbox 1155 4510 1218 4584; x_wconf 90' lang='lat' dir='ltr'>est,</span> <span class='ocrx_word' id='word_1_561' title='bbox 1267 4519 1392 4571; x_wconf 89' lang='lat' dir='ltr'>ornnes</span> <span class='ocrx_word' id='word_1_562' title='bbox 1422 4498 1590 4580; x_wconf 87' lang='lat' dir='ltr'>virtutes,</span> <span class='ocrx_word' id='word_1_563' title='bbox 1624 4496 1758 4588; x_wconf 87' lang='lat' dir='ltr'>agnitio</span> <span class='ocrx_word' id='word_1_564' title='bbox 1780 4493 1868 4583; x_wconf 87' lang='lat' dir='ltr'>Dei,</span> <span class='ocrx_word' id='word_1_565' title='bbox 1903 4494 2030 4580; x_wconf 88' lang='lat' dir='ltr'>timor,</span> <span class='ocrx_word' id='word_1_566' title='bbox 2062 4493 2166 4578; x_wconf 80' lang='lat' dir='ltr'>fides,</span> <span class='ocrx_word' id='word_1_567' title='bbox 2196 4485 2245 4558; x_wconf 84' lang='lat' dir='ltr'>di·</span> <span class='ocrx_word' id='word_1_568' title='bbox 2305 4591 2306 4596; x_wconf 6' lang='grc' dir='ltr'><strong>Ἰ</strong></span> 
     </span>
     <span class='ocr_line' id='line_1_43' title="bbox 230 4595 2306 4706; baseline -0.004 -37"><span class='ocrx_word' id='word_1_569' title='bbox 230 4613 312 4670; x_wconf 89' lang='lat' dir='ltr'>ante</span> <span class='ocrx_word' id='word_1_570' title='bbox 328 4599 414 4670; x_wconf 88' lang='lat' dir='ltr'>haec</span> <span class='ocrx_word' id='word_1_571' title='bbox 429 4612 588 4693; x_wconf 84' lang='lat' dir='ltr'>tempora</span> <span class='ocrx_word' id='word_1_572' title='bbox 603 4599 651 4670; x_wconf 89' lang='lat' dir='ltr'>ita</span> <span class='ocrx_word' id='word_1_573' title='bbox 668 4595 736 4670; x_wconf 88' lang='lat' dir='ltr'>boc</span> <span class='ocrx_word' id='word_1_574' title='bbox 748 4599 883 4672; x_wconf 75' lang='lat' dir='ltr'>dictum</span> <span class='ocrx_word' id='word_1_575' title='bbox 892 4595 1053 4673; x_wconf 87' lang='lat' dir='ltr'>Christi&#39;</span> <span class='ocrx_word' id='word_1_576' title='bbox 1041 4613 1216 4700; x_wconf 74' lang='lat' dir='ltr'>interpre-</span> <span class='ocrx_word' id='word_1_577' title='bbox 1267 4601 1390 4684; x_wconf 86' lang='lat' dir='ltr'>lectio,</span> <span class='ocrx_word' id='word_1_578' title='bbox 1422 4599 1577 4685; x_wconf 90' lang='lat' dir='ltr'>iustitia,</span> <span class='ocrx_word' id='word_1_579' title='bbox 1606 4597 1813 4684; x_wconf 90' lang='lat' dir='ltr'>tolerantia,</span> <span class='ocrx_word' id='word_1_580' title='bbox 1845 4596 2004 4682; x_wconf 87' lang='grc' dir='ltr'><strong>ιιιιιιιι,</strong></span> <span class='ocrx_word' id='word_1_581' title='bbox 2025 4595 2178 4690; x_wconf 80' lang='lat' dir='ltr'>denique</span> <span class='ocrx_word' id='word_1_582' title='bbox 2196 4611 2244 4660; x_wconf 91' lang='lat' dir='ltr'>sa·</span> <span class='ocrx_word' id='word_1_583' title='bbox 2305 4681 2306 4706; x_wconf 14' lang='grc' dir='ltr'><strong>Χ</strong></span> 
     </span>
     <span class='ocr_line' id='line_1_44' title="bbox 230 4687 2306 4795; baseline -0.005 -23"><span class='ocrx_word' id='word_1_584' title='bbox 230 4702 293 4774; x_wconf 85' lang='lat' dir='ltr'>tati</span> <span class='ocrx_word' id='word_1_585' title='bbox 316 4713 417 4786; x_wconf 86' lang='lat' dir='ltr'>sunt,</span> <span class='ocrx_word' id='word_1_586' title='bbox 447 4725 522 4772; x_wconf 91' lang='lat' dir='ltr'>non</span> <span class='ocrx_word' id='word_1_587' title='bbox 543 4715 583 4776; x_wconf 91' lang='lat' dir='ltr'>ut</span> <span class='ocrx_word' id='word_1_588' title='bbox 606 4701 786 4793; x_wconf 86' lang='lat' dir='ltr'>prodesset</span> <span class='ocrx_word' id='word_1_589' title='bbox 809 4703 1006 4790; x_wconf 83' lang='lat' dir='ltr'>mentibus,</span> <span class='ocrx_word' id='word_1_590' title='bbox 1040 4693 1100 4773; x_wconf 79' lang='lat' dir='ltr'>sed</span> <span class='ocrx_word' id='word_1_591' title='bbox 1121 4701 1216 4774; x_wconf 89' lang='lat' dir='ltr'>utin</span> <span class='ocrx_word' id='word_1_592' title='bbox 1267 4700 1401 4795; x_wconf 86' lang='lat' dir='ltr'>pientia</span> <span class='ocrx_word' id='word_1_593' title='bbox 1416 4701 1456 4772; x_wconf 93' lang='lat' dir='ltr'>in</span> <span class='ocrx_word' id='word_1_594' title='bbox 1469 4701 1738 4794; x_wconf 81' lang='lat' dir='ltr'>gubernatione.</span> <span class='ocrx_word' id='word_1_595' title='bbox 1789 4694 1888 4770; x_wconf 79' lang='grc' dir='ltr'>Αι</span> <span class='ocrx_word' id='word_1_596' title='bbox 1857 4723 1890 4770; x_wconf 90' lang='grc' dir='ltr'>ιι</span> <span class='ocrx_word' id='word_1_597' title='bbox 1903 4697 1985 4792; x_wconf 85' lang='lat' dir='ltr'>quis</span> <span class='ocrx_word' id='word_1_598' title='bbox 1999 4696 2147 4789; x_wconf 84' lang='lat' dir='ltr'>cogitat,</span> <span class='ocrx_word' id='word_1_599' title='bbox 2168 4687 2243 4766; x_wconf 80' lang='lat' dir='ltr'>satis</span> <span class='ocrx_word' id='word_1_600' title='bbox 2305 4753 2306 4776; x_wconf 70' lang='grc'><strong>,</strong></span> 
     </span>
     <span class='ocr_line' id='line_1_45' title="bbox 230 4793 2243 4898; baseline -0.002 -25"><span class='ocrx_word' id='word_1_601' title='bbox 230 4801 510 4897; x_wconf 88' lang='lat' dir='ltr'>desperationem</span> <span class='ocrx_word' id='word_1_602' title='bbox 528 4826 586 4874; x_wconf 89' lang='lat' dir='ltr'>eas</span> <span class='ocrx_word' id='word_1_603' title='bbox 605 4804 815 4888; x_wconf 88' lang='lat' dir='ltr'>adduceret,</span> <span class='ocrx_word' id='word_1_604' title='bbox 836 4803 1110 4876; x_wconf 87' lang='lat' dir='ltr'>dixeruntenim</span> <span class='ocrx_word' id='word_1_605' title='bbox 1129 4803 1217 4892; x_wconf 84' lang='lat' dir='ltr'>legis</span> <span class='ocrx_word' id='word_1_606' title='bbox 1267 4825 1342 4876; x_wconf 90' lang='lat' dir='ltr'>csse</span> <span class='ocrx_word' id='word_1_607' title='bbox 1365 4803 1473 4874; x_wconf 91' lang='lat' dir='ltr'>semel</span> <span class='ocrx_word' id='word_1_608' title='bbox 1496 4817 1602 4898; x_wconf 85' lang='lat' dir='ltr'>atque</span> <span class='ocrx_word' id='word_1_609' title='bbox 1622 4802 1753 4874; x_wconf 88' lang='lat' dir='ltr'>iterum</span> <span class='ocrx_word' id='word_1_610' title='bbox 1777 4799 1901 4890; x_wconf 88' lang='lat' dir='ltr'>legisse</span> <span class='ocrx_word' id='word_1_611' title='bbox 1923 4822 2031 4870; x_wconf 84' lang='lat' dir='ltr'>onaan</span> <span class='ocrx_word' id='word_1_612' title='bbox 2046 4811 2152 4894; x_wconf 82' lang='lat' dir='ltr'>acque</span> <span class='ocrx_word' id='word_1_613' title='bbox 2164 4793 2243 4865; x_wconf 67' lang='lat' dir='ltr'>alls·</span> 
     </span>
     <span class='ocr_line' id='line_1_46' title="bbox 228 4891 2306 4996; baseline -0.004 -24"><span class='ocrx_word' id='word_1_614' title='bbox 228 4930 351 4976; x_wconf 90' lang='lat' dir='ltr'>vocem</span> <span class='ocrx_word' id='word_1_615' title='bbox 381 4927 475 4991; x_wconf 85' lang='lat' dir='ltr'>case,</span> <span class='ocrx_word' id='word_1_616' title='bbox 509 4905 724 4996; x_wconf 86' lang='lat' dir='ltr'>flagitantem</span> <span class='ocrx_word' id='word_1_617' title='bbox 755 4905 927 4996; x_wconf 91' lang='lat' dir='ltr'>integram</span> <span class='ocrx_word' id='word_1_618' title='bbox 961 4904 1215 4977; x_wconf 84' lang='lat' dir='ltr'>obedientiam:</span> <span class='ocrx_word' id='word_1_619' title='bbox 1267 4929 1344 4977; x_wconf 89' lang='lat' dir='ltr'>ram</span> <span class='ocrx_word' id='word_1_620' title='bbox 1374 4905 1567 4996; x_wconf 89' lang='lat' dir='ltr'>pagellam,</span> <span class='ocrx_word' id='word_1_621' title='bbox 1605 4897 1665 4974; x_wconf 85' lang='lat' dir='ltr'>lsic</span> <span class='ocrx_word' id='word_1_622' title='bbox 1698 4923 1846 4993; x_wconf 86' lang='lat' dir='ltr'>prorsus</span> <span class='ocrx_word' id='word_1_623' title='bbox 1875 4899 2059 4972; x_wconf 89' lang='lat' dir='ltr'>doctrinae</span> <span class='ocrx_word' id='word_1_624' title='bbox 2094 4891 2241 4970; x_wconf 85' lang='lat' dir='ltr'>coelestis</span> <span class='ocrx_word' id='word_1_625' title='bbox 2305 4963 2306 4992; x_wconf 63' lang='lat'>,</span> 
     </span>
     <span class='ocr_line' id='line_1_47' title="bbox 228 5000 2306 5099; baseline -0.003 -23"><span class='ocrx_word' id='word_1_626' title='bbox 228 5031 334 5099; x_wconf 89' lang='lat' dir='ltr'>quarn</span> <span class='ocrx_word' id='word_1_627' title='bbox 358 5031 437 5078; x_wconf 89' lang='lat' dir='ltr'>cum</span> <span class='ocrx_word' id='word_1_628' title='bbox 462 5031 568 5078; x_wconf 88' lang='lat' dir='ltr'>nemo</span> <span class='ocrx_word' id='word_1_629' title='bbox 589 5019 758 5099; x_wconf 89' lang='lat' dir='ltr'>praestet,</span> <span class='ocrx_word' id='word_1_630' title='bbox 790 5001 858 5077; x_wconf 84' lang='lat' dir='ltr'>bac</span> <span class='ocrx_word' id='word_1_631' title='bbox 878 5031 964 5078; x_wconf 88' lang='lat' dir='ltr'>voce</span> <span class='ocrx_word' id='word_1_632' title='bbox 984 5029 1108 5079; x_wconf 88' lang='lat' dir='ltr'>omnes</span> <span class='ocrx_word' id='word_1_633' title='bbox 1127 5029 1214 5077; x_wconf 85' lang='lat' dir='ltr'>con·</span> <span class='ocrx_word' id='word_1_634' title='bbox 1266 5007 1567 5098; x_wconf 86' lang='lat' dir='ltr'>magnitudinem,</span> <span class='ocrx_word' id='word_1_635' title='bbox 1600 5027 1667 5074; x_wconf 91' lang='lat' dir='ltr'>nec</span> <span class='ocrx_word' id='word_1_636' title='bbox 1687 5015 1844 5076; x_wconf 88' lang='lat' dir='ltr'>nostram</span> <span class='ocrx_word' id='word_1_637' title='bbox 1865 5000 2162 5082; x_wconf 86' lang='lat' dir='ltr'>imbecillitatem,</span> <span class='ocrx_word' id='word_1_638' title='bbox 2184 5011 2241 5064; x_wconf 74' lang='lat' dir='ltr'>net</span> <span class='ocrx_word' id='word_1_639' title='bbox 2305 5039 2306 5098; x_wconf 51' lang='grc' dir='ltr'>ι</span> 
     </span>
     <span class='ocr_line' id='line_1_48' title="bbox 116 5091 2306 5204; baseline -0.004 -28"><span class='ocrx_word' id='word_1_640' title='bbox 116 5184 120 5189; x_wconf 85' lang='lat'>.</span> <span class='ocrx_word' id='word_1_641' title='bbox 227 5107 398 5180; x_wconf 84' lang='lat' dir='ltr'>damnari.</span> <span class='ocrx_word' id='word_1_642' title='bbox 435 5107 559 5180; x_wconf 86' lang='lat' dir='ltr'>Haec</span> <span class='ocrx_word' id='word_1_643' title='bbox 547 5108 791 5200; x_wconf 73' lang='lat' dir='ltr'>interpretatio</span> <span class='ocrx_word' id='word_1_644' title='bbox 803 5131 879 5179; x_wconf 92' lang='lat' dir='ltr'>non</span> <span class='ocrx_word' id='word_1_645' title='bbox 893 5111 1100 5204; x_wconf 86' lang='lat' dir='ltr'>quadratad</span> <span class='ocrx_word' id='word_1_646' title='bbox 1117 5101 1214 5179; x_wconf 87' lang='lat' dir='ltr'>hunc</span> <span class='ocrx_word' id='word_1_647' title='bbox 1265 5109 1364 5180; x_wconf 87' lang='lat' dir='ltr'>illam</span> <span class='ocrx_word' id='word_1_648' title='bbox 1396 5106 1555 5180; x_wconf 88' lang='lat' dir='ltr'>discendi</span> <span class='ocrx_word' id='word_1_649' title='bbox 1581 5105 1756 5180; x_wconf 86' lang='lat' dir='ltr'>rationem</span> <span class='ocrx_word' id='word_1_650' title='bbox 1785 5104 1998 5176; x_wconf 87' lang='lat' dir='ltr'>considerat.</span> <span class='ocrx_word' id='word_1_651' title='bbox 2044 5091 2240 5190; x_wconf 68' lang='lat' dir='ltr'>{Barbaria</span> <span class='ocrx_word' id='word_1_652' title='bbox 2305 5101 2306 5188; x_wconf 57' lang='lat' dir='ltr'>l</span> 
     </span>
     <span class='ocr_line' id='line_1_49' title="bbox 224 5203 2239 5302; baseline -0.003 -24"><span class='ocrx_word' id='word_1_653' title='bbox 224 5208 355 5282; x_wconf 87' lang='lat' dir='ltr'>locum.</span> <span class='ocrx_word' id='word_1_654' title='bbox 396 5206 479 5282; x_wconf 79' lang='lat' dir='ltr'>Alia</span> <span class='ocrx_word' id='word_1_655' title='bbox 493 5225 545 5282; x_wconf 90' lang='lat' dir='ltr'>est</span> <span class='ocrx_word' id='word_1_656' title='bbox 561 5210 734 5282; x_wconf 88' lang='lat' dir='ltr'>sententia</span> <span class='ocrx_word' id='word_1_657' title='bbox 751 5205 859 5282; x_wconf 84' lang='lat' dir='ltr'>haim</span> <span class='ocrx_word' id='word_1_658' title='bbox 870 5209 1063 5287; x_wconf 91' lang='lat' dir='ltr'>concionis.</span> <span class='ocrx_word' id='word_1_659' title='bbox 1104 5209 1213 5282; x_wconf 88' lang='lat' dir='ltr'>Prae-</span> <span class='ocrx_word' id='word_1_660' title='bbox 1264 5209 1470 5300; x_wconf 88' lang='lat' dir='ltr'>imaginatio</span> <span class='ocrx_word' id='word_1_661' title='bbox 1484 5222 1553 5294; x_wconf 87' lang='lat' dir='ltr'>est,</span> <span class='ocrx_word' id='word_1_662' title='bbox 1577 5208 1608 5278; x_wconf 89' lang='lat' dir='ltr'>si</span> <span class='ocrx_word' id='word_1_663' title='bbox 1625 5207 1705 5302; x_wconf 87' lang='lat' dir='ltr'>quis</span> <span class='ocrx_word' id='word_1_664' title='bbox 1720 5206 1949 5278; x_wconf 88' lang='lat' dir='ltr'>nonasaidna</span> <span class='ocrx_word' id='word_1_665' title='bbox 1963 5203 2113 5275; x_wconf 89' lang='lat' dir='ltr'>lectione</span> <span class='ocrx_word' id='word_1_666' title='bbox 2127 5217 2239 5270; x_wconf 82' lang='lat' dir='ltr'>accen·</span> 
     </span>
     <span class='ocr_line' id='line_1_50' title="bbox 223 5295 2306 5403; baseline -0.003 -25"><span class='ocrx_word' id='word_1_667' title='bbox 223 5321 364 5399; x_wconf 88' lang='lat' dir='ltr'>ceptum</span> <span class='ocrx_word' id='word_1_668' title='bbox 376 5313 591 5403; x_wconf 88' lang='lat' dir='ltr'>proponitur</span> <span class='ocrx_word' id='word_1_669' title='bbox 604 5311 827 5384; x_wconf 89' lang='lat' dir='ltr'>custodiendi</span> <span class='ocrx_word' id='word_1_670' title='bbox 843 5311 973 5400; x_wconf 89' lang='lat' dir='ltr'>libros,</span> <span class='ocrx_word' id='word_1_671' title='bbox 996 5327 1033 5386; x_wconf 90' lang='grc' dir='ltr'>ιι</span> <span class='ocrx_word' id='word_1_672' title='bbox 1051 5310 1213 5383; x_wconf 87' lang='lat' dir='ltr'>discendi</span> <span class='ocrx_word' id='word_1_673' title='bbox 1262 5313 1416 5384; x_wconf 85' lang='lat' dir='ltr'>dendarn</span> <span class='ocrx_word' id='word_1_674' title='bbox 1439 5325 1594 5383; x_wconf 90' lang='lat' dir='ltr'>mentem</span> <span class='ocrx_word' id='word_1_675' title='bbox 1622 5322 1658 5380; x_wconf 91' lang='lat' dir='ltr'>et</span> <span class='ocrx_word' id='word_1_676' title='bbox 1681 5305 1887 5401; x_wconf 76' lang='lat' dir='ltr'>augendam*</span> <span class='ocrx_word' id='word_1_677' title='bbox 1903 5304 2101 5378; x_wconf 86' lang='lat' dir='ltr'>doctrinam</span> <span class='ocrx_word' id='word_1_678' title='bbox 2130 5295 2237 5372; x_wconf 78' lang='lat' dir='ltr'>eristi·</span> <span class='ocrx_word' id='word_1_679' title='bbox 2305 5315 2306 5384; x_wconf 66' lang='lat'>1</span> 
     </span>
     <span class='ocr_line' id='line_1_51' title="bbox 220 5403 2237 5506; baseline -0.002 -26"><span class='ocrx_word' id='word_1_680' title='bbox 220 5407 421 5480; x_wconf 74' lang='lat' dir='ltr'>doctrinm</span> <span class='ocrx_word' id='word_1_681' title='bbox 441 5414 622 5486; x_wconf 84' lang='lat' dir='ltr'>coelestem</span> <span class='ocrx_word' id='word_1_682' title='bbox 638 5414 731 5486; x_wconf 87' lang='lat' dir='ltr'>bona</span> <span class='ocrx_word' id='word_1_683' title='bbox 747 5412 980 5498; x_wconf 86' lang='lat' dir='ltr'>conscientia,</span> <span class='ocrx_word' id='word_1_684' title='bbox 1006 5428 1043 5486; x_wconf 92' lang='grc' dir='ltr'>ιι</span> <span class='ocrx_word' id='word_1_685' title='bbox 1055 5408 1140 5486; x_wconf 87' lang='lat' dir='ltr'>burc</span> <span class='ocrx_word' id='word_1_686' title='bbox 1155 5412 1213 5484; x_wconf 80' lang='lat' dir='ltr'>os·</span> <span class='ocrx_word' id='word_1_687' title='bbox 1259 5427 1345 5487; x_wconf 89' lang='lat' dir='ltr'>mat.</span> <span class='ocrx_word' id='word_1_688' title='bbox 1402 5411 1544 5487; x_wconf 88' lang='lat' dir='ltr'>Scitis</span> <span class='ocrx_word' id='word_1_689' title='bbox 1532 5424 1581 5484; x_wconf 89' lang='grc' dir='ltr'>ιιι</span> <span class='ocrx_word' id='word_1_690' title='bbox 1602 5410 1774 5506; x_wconf 86' lang='lat' dir='ltr'>seriptum</span> <span class='ocrx_word' id='word_1_691' title='bbox 1795 5431 1886 5494; x_wconf 89' lang='lat' dir='ltr'>esse,</span> <span class='ocrx_word' id='word_1_692' title='bbox 1917 5403 2152 5502; x_wconf 81' lang='lat' dir='ltr'>Evangelium</span> <span class='ocrx_word' id='word_1_693' title='bbox 2173 5415 2237 5472; x_wconf 81' lang='lat' dir='ltr'>esse</span> 
     </span>
    </p>
   </div>
   <div class='ocr_carea' id='block_1_4' title="bbox 0 0 2334 5824">
    <p class='ocr_par' dir='ltr' id='par_1_4' title="bbox 0 0 2334 5824">
     <span class='ocr_line' id='line_1_52' title="bbox 0 0 2334 5824; baseline 0 0"><span class='ocrx_word' id='word_1_694' title='bbox 0 0 2334 5824; x_wconf 95' lang='lat' dir='ltr'> </span> 
     </span>
    </p>
   </div>
  </div>
 </body>
</html>
