4614 5820
103 357 105 361 Ι
208 255 279 331 591
907 247 1067 328 nucu.
1107 249 1182 328 na
1214 248 1541 330 aunnosto.
2165 257 2233 337 sse

211 439 434 503 revocarunt.
469 423 597 499 Voluit
613 423 708 494 enim
720 421 816 496 Deus
832 426 1036 497 conservari
1052 426 1207 520 politius,
1258 427 1303 496 de
1319 421 1397 496 Deo
1420 425 1569 516 sentire,
1597 449 1677 498 vere
1693 423 1809 500 Deum
1834 429 2022 518 invocare,
2046 455 2124 502 vere
2141 457 2234 504 exau·
2294 483 2295 512 ;

214 549 255 606 ut
276 554 396 603 rursus
417 528 537 620 generi
557 522 715 597 humano
738 528 941 598 accenderet
956 521 1206 618 Evangelium.
1242 527 1348 619 diri,
1373 541 1407 597 et
1423 523 1625 598 habituram
1641 531 1818 621 praemia,
1843 549 1987 603 econtra
2007 559 2088 604 vero
2111 537 2235 626 opinio·
2294 527 2295 594 l

217 635 287 708 Sed
303 648 336 705 et
350 629 473 702 Minos
492 641 527 699 et
540 627 656 699 Numa
677 629 790 698 multo
812 642 895 700 sunt
911 631 1125 700 recentiores
1138 655 1207 700 no·
1257 652 1458 699 aesomnes
1475 653 1537 700 seu
1552 631 1755 726 Aegyptias,
1781 657 1842 703 seu
1858 631 2023 720 Graecas,
2043 659 2104 705 seu
2116 635 2236 707 Roma·
2294 683 2295 688 κ

218 737 308 808 stris.
359 731 482 803 Minos
502 731 610 822 paulo
634 743 715 800 ante
737 729 871 799 bellum
894 729 1095 803 Troianum
1110 733 1210 817 vixit,
1258 753 1334 815 nas,
1359 753 1420 800 seu
1435 755 1663 824 quascunque
1679 747 1875 824 pugnantes
1891 760 1971 817 cum
1986 737 2144 808 doctrina
2158 736 2236 807 Pro·
2294 759 2295 816 t

218 839 279 937 qui
297 835 440 930 quidem
458 832 615 924 rapuisse
629 829 873 926 Ganymedem
889 831 997 904 Trois
1018 835 1134 904 lilium
1151 835 1205 904 di·
1259 827 1446 925 phetarum
1477 847 1512 903 et
1538 833 1792 926 Apostolorum
1817 849 2020 908 nostrornm
2041 841 2237 909 recentiores

217 941 322 1012 citur.
373 934 511 1006 Numae
525 947 618 1004 aetas
632 933 746 1004 multo
762 945 814 1004 est
832 933 1018 1009 recentior.
1260 947 1294 1004 et
1313 934 1491 1004 fabulosas
1510 957 1613 1022 esse,
1639 949 1674 1006 et
1698 937 1864 1007 adversus
1886 935 2002 1009 Deum
2018 942 2236 1032 contumelio·

321 1037 406 1110 Fuit
419 1059 500 1126 ergo
516 1049 665 1128 uterque
679 1035 806 1106 s'eculis
820 1035 955 1128 aliquot
971 1032 1211 1128 postMoisen,
1260 1057 1316 1106 sas
1327 1048 1364 1104 et
1379 1036 1547 1108 exitiales.

120 1193 123 1199 Α
221 1167 301 1214 cum
328 1141 399 1209 iam
432 1149 647 1228 grassaretur
677 1136 771 1206 inter
799 1151 918 1226 gentes
950 1129 1210 1229 aldwiopnvc'u.
1362 1133 1429 1204 His
1444 1135 1635 1208 luculentis
1655 1150 1689 1208 et
1704 1138 1814 1208 firmis
1829 1141 2045 1230 argumentis
2060 1167 2139 1212 cum
2155 1145 2238 1214 reiu-

220 1241 269 1315 Et
285 1237 371 1311 haec
385 1240 565 1310 erroribus
579 1233 766 1308 hominum
782 1251 816 1308 et
830 1239 1045 1309 daemonum
1063 1238 1211 1330 praesti·
1261 1249 1354 1308 tatus
1371 1247 1460 1307 esset
1473 1235 1707 1332 Symmachus
1723 1241 1768 1309 ab
1786 1239 1992 1327 Ambrosio,
2017 1245 2156 1334 piorum
2172 1246 2238 1312 ani-

221 1345 287 1436 giis
311 1356 479 1412 creverat.
529 1337 750 1410 Ferebantur
771 1353 806 1409 et
830 1361 1011 1410 sermones
1034 1339 1073 1409 in
1094 1335 1212 1423 Creta,
1262 1338 1313 1408 mi
1330 1338 1458 1431 passim
1474 1341 1794 1427 confirmabantur,
1819 1343 2076 1433 frangebantur
2092 1347 2238 1415 adversa-

222 1448 286 1516 ubi
309 1443 430 1522 Minos
454 1441 635 1530 regnavit,
670 1442 713 1510 de
733 1437 828 1510 lovis
853 1436 1052 1531 sepulchro.
1110 1439 1212 1528 Qtaos
1263 1439 1324 1524 rii,
1351 1440 1519 1510 nonnulli
1540 1441 1646 1510 etiam
1659 1443 1805 1512 veritate
1820 1445 1915 1528 victi,
1941 1447 2105 1538 amplecti
2118 1443 2237 1516 Christi

223 1547 287 1619 etsi
303 1547 458 1616 relutant
473 1541 704 1634 Epimenides
721 1555 756 1612 et
771 1538 1020 1628 Callimachus,
1046 1541 1109 1636 qui
1122 1541 1186 1612 ait:
1263 1541 1461 1610 doctrinam
1477 1558 1656 1634 ceperunt.
1707 1541 1869 1614 Recitavi
1884 1560 2001 1618 autem
2017 1543 2177 1618 hocloco
2192 1573 2239 1616 ca-

265 1661 388 1742 Κρῆτες
409 1657 454 1722 niel
476 1656 611 1738 peverel
632 1655 683 1721 ael
704 1653 764 1740 peip
786 1650 887 1739 τάφον
909 1647 935 1720 ὦ
953 1652 1014 1721 ἄνα
1035 1664 1098 1721 σεΐο
1263 1643 1336 1734 plia
1352 1657 1659 1732 argumesslOrllms
1686 1659 1721 1716 el
1735 1645 1818 1740 qnia
1840 1671 1959 1718 rerum
1981 1650 2138 1741 ipsarum
2158 1651 2240 1738 cogi·

267 1747 389 1830 Κρῆτες
410 1739 622 1824 transirem,
643 1739 683 1806 el
704 1739 738 1806 tt
759 1738 797 1806 os
818 1737 925 1820 θάνες,
947 1739 1011 1805 ἔστι
1033 1739 1094 1824 γὰρ
1115 1735 1172 1804 ἀεὶ·
1263 1743 1350 1813 tatio
1374 1745 1539 1834 pietatem
1561 1746 1601 1814 in
1624 1746 1727 1816 nobis
1752 1747 1954 1836 confirmat,
1981 1765 2015 1822 ct
2039 1753 2124 1844 quta
2150 1746 2239 1820 seha

224 1869 343 1926 tamen
367 1851 471 1942 plena
496 1861 582 1918 tunc
603 1845 723 1916 omnia
748 1847 894 1917 fuerunt
921 1846 1113 1917 idolorum.
1171 1842 1213 1914 ln
1263 1845 1396 1914 lacticis
1427 1839 1513 1915 haec
1542 1849 1700 1938 exempla
1730 1871 1937 1936 cognoscere
1967 1855 2130 1944 prodest,
2163 1877 2239 1944 qraae

225 1953 329 2026 ltalia
362 1976 445 2020 vero
476 1948 605 2019 Tuscia
640 1948 744 2036 longe
767 1947 930 2018 vincebat
964 1947 1213 2040 superstitione
1264 1947 1456 2016 ostendunt
1471 1949 1726 2018 controversias
1742 1951 1952 2040 religionum
1968 1954 2047 2023 sine
2062 1953 2240 2045 multiplici

226 2069 376 2128 caeteras
397 2049 574 2122 nationes:
601 2062 636 2118 et
652 2072 670 2118 a
685 2045 814 2118 Tuscis
827 2047 944 2120 Numa
958 2063 1138 2120 mutuatus
1163 2061 1215 2118 cst
1264 2047 1464 2118 eruditione
1481 2048 1645 2139 explicari
1663 2074 1738 2120 non
1753 2073 1865 2142 posse.

225 2155 384 2246 auguria,
409 2166 442 2223 et
457 2151 547 2222 ritus
562 2150 650 2222 alios
665 2149 816 2232 multos,
841 2149 903 2244 qui
918 2152 984 2221 etsi
1001 2165 1101 2222 erant
1116 2173 1213 2220 com-
1363 2147 1433 2218 Sed
1449 2151 1553 2220 redeo
1568 2151 1613 2220 ad
1627 2147 1890 2246 Symmachum,
1916 2153 1979 2248 qui
1994 2178 2076 2225 cum
2091 2155 2181 2225 veris
2193 2178 2241 2224 ar-

225 2255 404 2340 menticii,
441 2267 559 2324 tamen
582 2265 616 2322 et
638 2250 708 2344 ipsi
729 2252 948 2343 temporibus
971 2253 1096 2324 mutati
1119 2263 1213 2326 sunt.
1265 2249 1438 2338 gumentis
1459 2251 1591 2342 premi,
1617 2265 1651 2322 et
1667 2253 1761 2323 vinci
1777 2277 1814 2322 se
1837 2257 2004 2340 sentiret,
2027 2269 2068 2326 ut
2092 2280 2189 2350 saepe
2209 2256 2241 2325 fit

226 2359 327 2448 Quae
352 2356 447 2426 enim
476 2353 738 2445 peregrinarum
761 2352 919 2442 gentium
947 2354 1115 2424 colluvies
1135 2350 1213 2426 Ro-
1263 2350 1303 2418 in
1326 2350 1426 2435 foro,
1458 2352 1619 2441 confugit
1641 2355 1683 2423 ad
1714 2357 1912 2444 tragoedias
1942 2359 2133 2450 quasdam,
2164 2379 2241 2450 quae

224 2485 320 2530 mam
335 2457 520 2548 occupavit
535 2468 614 2546 post
633 2455 726 2524 bella
743 2453 880 2539 civilia,
900 2469 980 2546 post
1001 2449 1212 2544 gladiatores
1262 2451 1451 2521 incurrunt
1467 2452 1505 2520 in
1522 2455 1654 2540 oculos,
1675 2467 1708 2524 et
1723 2479 1796 2526 nun
1812 2457 1938 2528 leviter
1951 2461 2161 2550 perturbant
2174 2459 2241 2529 ani-

225 2563 326 2645 illos‚
352 2559 507 2652 quiante
523 2555 794 2628 Constantinum
809 2569 1012 2643 regnarunt.
1055 2555 1127 2627 Sed
1141 2555 1213 2626 sint
1262 2575 1340 2621 mos
1357 2566 1503 2644 propter
1519 2555 1593 2624 veri
1610 2557 1783 2646 speciem,
1809 2561 1947 2630 tametsi
1967 2583 2042 2628 non
2058 2557 2240 2632 cohaeren-

224 2662 362 2734 Numae
383 2659 542 2730 instituta
562 2657 681 2727 civilia
697 2657 908 2741 mediocria,
934 2657 992 2726 cui
1005 2655 1112 2728 etiam
1132 2679 1212 2746 gra·
1262 2653 1311 2723 tia
1329 2667 1576 2726 contexuntur.
1614 2656 1787 2729 Vicerunt
1804 2655 1975 2730 Chaldaei
1993 2659 2154 2743 ludaeos,
2177 2659 2241 2732 Da·

225 2764 312 2836 tiam
327 2758 460 2846 habeo,
484 2759 581 2852 quod
599 2757 730 2828 nostris
749 2758 887 2828 civibus
911 2781 1045 2830 annum
1068 2758 1107 2827 in
1122 2759 1212 2828 duo·
1262 2753 1392 2824 nielem
1408 2769 1442 2824 et
1456 2755 1590 2828 similes
1610 2757 1649 2828 in
1670 2759 1874 2830 servitutem
1887 2763 2130 2844 abduxemnt‚
2157 2763 2240 2833 dele-

225 2865 341 2936 decim
371 2883 510 2932 menses
530 2883 603 2929 non
629 2859 748 2952 inepte
770 2859 974 2940 distribuit,
1005 2873 1041 2930 et
1061 2855 1212 2950 Epactas
1262 2869 1390 2926 verunt
1423 2857 1592 2949 templum
1626 2883 1666 2930 ac
1694 2857 1762 2930 Dei
1787 2863 1922 2933 sedem:
1957 2879 2077 2954 postea
2110 2864 2261 2940 servivit

224 2966 398 3055 congessit
411 2964 452 3034 in
466 2983 621 3031 mensem
637 2961 890 3032 intercalarem.
930 2956 1009 3032 Etsi
1025 2959 1137 3031 lulius
1153 2960 1210 3029 in·
1262 2954 1436 3028 Romanis
1454 2955 1594 3034 ludaea.
1645 2955 1721 3032 Ant
1742 2961 1850 3052 igitur
1872 2961 1968 3034 Deus
1994 2987 2076 3042 suos
2096 2965 2242 3056 negligit,

224 3068 338 3139 stituit
352 3078 472 3156 postea
487 3064 660 3134 rationem
674 3063 869 3148 meliorem,
894 3075 1011 3134 tamen
1027 3061 1211 3150 diligentia
1261 3071 1322 3128 aut
1335 3053 1529 3129 Chaldaeae
1544 3075 1578 3132 et
1592 3059 1773 3133 Romanas
1789 3065 1976 3154 religiones
1990 3071 2102 3158 magis
2117 3069 2241 3160 probat.

96 3174 99 3180 ’
223 3168 359 3240 Numa'e
384 3167 455 3234 illis
479 3165 629 3235 rudibus
657 3165 782 3234 seculis
810 3165 953 3257 proluit.
1011 3160 1065 3234 De
1083 3161 1210 3234 Minoii
1262 3157 1335 3230 Tot
1353 3159 1423 3228 iam
1455 3161 1581 3232 seculis
1604 3186 1624 3232 a
1647 3161 1821 3236 Romanis
1852 3166 2127 3260 imperatoribus
2146 3165 2240 3239 Chri·

224 3269 307 3340 vero
331 3268 419 3361 quid
439 3266 557 3336 dices?
607 3266 706 3355 Quid
729 3267 879 3360 nequius
901 3261 970 3336 hoc
986 3263 1081 3336 lovis
1102 3263 1210 3335 disci·
1262 3261 1368 3331 stiani
1396 3263 1562 3334 trucidati
1589 3279 1692 3354 sunt,
1725 3290 1793 3359 qua
1822 3266 1853 3336 si
1884 3270 2100 3342 connivente
2130 3291 2239 3339 comm

223 3373 310 3465 pulo
325 3371 411 3448 luit,
436 3369 465 3436 si
479 3367 618 3458 legibus
634 3368 707 3436 suis
721 3381 781 3438 aut
796 3368 1032 3452 confirmavit,
1058 3381 1209 3437 autnon
1260 3363 1349 3432 duce
1365 3357 1525 3448 Christo,
1552 3365 1608 3434 cui
1631 3367 1814 3436 sedicunt
1837 3391 1910 3438 esse
1932 3394 2048 3443 curae.
2102 3371 2240 3440 lllovent

224 3471 366 3544 sustulit
379 3469 544 3540 sodalicia
560 3467 758 3556 Cretensia,
780 3493 870 3564 quae
884 3470 922 3538 in
939 3463 1097 3540 historiis
1112 3491 1209 3550 eumq
1259 3463 1398 3533 animos
1414 3459 1601 3535 hominum
1622 3461 1706 3536 haec
1728 3459 2028 3542 terriculamenta:
2051 3497 2134 3542 nam
2156 3471 2240 3540 mul-

221 3571 489 3644 memorantur?
533 3567 664 3641 Desine
686 3569 796 3662 igitur
818 3565 1029 3666 Symmacbe
1050 3571 1210 3640 conferre
1259 3577 1315 3634 tae
1338 3589 1460 3635 causae
1482 3591 1522 3635 ex
1545 3569 1728 3640 eventibus
1751 3569 1973 3654 iudicantur,
2001 3589 2041 3644 ut
2058 3575 2131 3644 dici
2145 3573 2238 3642 solet:

222 3674 387 3746 Minoem
402 3687 463 3744 aut
476 3669 628 3742 Numam
642 3697 722 3743 cum
735 3676 866 3742 nostris
877 3672 1082 3743 doctoribus
1096 3671 1208 3742 multo
1259 3661 1385 3736 Exitus
1400 3680 1473 3736 acta
1491 3669 1629 3759 probat.
1676 3665 1724 3738 Et
1738 3669 1890 3741 iustitiae
1904 3671 1972 3744 Dei
1988 3699 2178 3764 coagmere
2193 3672 2239 3738 vi·

223 3777 409 3846 inferiores
421 3786 544 3858 aetate,
560 3787 595 3844 et
608 3773 795 3844 fascinatos
803 3773 1044 3843 deliramentis
1058 3774 1102 3842 de
1115 3771 1209 3841 mul·
1260 3769 1381 3854 detur,
1408 3792 1453 3836 ne
1477 3769 1567 3839 desit
1587 3769 1677 3851 suis,
1705 3771 1859 3865 denique
1875 3777 1986 3848 multa
2005 3777 2043 3846 in
2061 3774 2152 3847 banc
2168 3797 2238 3842 sen·

221 3878 375 3951 titudine
395 3877 555 3948 deorum.
604 3871 788 3944 Praeterea
805 3899 891 3968 quas
913 3874 1058 3944 illorum
1077 3873 1209 3956 literas,
1259 3869 1405 3938 tentiam
1423 3869 1656 3960 plausibiliter
1670 3872 1742 3941 dici
1757 3889 1915 3964 possunt.

221 4003 327 4073 quam
345 3977 543 4047 doctrinam
565 3975 724 4066 profers?
775 3971 907 4046 Extant
923 3973 1087 4045 versiculi
1105 3972 1208 4065 pauci
1360 3967 1429 4039 Hie
1446 3967 1656 4042 Ambrosius
1677 3975 1917 4062 gravissimam
1934 3979 2113 4072 querelam
2131 3982 2173 4050 de
2187 4005 2231 4048 ca·

218 4073 499 4163 Rhadamanthi,
522 4073 737 4171 quemPlato
750 4077 941 4149 arbitratur
953 4074 1206 4147 anteMinoiim
1259 4069 1477 4141 lamitatibus
1493 4067 1671 4142 Ecclesiae
1692 4075 1855 4148 instituit.
1904 4077 2021 4150 Multa
2041 4081 2158 4174 inquit
2174 4083 2236 4149 vim

219 4183 431 4272 gubernasse
454 4177 606 4250 Cretam.
656 4175 728 4250 Sed
752 4193 786 4248 et
806 4173 912 4248 huius
929 4177 1109 4256 versiculi,
1139 4177 1206 4248 etsi
1259 4173 1423 4241 adierunt
1446 4175 1558 4242 oculis
1580 4199 1619 4244 ac
1641 4177 1819 4248 mentibus
1839 4173 2045 4263 hominum,
2077 4207 2124 4252 ne
2146 4183 2236 4252 facile

220 4296 302 4353 sunt
324 4273 484 4367 honesti,
516 4292 634 4350 tamen
656 4281 700 4350 de
723 4279 888 4350 civilibus
914 4280 1038 4370 poenis
1066 4290 1205 4349 tantum
1258 4275 1400 4362 agnosci
1423 4275 1533 4365 possit
1555 4289 1673 4345 coetus
1686 4276 1762 4347 Deo
1778 4279 1928 4351 dicatus.
1981 4269 2235 4372 lngensmulti-
2294 4335 2295 4372 ,

218 4385 433 4479 loquuntur,
457 4377 550 4451 nihil
565 4383 693 4451 docent
708 4383 752 4451 de
768 4383 821 4451 ira
832 4377 901 4450 Dei
917 4380 1098 4470 placanda.
1257 4377 1343 4444 tudo
1360 4375 1548 4467 estignara
1562 4371 1767 4466 Evangelii,
1794 4405 1900 4473 quam
1921 4391 2040 4454 tamen
2066 4389 2111 4456 ad
2134 4400 2234 4456 aeter·
2294 4373 2295 4460 l

319 4482 410 4558 Cum
425 4483 532 4572 igitur
547 4497 581 4554 et
595 4483 709 4574 prima
730 4482 776 4552 sit
791 4479 969 4552 Ecclesiae
985 4495 1125 4552 nostrae
1138 4481 1205 4549 do·
1256 4499 1345 4546 num
1359 4477 1504 4546 exitium
1520 4479 1634 4562 nasci,
1654 4479 1795 4552 videtur
1808 4483 2015 4570 absurdum,
2040 4487 2232 4578 praesertim
2294 4495 2295 4538 ἓ

218 4587 352 4666 ctrina,
378 4599 412 4655 et
427 4584 560 4654 divinis
575 4583 786 4654 testimoniis
800 4583 982 4674 plurimis,
1008 4596 1042 4653 et
1055 4581 1204 4652 resusci-
1257 4601 1336 4648 cum
1358 4577 1395 4645 in
1418 4572 1484 4646 hac
1505 4578 1580 4669 ipsa
1603 4593 1702 4671 parte
1723 4583 1861 4672 generis
1883 4580 2030 4656 humani
2049 4589 2120 4657 sint
2134 4591 2232 4678 impe·

216 4689 350 4766 tatione
367 4700 587 4756 mortuorum
603 4684 823 4768 confirmata,
850 4686 942 4755 etde
963 4685 1069 4753 rebus
1084 4705 1204 4752 neces·
1257 4679 1331 4763 ria,
1355 4678 1505 4749 floreant
1527 4681 1669 4770 ingenia
1689 4685 1816 4754 studiis
1831 4685 1972 4757 virtutis
1987 4691 2232 4782 atqueartium‚
2294 4763 2295 4780 ἢ

215 4791 334 4877 sariis,
360 4791 403 4864 de
426 4786 711 4871 immortalitate,
736 4785 781 4854 de
794 4784 849 4856 ira
865 4783 932 4857 Dei
947 4785 1135 4876 placanda,
1160 4783 1204 4852 de
1256 4793 1289 4850 et
1306 4779 1449 4872 quidem
1464 4782 1619 4854 serviant
1634 4787 1815 4854 communi
1830 4788 1933 4860 vitae.
1984 4786 2033 4861 Et
2046 4793 2163 4862 adesse
2177 4813 2231 4880 gu·
2294 4807 2295 4820 ¹

214 4893 327 4962 causis
350 4885 584 4960 humanarum
608 4909 876 4972 aerumnarum,
898 4886 1122 4956 demiranda
1146 4884 1204 4953 in·
1255 4882 1503 4953 bernaturibus
1518 4880 1654 4966 Deum,
1681 4897 1854 4958 testantur
1877 4883 2012 4961 heroici
2031 4909 2161 4974 motus,
2186 4891 2231 4958 vi-

214 4993 428 5064 stauratione
443 5003 589 5060 naturae
602 5001 759 5072 nostrae,
783 5009 894 5078 genus
916 4982 1114 5058 humanum
1133 4988 1201 5056 do·
1254 4983 1384 5054 ctoriae
1397 4984 1638 5071 admirabiles,
1664 4989 1933 5061 constitutiones
1950 4993 2187 5086 imperiorum.

213 5107 305 5166 ceatt
330 5093 484 5186 denique
500 5115 581 5161 cum
604 5091 777 5160 mirandis
793 5087 908 5158 modis
927 5102 1130 5159 conservata
1146 5087 1203 5171 sit,
1356 5083 1488 5156 Confer
1502 5087 1621 5156 animo
1637 5085 1809 5160 Senatum
1824 5089 2047 5181 Romanum,
2075 5107 2230 5186 regnante

213 5219 364 5288 cumque
396 5191 645 5284 sapientissimi
684 5205 719 5272 et
755 5189 1005 5260 modestissimi
1039 5183 1201 5260 homines
1253 5180 1433 5275 Augusto,
1458 5189 1501 5256 ad
1519 5185 1773 5278 Apostolorum
1789 5207 1943 5264 coetumt
1969 5195 2050 5268 Utri
2065 5199 2170 5288 magis
2185 5194 2229 5260 vi-

211 5319 333 5364 omnes
356 5295 528 5364 cruciatus
555 5293 709 5382 perferre
741 5291 952 5374 maluerint,
987 5281 1095 5383 quam
1125 5313 1200 5359 eam
1253 5287 1383 5357 dentur
1418 5302 1479 5358 aut
1510 5291 1644 5360 servire
1676 5287 1772 5378 Deo,
1812 5309 1873 5366 aut
1907 5291 1982 5367 Deo
2013 5323 2115 5368 curae
2143 5294 2229 5366 esse?

210 5394 379 5480 abiicere,
412 5417 487 5463 non
508 5393 711 5464 dubitemus
732 5387 926 5464 Ecclesiam
947 5385 1083 5462 Christi
1108 5403 1200 5460 recte
1253 5381 1369 5461 Multa
1391 5389 1488 5478 signa
1512 5389 1670 5464 indicant
1686 5391 1885 5485 Augustum
1913 5397 2083 5472 divinitus
2107 5393 2228 5470 adhoc
