4718 5828
93 267 165 346 uo
235 199 270 370 ’,
534 201 708 342 unct.
736 261 813 340 nn
846 259 1120 342 ursanus
1152 258 1679 344 rannacoooaou
2021 268 2151 346 aaa·

85 439 235 536 quidem
248 439 465 538 expendunt,
490 439 622 534 quibus
635 453 814 532 acceptum
827 438 918 510 icere
933 437 1085 510 demam
1134 452 1169 512 et
1190 439 1353 522 adissem
1373 437 1552 532 egregium
1573 438 1850 512 instrumentum
1866 439 1919 512 rei
1941 437 2126 516 familiaris

81 544 122 614 id
137 557 456 638 quantumcunque
478 555 531 612 cst
546 544 642 636 quod
659 541 872 612 didicerunt.
924 537 997 611 Nec
1019 563 1083 631 ego
1131 529 1414 628 cbnservsndae,
1448 542 1628 632 dignitatis
1660 543 1918 634 comparandae
1950 557 1986 616 ct
2016 539 2124 636 Reip.

82 645 221 717 interca
254 643 365 716 recito
399 665 506 738 qnam
532 643 642 714 variis
675 642 901 714 contumeliis
927 666 993 714 nos
1018 645 1082 712 ad·
1130 645 1315 736 gerendae.
1366 641 1458 716 Nam
1472 665 1553 715 cum
1566 643 1668 714 vacui
1687 645 1835 740 dorpnm
1849 647 2013 730 redeunt,
2033 645 2123 739 quid

79 747 219 833 ficiunt,
243 761 283 819 ut
296 748 518 840 suspendant
532 769 631 832 naso,
657 745 800 837 posticis
816 745 937 815 sannis
952 757 1100 837 petant„
1129 747 1279 818 accidit?
1304 747 1388 841 quia
1410 741 1503 816 nihil
1527 746 1749 832 didicerunt,
1773 746 1913 816 nullius
1932 769 2017 819 usus
2038 759 2122 824 sunt

78 849 223 944 siquid
245 871 468 921 moneamus.
521 846 647 920 Videte
671 869 800 942 quaeso
824 871 930 942 quam
953 847 1080 916 misera
1130 849 1169 917 iu
1193 847 1283 941 Rep.
1298 849 1466 942 domique
1492 873 1573 920 cum
1599 871 1736 920 summa
1761 845 1958 938 ignominia
1979 837 2118 924 vivunt.
2200 917 2203 926 ,

80 951 247 1022 conditio
260 951 453 1022 nostrssit.
506 946 550 1020 ln
564 975 640 1020 eam
656 963 806 1022 aetatem
830 949 998 1020 beneficia
1013 973 1081 1018 no·
1128 949 1266 1022 Deinde
1280 952 1364 1045 quia
1376 950 1414 1018 in
1428 949 1506 1020 ocio
1522 951 1632 1020 multa
1648 950 1732 1020 vitia
1747 963 1961 1035 contraxere,
1977 974 2016 1022 ea
2032 943 2119 1022 ltac-

81 1066 155 1124 stra
168 1053 402 1138 collocantur,
424 1076 516 1147 quae
530 1053 693 1123 noudum
707 1052 887 1122 benefacta
902 1050 1079 1140 intelligit,
1121 1066 1208 1132 ‚rent
1232 1054 1381 1146 inillis,
1417 1065 1559 1145 potant,
1591 1067 1729 1138 amant,
1760 1051 2040 1138 latrocinantur,
2079 1065 2119 1124 ut
2158 1053 2162 1060 '

79 1167 224 1226 tantum
239 1155 351 1245 abest,
375 1169 418 1226 ut
432 1168 557 1225 mutuo
574 1177 697 1224 amore
712 1177 778 1224 nos
793 1152 991 1245 complecti,
1017 1167 1079 1223 atat
1127 1155 1309 1246 publicum
1341 1155 1463 1226 odium
1492 1154 1591 1226 urbis
1614 1153 1709 1226 liant.
1769 1151 1896 1224 Exitus
1918 1167 2035 1226 autem
2061 1149 2118 1228 his

78 1257 232 1348 gratiam
259 1251 474 1357 habereppro
496 1257 630 1326 nostris
646 1255 772 1326 officiis
787 1269 906 1350 queat:
932 1253 983 1324 sic
998 1278 1079 1346 per·
1126 1257 1288 1328 moribus
1311 1259 1521 1350 respondet,
1547 1256 1610 1326 alii
1631 1257 1725 1326 inter
1747 1256 1873 1347 pocula
1896 1257 2119 1344 occiduntur,

79 1371 170 1429 eunt
192 1359 299 1429 nobis
319 1357 488 1430 beneficia
508 1373 628 1430 nostra
643 1359 868 1452 magisquam
884 1356 967 1426 ullis
981 1379 1078 1426 mor·
1125 1357 1188 1428 alii
1204 1382 1285 1430 suas
1299 1361 1460 1430 fortunas
1475 1359 1513 1428 in
1532 1359 1607 1428 alea
1623 1361 1793 1450 perdunt,
1819 1357 1909 1428 alios
1931 1357 2118 1449 perdidere

79 1461 225 1534 talibus.
275 1457 369 1530 Nam
390 1459 497 1532 ctiam
514 1485 596 1531 cum
617 1483 765 1532 senuere
782 1459 967 1550 discipuli,
993 1457 1078 1550 quia
1124 1484 1271 1536 amores.
1307 1459 1449 1532 Possem
1467 1461 1606 1532 infinita
1621 1461 1780 1552 exempla
1795 1459 1953 1544 recitare,
1976 1459 2004 1528 si
2021 1459 2117 1534 sine-

78 1559 452 1648 lseneliciimcmoria‚
478 1586 552 1632 uon
569 1563 658 1634 solet
674 1584 747 1632 esse
763 1561 946 1645 diuturna,
971 1583 1076 1630 nemo
1124 1565 1343 1656 rettempus.
1395 1562 1455 1634 Sic
1470 1563 1565 1634 enim
1581 1559 1678 1632 Deus
1698 1585 1847 1653 poenam
1867 1561 1975 1632 sumit
1988 1562 2032 1632 de
2048 1555 2116 1648 his,

79 1663 153 1733 iam
170 1679 438 1756 praeceptorum
456 1665 639 1750 meminit,
663 1665 809 1758 quidam
827 1663 931 1733 etiam
948 1661 1075 1730 malam
1124 1665 1186 1760 qui
1209 1665 1363 1757 primum
1389 1661 1466 1736 Deo
1492 1677 1617 1734 autore
1642 1659 1794 1734 adhibiti
1823 1665 1866 1732 ad
1896 1664 2116 1750 discendum,

78 1765 232 1857 gratiam
248 1767 423 1851 reddunt,
448 1780 489 1837 ut
505 1763 601 1836 Nero
616 1765 709 1838 lecit.
747 1763 870 1858 Neque
884 1786 1075 1854 puerorum
1124 1791 1198 1836 nou
1216 1767 1470 1838 faciuntsuum
1493 1767 1660 1838 officium.
1712 1765 1803 1838 Nam
1828 1767 1923 1858 qttod
1951 1778 2115 1858 parentes

79 1881 247 1961 parentes
260 1867 374 1962 pluris
387 1889 454 1936 nos
472 1867 607 1939 iaciunt
622 1891 728 1962 quam
748 1867 817 1960 ipsi
829 1865 942 1958 pueri.
993 1863 1075 1934 Non
1125 1868 1273 1955 iussere,
1307 1869 1343 1940 id
1370 1865 1466 1942 Deus
1490 1881 1657 1963 tanquam
1681 1892 1743 1937 sua
1768 1867 1861 1938 iussa
1885 1867 1962 1938 fieri
1987 1867 2114 1944 voluit.

79 1971 288 2062 expendunt
310 1969 507 2062 depositam
528 1991 600 2040 asc
622 1969 816 2040 liberorum
837 1991 959 2038 curam
972 1966 1077 2036 nobis
1124 1967 1263 2040 Deinde
1296 1971 1425 2040 malam
1450 1971 1597 2062 gratiam
1630 1969 1855 2040 benemeritis
1879 1968 2116 2062 praeceptori·
2247 2008 2251 2016 ,

79 2071 304 2164 imposuisse.
352 2069 444 2144 Tota
460 2071 555 2140 euim
573 2071 717 2162 regendi
735 2070 956 2164 docendique
975 2069 1073 2160 pueri
1123 2073 1189 2142 bus
1206 2075 1373 2160 reddunt.
1423 2071 1508 2144 Noli
1525 2072 1619 2142 euim
1635 2071 2113 2162 putareullumessescelus,

78 2173 268 2266 provincia
292 2172 398 2244 nobis
423 2173 551 2244 tradita
576 2188 627 2244 est
644 2173 749 2264 plena
776 2169 1077 2244 sollicitudinibus
1123 2177 1219 2268 qsaod
1240 2175 1389 2268 perinde
1411 2175 1568 2246 offendat
1586 2176 1724 2258 Deum,
1749 2188 1853 2268 atque
1875 2173 2111 2272 ingratitud03

80 2289 116 2344 ct
134 2276 386 2368 periculorum.
438 2273 511 2367 lpsi
530 2273 627 2345 domi
648 2298 731 2345 suae
745 2297 866 2345 secure
891 2295 994 2342 suum
1012 2295 1076 2340 ne-
1122 2277 1282 2346 sicenim
1293 2277 1544 2368 scriptumest:
1569 2274 1714 2346 Foreut
1735 2275 2113 2353 nonrecedatmalum

79 2378 224 2468 gocium
253 2390 376 2467 agunt.
434 2372 572 2448 Etiam
596 2401 677 2446 cum
709 2375 945 2444 mercedulam
968 2374 1075 2442 dede·
1122 2379 1264 2448 adomo
1280 2378 1421 2468 ingrati.
1473 2375 1655 2466 Quantum
1679 2391 1797 2448 autem
1813 2375 2026 2448 Ductoribus
2048 2377 2112 2446 de·-

80 2481 177 2565 rint,
210 2493 251 2549 ut
275 2479 490 2572 exprobrant
514 2479 618 2550 nobis
645 2503 747 2549 suum
769 2474 1003 2547 beneficium?
1035 2473 1094 2546 si.
1123 2481 1258 2566 beatur,
1284 2496 1360 2552 tum
1377 2482 1461 2550 inde
1477 2480 1670 2550 existimari
1685 2493 1806 2570 potest,
1833 2479 1929 2572 quod
1945 2479 1983 2547 iu
1999 2478 2112 2548 'vicem

81 2581 169 2675 quid
204 2593 297 2651 recte
330 2580 414 2651 iecit
445 2579 560 2666 filius,
596 2575 689 2649 nibil
722 2579 838 2649 laudis
863 2575 1077 2648 adscribitur
1123 2597 1308 2673 parentum
1331 2587 1540 2666 succedunt,
1561 2595 1596 2650 et
1610 2582 1755 2650 illorum
1771 2580 1916 2652 affectus
1931 2601 2010 2669 erga
2026 2601 2114 2670 pue-

81 2683 314 2776 praeceptori.
373 2681 413 2753 Si
439 2683 525 2777 quid
552 2683 728 2774 peccavit,
768 2693 950 2750 accusatur
977 2703 1076 2768 prae·
1123 2709 1181 2754 ros
1202 2684 1373 2768 induunt,
1405 2699 1481 2754 tum
1510 2684 1614 2752 etiam
1632 2681 1764 2752 Paulus
1783 2695 2002 2766 commouet,
2030 2703 2110 2750 cum

81 2799 215 2878 ceptor.
277 2783 454 2876 Diogenes
488 2809 568 2854 cum
604 2781 835 2854 adolescentis
868 2794 1003 2870 gestum
1038 2779 1074 2848 in
1123 2785 1189 2856 ait:
1214 2783 1360 2878 Duplici
1384 2781 1521 2856 horrore
1543 2785 1669 2874 diguus
1692 2807 1766 2854 esse
1790 2781 1972 2858 Doctores.
2023 2779 2113 2852 Pro·
2160 2797 2162 2802 '

83 2889 223 2958 edendo
250 2881 530 2979 reprehensurus
562 2900 668 2972 esset,
702 2885 904 2977 paedagogo
932 2881 1077 2974 impegit
1123 2887 1207 2957 inde
1229 2888 1259 2956 si
1280 2889 1409 2978 cupitis
1432 2900 1472 2960 ut
1494 2889 1654 2960 fortunet
1678 2886 1778 2955 vobis
1794 2885 1891 2958 Deus
1906 2883 2130 2957 uuiversum,
2239 2919 2245 2924 ·

83 2984 286 3082 colaphum.
312 2987 371 3060 stc
387 2987 459 3072 isti,
476 2987 647 3082 quicquid
664 2999 809 3080 peccant
825 2984 940 3065 liberi,
960 2999 1076 3054 trans·
1123 2990 1215 3060 vitae
1229 3003 1363 3059 vestrae
1379 3013 1540 3076 cursum,
1567 2992 1648 3060 date
1663 3002 1827 3079 operam,
1848 3001 1888 3058 ut
1902 2987 2057 3058 vicissim
2074 3007 2114 3054 ea

83 3093 205 3162 lemni
220 3090 360 3182 culpam
375 3089 415 3158 ln
433 3103 686 3184 praeceplores.
732 3087 833 3158 Talis
846 3087 955 3178 gralia
972 3085 1077 3154 nobis
1123 3091 1324 3184 praestetis,
1350 3117 1438 3185 quae
1464 3092 1526 3160 ille
1550 3115 1570 3160 a
1595 3091 1698 3160 vobis
1723 3089 1848 3177 exigit,
1881 3101 1922 3160 ut
1953 3085 2115 3178 gnaviter

84 3194 232 3264 summis
254 3191 438 3262 laboribus
458 3205 492 3262 et
513 3191 607 3262 curis
628 3191 801 3262 redditur.
850 3189 889 3260 st
908 3188 987 3282 quis
1006 3181 1076 3256 huc
1122 3195 1257 3265 abeatis
1272 3194 1489 3286 provinciam
1504 3192 1606 3262 vobis
1623 3191 1864 3283 aparentibus
1882 3191 2116 3272 commissam,

85 3297 242 3366 conterar
264 3317 328 3388 pro
349 3293 482 3364 nostris
502 3291 624 3364 omnia
636 3294 730 3364 vitae
749 3313 894 3382 genera,
920 3287 1077 3358 inveniet
1123 3311 1157 3366 ee
1179 3310 1219 3366 ut
1236 3310 1479 3388 praecppsores
1494 3309 1628 3364 vestros
1644 3307 1804 3364 amanter
1819 3289 2116 3384 complectamini,

84 3397 122 3466 in
149 3397 251 3468 nullo
273 3409 412 3469 tantum
435 3395 675 3466 calamitatum
691 3392 926 3488 quantumin
943 3403 1077 3472 nostro,
1123 3413 1156 3468 et
1173 3399 1336 3488 religiose
1351 3398 1492 3482 colatis,
1524 3411 1563 3467 ut
1578 3409 1614 3466 et
1632 3409 1751 3466 nostra
1766 3393 1884 3464 studia
1900 3407 1935 3464 et
1952 3407 2114 3464 nostrum

85 3499 260 3592 planeque
274 3497 449 3568 affirmare
463 3493 589 3583 ausim,
613 3519 680 3566 nos
694 3496 855 3565 omnium
872 3493 1075 3563 mortalium
1123 3523 1279 3570 amorem
1305 3522 1385 3588 erga
1411 3521 1474 3570 vos
1498 3498 1675 3587 augeatis,
1701 3511 1734 3566 ct
1757 3495 1850 3568 mala
1867 3509 1986 3568 nostra
2002 3505 2117 3576 vestra

86 3601 190 3690 longe
205 3599 486 3670 aerumnosiores
502 3622 593 3684 csse,
617 3599 776 3692 quicum
799 3617 956 3666 summos
976 3595 1078 3665 labo-
1123 3600 1373 3671 conamodieate
1394 3599 1573 3690 mitigetis.
1624 3596 1719 3669 Dixi.

86 3726 140 3772 res
152 3703 342 3788 obeamus,
367 3702 406 3770 in
420 3725 558 3773 summa
574 3713 693 3771 tamen
709 3697 830 3789 inopia
849 3697 958 3768 vitam
975 3717 1076 3784 aegre

86 3805 322 3889 traducimus,
347 3818 381 3874 ct
397 3803 540 3873 interim
557 3803 659 3872 nullo
678 3825 750 3871 non
767 3797 1001 3870 contumeliae
1018 3821 1076 3886 ge·
1122 3829 1328 3842 ---·-

87 3930 169 3976 nere
182 3906 368 3975 adficimur
383 3931 402 3974 a
416 3903 611 3995 discipulis,
636 3905 682 3973 ab
698 3903 842 3972 illorum
862 3901 1076 3992 parentibus,
1170 3931 1172 3936 ·
1295 3902 1298 3913 '

89 4007 241 4102 denique
267 4007 314 4076 ab
340 4001 415 4092 his,
455 4007 656 4100 dequibus
687 4004 864 4097 praeclare
889 4023 1075 4072 meremur·
1137 3973 1203 4044 ΝΟ·
1220 3973 1278 4044 ¹⁶·
1944 3995 1993 4038 ⁸¹¹·
2020 3973 2116 4043 ¹⁵²⁷·

88 4107 210 4204 Neque
231 4110 418 4204 quisquam
446 4108 576 4201 opinor
597 4120 754 4178 vestrum
784 4119 836 4176 est
863 4117 934 4175 tam
961 4106 1075 4174 terreo
1131 4069 1302 4100 m
1938 4062 2111 4098 ’Ν

88 4225 244 4304 pectore,
279 4203 401 4307 qui')
428 4210 459 4280 si
488 4204 576 4280 haec
606 4209 819 4308 consideret,
851 4201 1078 4275 vehementer
1404 4159 1481 4256 De
1510 4167 1649 4271 capla
1678 4157 1843 4246 Roma.

90 4313 327 4384 misericordia
342 4313 456 4383 nostri
473 4323 746 4382 commoveatur.
798 4307 998 4400 Supersunt
1012 4331 1075 4376 au·
1194 4320 1316 4378 Protin:
1341 4321 1467 4392 „Ornata
1481 4319 1513 4376 e.
1531 4319 1672 4392 cructgeet
1690 4316 1779 4378 batis·
1792 4319 1820 4388 tn
1835 4317 2010 4388 premortuus
2025 4314 2119 4387 Μηί-

90 4429 156 4484 tern
171 4417 286 4486 multo
300 4415 403 4505 durs
426 4415 539 4499 male,
563 4415 625 4483 sed
650 4435 715 4502 es0
737 4412 891 4512 <testem
910 4433 993 4480 Μ’·
1012 4404 1077 4478 ¹¹³⁶
1227 4385 2136 4526 :tt‘J''eadatattentabat...ittett,tnta'

90 4517 434 4601 commemoratione,
454 4529 488 4587 et
503 4530 641 4607 tempus
655 4527 748 4584 vetat
762 4513 989 4604 prolixiorem
1005 4531 1078 4580 esse
1229 4547 1293 4608 com
1315 4531 1393 4602 apin.
1414 4529 1481 4582 Pbt.
1497 4529 1561 4583 Met.
1579 4525 1612 4579 st
1628 4529 1696 4582 sim.
1712 4523 1871 4594 Grynseom
1892 4525 1925 4578 de
1940 4523 2118 4580 astronomia.

91 4622 297 4690 orationem.
354 4617 476 4712 ltaque
494 4631 535 4687 ut
560 4618 698 4700 finiam,
731 4628 816 4686 suut
838 4609 928 4682 mihi
951 4614 989 4680 in
1010 4607 1077 4680 huc
1231 4597 1403 4718 {ffb-¹23¹&
1419 4597 1459 4658 ¹⁰·
1477 4595 1686 4718 ⁰¹2¹8·[}⁵³¹¹·⁸·
1701 4595 1804 4716 Ριξξι·
1840 4591 2118 4716 ggfm'stlgdsce'fl'

92 4735 243 4792 extremo
258 4735 337 4792 actu
353 4721 519 4811 discipuli
534 4718 646 4788 nostri
664 4715 1014 4800 commonefaciendi,
1041 4729 1074 4782 ut
1228 4688 1301 4792 'byn'
1311 4687 1347 4818 pp.
1361 4669 1540 4858 {dossjssuin
1552 4674 1733 4789 ωἱῖἷιῗίῗῐ.
1748 4703 1768 4789 ι’,
1784 4679 2117 4856 ξ’ωξζὶυάἷὶὲωῦῗξ

190 4825 199 4842 0
356 4823 365 4840 0
605 4820 613 4836 0
633 4820 641 4836 Ι
834 4819 844 4835 0
891 4818 901 4836 Ο
999 4816 1008 4832 0
1988 4834 1996 4851 ι
2109 4817 2116 4850 Ι

93 4849 259 4918 quomam
283 4828 474 4942 andierunt
497 4835 664 4891 suavatas
690 4843 871 4960 accusare,
890 4841 1078 4908 ignaviam,
1230 4819 1366 4958 2:1²?le
1388 4807 1996 4945 ‘'v‘13.{2¹¹,¹'i{2¹,.‘',‘¹‡.{‡,¹2¹,⁸,‘,¹„,'¹‚‘¹,',J,‘',„„
2011 4863 2117 4920 Auda-
2156 4855 2161 4864 .

93 4939 330 5018 contemptum
345 4925 541 5009 literarum,
565 4945 721 4992 amorem
736 4922 958 5012 voluptatum
975 4932 1079 5010 atque
1227 4961 1296 4996 mnae
1310 4942 1423 5002 wuab.
1435 4950 1581 4998 ,amma
1596 4949 1709 5012 propser
1723 4949 1836 5016 putem.

94 5029 178 5114 ocii,
205 5027 519 5120 ingratitudinem,
551 5023 724 5112 admoniti
740 5046 758 5090 a
776 5022 881 5092 nobis
894 5023 981 5092 dent
995 5043 1080 5109 ope·
1142 5065 1147 5082 .

94 5153 164 5200 ram
179 5132 319 5202 uthaec
333 5129 532 5207 emendent,
552 5127 600 5198 ita
617 5125 769 5196 etnobis
783 5124 965 5192 minuetur
980 5121 1081 5191 labor
1128 5087 1257 5186 ‘’lati‘'
1281 5079 1482 5162 ‘mimam
1505 5075 1668 5154 malm
1691 5077 1739 5152 ‘3⁰
1765 5085 1880 5170 mpla
1903 5083 1943 5147 el
1964 5071 2119 5169 direpta

1101 5163 1105 5294 l
1371 5183 1613 5266 ardeliones,
1641 5178 1868 5256 annotant.

95 5249 219 5320 noster,
236 5233 353 5325 stipsi
371 5233 516 5300 domum
532 5252 669 5299 summa
687 5251 765 5298 cum
783 5227 887 5298 laude
903 5223 1081 5307 redibunt,

1129 5314 1212 5396 Eut
1231 5325 1469 5416 intelligebam
1486 5347 1545 5394 eos
1562 5319 1624 5415 qui
1639 5313 1708 5388 hoc
1723 5319 1801 5388 loco
1818 5337 1883 5407 pro
1900 5337 1998 5383 more
2015 5306 2120 5383 scho-

125 5443 152 5517 *t
173 5448 235 5518 qur]
252 5382 343 5526 potatus,
361 5447 438 5516 ‘1⁹¹'ss-
1103 5408 1107 5518 ξ
1130 5429 1184 5497 lac
1200 5429 1296 5498 fictas
1310 5427 1446 5498 fabulas
1460 5437 1587 5516 agunt,
1613 5421 1726 5506 multo
1747 5419 1867 5489 minus
1883 5415 2002 5486 oneris
2016 5414 2123 5486 susti-

94 5544 269 5612 llrcsrru.
288 5543 392 5608 Orra.
421 5539 503 5606 Vos.
520 5537 586 5608 Xl.
1458 5527 1482 5598 9

1812 5752 1896 5791 Ᾰ
2096 5733 2139 5788 ι
2154 5782 2156 5785 .
