4614 5820
419 291 580 369 nsua.
620 290 693 370 au
725 283 984 368 samaro
1020 229 1163 368 rona
1194 288 1666 383 arasourrarn

845 491 894 538 sn.
913 466 1010 534 1544·

841 555 1012 586 m

62 303 124 378 669

67 467 212 596 Q

1984 293 2060 392 cto

1072 464 1199 534 summi
1219 458 1401 544 homines,
1428 463 1491 556 qui
1507 475 1641 555 partem
1657 462 1814 556 aliquam
1831 460 2062 551 gubernatio·

1071 565 1127 632 nis
1142 565 1336 649 sustinent,
1362 565 1602 654 desperatione
1616 566 1767 656 quadam
1783 563 1983 634 existimant
1997 586 2061 653 pe-
2128 554 2137 570 “

1071 665 1168 734 nitus
1190 665 1405 734 abiiciendos
1434 688 1506 734 esse
1535 687 1650 732 remos
1678 677 1713 732 et
1743 664 1843 748 vela,
1874 677 1909 734 et
1932 663 2058 754 procul

1070 765 1274 854 fugiendam
1307 787 1388 849 esse
1412 761 1599 834 hominum
1625 764 1847 845 societatem,
1880 777 1914 832 et
1939 775 2061 854 partes·

1072 889 1194 935 omnes
1214 865 1372 935 civilium
1401 865 1616 947 officiorum,
1649 860 1845 950 Ecclesiae,
1877 863 2060 933 doctrina-

1070 989 1162 1050 rum,
1188 965 1315 1046 curiae,
1342 966 1555 1036 iudiciorum
1570 965 1874 1054 gubernationem.
1911 959 2056 1033 Etenim

177 655 249 738 De
272 653 429 737 stricto
452 651 553 735 inre
568 658 614 733 ct
633 650 877 758 acquitate.

114 831 142 884 lu
155 829 299 884 Declamat.
315 828 349 886 Τ.
364 827 408 882 lV.
422 846 451 894 p.
463 827 498 880 to
510 842 590 896 sqq.‚
607 825 634 878 in
648 823 764 879 Serrest.
782 821 816 876 T.
830 821 877 876 lV.
900 839 927 891 p.
940 819 983 874 68.
996 826 1023 872 et

142 898 208 966 apud
220 897 345 951 Riebsrd.
365 893 398 950 Τ.
412 895 447 949 ΙΙ.
464 913 490 964 p.
504 894 563 947 548.
582 919 617 934 -·
651 892 753 962 Mylius
766 891 796 944 io
811 889 934 944 chronol.
950 887 1022 942 scri·

141 976 245 1034 plorum
259 965 327 1018 Mel.
339 963 413 1018 bunc
426 961 580 1018 oraticnem
593 960 679 1014 relect
692 960 726 1012 ad
738 977 783 1014 au.
798 959 874 1014 1544.

59 1127 167 1194 Oratio
186 1121 230 1192 de
247 1099 380 1192 stcc'cta
401 1123 485 1190 isare
508 1125 547 1190 et
564 1121 781 1210 aequitate,
807 1135 857 1186 ea·
871 1117 915 1187 L.
931 1113 1023 1184 Pla-

59 1229 143 1314 cuit,
167 1221 287 1294 codice
302 1223 349 1292 dc
371 1219 538 1292 iudiciis.
587 1221 768 1290 Recitata
787 1237 811 1286 a
833 1217 882 1288 D.
904 1215 1022 1286 Mel-

59 1323 197 1398 tltt'ure
219 1326 369 1418 Klinp.
422 1321 485 1408 (De
507 1325 610 1386 eadem
626 1347 657 1385 ra
679 1325 770 1386 habes
787 1325 952 1385 orationem
967 1342 1021 1382 su-

419 1449 473 1510 ,a
494 1423 554 1490 uo.
573 1425 642 1506 aa.)

57 1559 182 1643 Multae
195 1591 340 1659 maguae
354 1567 598 1651 difficultates,
620 1565 740 1654 magni
755 1577 870 1634 motus
885 1583 1022 1652 semper

57 1672 190 1741 inomni
207 1669 367 1762 quamvis
389 1668 534 1737 salutari
552 1679 585 1738 et
605 1666 743 1756 placida
767 1663 1022 1753 gubernatione

58 1773 238 1843 extiterunt.
287 1768 377 1838 Nam
393 1781 427 1841 et
443 1761 630 1835 homiuum
648 1778 793 1834 naturae
816 1779 898 1837 sunt
922 1762 1021 1830 inbr-

1072 1090 1144 1135 uon
1160 1067 1250 1134 illud
1268 1079 1404 1136 tantum
1423 1065 1589 1134 miserum
1609 1077 1672 1146 est,
1697 1066 1791 1154 quod
1810 1066 1902 1134 bene
1916 1087 2056 1132 meren·

1071 1182 1140 1248 tes,
1166 1167 1265 1252 odia,
1291 1167 1467 1257 pericula,
1493 1166 1666 1234 cruciatus
1690 1165 1759 1234 sibi
1784 1163 1961 1234 beneficiis
1981 1163 2057 1232 suis

1071 1281 1268 1337 accersunt:
1294 1269 1355 1336 sed
1371 1263 1440 1335 boe
1456 1267 1569 1335 multo
1585 1263 1721 1335 tristius
1736 1277 1796 1349 est,
1813 1267 1909 1358 quod
1924 1265 2055 1333 frustra

1072 1369 1111 1435 iu
1125 1369 1231 1438 tantis
1240 1367 1332 1436 vitae
1347 1366 1633 1450 contusionibus,
1653 1365 1828 1454 suscipere
1842 1378 1958 1434 tantos
1971 1387 2055 1453 ago-

1071 1491 1152 1552 nes,
1175 1481 1272 1537 tanta
1289 1467 1480 1536 certamina
1496 1467 1669 1540 videmur.
1720 1463 1796 1534 Hac
1814 1465 1968 1534 offensus
1984 1465 2053 1532 mi-

1072 1570 1160 1637 seria
1176 1569 1281 1638 etiam
1298 1567 1475 1650 Socrates,
1501 1567 1562 1658 qui
1577 1567 1714 1656 sapiens
1730 1565 1903 1636 iudicatus
1919 1577 1989 1648 est,
2013 1577 2053 1634 ut
2147 1623 2150 1630 .

1070 1670 1206 1747 ferunt,
1230 1669 1389 1751 oraculo,
1414 1667 1503 1756 fugit
1522 1665 1699 1756 Rempub.
1735 1664 1903 1758 ldemque
1920 1665 2054 1756 proles-

1071 1792 1130 1838 sus
1152 1785 1204 1837 est
1227 1781 1260 1837 et
1277 1769 1435 1859 exemplo
1456 1781 1489 1838 et
1505 1767 1695 1850 sententia,
1719 1769 1814 1860 quod
1828 1779 1945 1857 postea
1964 1761 2055 1856 Epi-

58 1896 138 1956 mae,
167 1884 201 1940 ei
226 1869 310 1940 ⁰dl⁰
332 1867 400 1938 Dei
424 1879 627 1956 firmantur
652 1865 787 1934 diaboli
812 1860 1021 1942 homicidae,
1072 1869 1167 1940 curel
1191 1869 1413 1938 tradiderunt
1434 1867 1528 1938 inter
1548 1868 1729 1956 dogmata,
1755 1889 1844 1958 quae
1860 1867 1973 1934 videri
1988 1889 2053 1934 vo·

58 1973 109 2068 qui
127 1970 313 2040 imbecilles
333 1981 477 2038 naturas
501 1967 716 2048 incendunt,
748 1978 789 2034 ut
811 1963 1022 2032 conturbent
1071 1970 1192 2038 lebant
1221 1970 1265 2036 ad
1297 1981 1390 2037 recte
1412 1967 1603 2036 vivendum
1631 1967 1840 2052 necessaria,
1872 1965 2053 2042 videlicet:

58 2072 279 2161 disciplinam,
320 2083 354 2139 et
377 2079 542 2138 moveant
571 2065 729 2154 imperia.
785 2061 867 2131 Non
889 2065 957 2134 fuit
983 2063 1020 2130 in
1071 2093 1145 2138 non
1168 2069 1408 2157 attingendam
1426 2090 1498 2136 esse
1517 2068 1625 2136 ullam
1650 2079 1785 2158 partem
1800 2067 1957 2135 civilium
1974 2065 2053 2133 offi-

58 2172 144 2243 terris
163 2195 221 2240 rex
241 2167 475 2260 praestantior
504 2165 690 2258 sapientia,
727 2163 865 2233 iusticia
891 2177 926 2234 et
947 2163 1021 2230 for·
1071 2171 1221 2240 ciorum.
1270 2164 1468 2238 Astuteini
1485 2167 1642 2260 quidem,
1665 2168 1725 2235 sed
1741 2179 1859 2236 samen
1873 2176 2054 2236 noni-ecte

59 2272 208 2354 titudine,
240 2293 347 2362 quam
373 2266 510 2347 David,
543 2263 638 2336 hunc
662 2278 779 2333 lamen
803 2287 877 2332 nnn
906 2262 1021 2332 solum
1071 2281 1265 2337 sensemnt.
1315 2267 1503 2336 Nascimur
1523 2268 1618 2336 enim
1636 2265 2053 2336 omnesutDeoservia·

59 2387 181 2443 externa
202 2369 314 2454 bella,
346 2369 407 2437 sed
424 2368 527 2436 etiam
549 2365 734 2436 intestinae
754 2364 943 2432 seditiones
958 2361 1022 2428 din
1071 2393 1159 2452 mus,
1182 2369 1243 2460 qui
1259 2391 1357 2437 suam
1374 2366 1519 2436 cuilibet
1532 2367 1716 2436 stationem
1728 2367 1768 2434 in
1780 2360 1848 2436 hac
1862 2368 1935 2436 vita
1950 2366 2054 2436 anri-

59 2489 280 2543 exercuemnt.
330 2465 456 2538 Postea
472 2467 550 2558 ipse
563 2489 623 2536 sua
640 2463 880 2534 imbecillitate
893 2463 1024 2553 lapsus,
1071 2471 1169 2552 buit,
1193 2468 1347 2554 necvult
1363 2469 1602 2536 nosdeserere
1616 2468 1782 2536 mandata
1800 2489 1968 2550 munera,
1991 2477 2052 2534 aut

59 2574 161 2643 ruinas
176 2565 363 2639 horribiles
380 2569 419 2636 in
433 2567 546 2658 patria
567 2566 682 2637 traxit.
734 2562 851 2665 Quatn
869 2563 974 2631 foelix
989 2571 1023 2630 et
1072 2569 1181 2638 animi
1198 2568 1368 2651 mollitie,
1393 2581 1453 2636 aut
1467 2569 1710 2657 desperatione
1730 2569 1879 2637 fractos:
1902 2559 1980 2636 v'uls
1995 2589 2055 2634 re·

59 2673 144 2743 sorus
167 2695 225 2740 rex
252 2669 322 2738 luit
346 2667 485 2762 Cyrus?
526 2664 574 2736 At
607 2661 665 2766 liic
698 2688 776 2734 cum
803 2663 873 2730 iam
899 2673 1022 2752 pacato
1073 2671 1179 2738 sineri
1201 2669 1398 2758 doctrinam
1412 2663 1589 2736 Ecclesiae
1610 2681 1644 2737 et
1666 2668 1778 2755 leges,
1800 2669 1879 2737 vult
1895 2666 2055 2758 discipli·

60 2767 190 2842 Oriente
212 2793 288 2838 nott
309 2770 426 2838 solum
449 2767 558 2856 gloria
574 2766 734 2849 floreret,
760 2765 820 2832 aed
836 2762 941 2834 etlam
957 2761 1025 2829 do·
1051 2793 1156 2848 ¹nam
1179 2782 1213 2838 et
1234 2768 1364 2838 iudicia
1387 2768 1462 2856 regi
1482 2767 1655 2857 tantisper
1669 2769 1754 2835 dum
1771 2768 1956 2858 spiram-us.
2005 2763 2054 2834 Et

60 2875 189 2943 ctrinam
210 2893 331 2938 veram
349 2871 394 2936 dc
410 2865 488 2936 Deo
512 2866 695 2956 amplexus
709 2877 818 2948 esset,
841 2875 874 2930 et
889 2861 1022 2930 dictum
1073 2871 1173 2938 iubet
1190 2868 1361 2938 auxilium
1376 2867 1448 2958 peti
1467 2879 1501 2937 et
1523 2867 1900 2956 expectatissimas,
1924 2879 1959 2936 et
1977 2866 2055 2956 pol-

59 2971 279 3065 proposuisset
294 2971 339 3037 de
356 2969 566 3038 liberatione
581 2980 613 3036 et
631 2964 888 3034 instauratione
900 2959 1028 3030 Eccle·
1073 2971 1200 3038 licetur
1216 2969 1355 3038 labores
1374 2991 1449 3036 non
1469 2967 1547 3036 lore
1563 2968 1696 3041 irritos.
1746 2965 1846 3038 Sicut
1859 2967 1897 3034 in
1913 2965 2058 3036 Psalmo

59 3075 117 3144 siae
129 3071 215 3156 Dei,
238 3069 374 3140 bellum
389 3069 500 3136 movit
519 3090 592 3135 non
610 3065 845 3134 necessarium
858 3063 1024 3132 adversus
1073 3071 1221 3140 dicisum
1245 3065 1399 3158 Expecta
1412 3066 1627 3162 Dominum,
1649 3081 1684 3138 ει
1703 3068 1841 3138 custodi
1856 3068 1948 3138 viam
1967 3067 2057 3136 eius,

59 3169 204 3268 Scythas:
237 3194 309 3264 quo
336 3169 375 3236 in
400 3168 497 3236 bello
520 3165 594 3235 acie
618 3165 730 3234 victus
754 3179 790 3234 et
816 3176 939 3254 captus
961 3173 1027 3245 eat,
1074 3167 1152 3240 Etsi
1169 3171 1279 3258 igitur
1298 3164 1357 3237 bis
1371 3169 1501 3237 nostris
1522 3169 1652 3238 studiis
1673 3159 1820 3256 magnac
1835 3168 2059 3237 difficultates

59 3288 87 3343 et
109 3296 231 3366 corpus
255 3269 431 3340 interlecti
456 3265 691 3337 muliebribus
710 3263 938 3334 contumeliis
960 3263 1031 3331 ad·
1074 3271 1311 3352 obiiciantur,
1342 3283 1461 3338 tamen
1484 3264 1550 3337 hac
1573 3293 1639 3338 nos
1658 3269 1902 3338 consolatione
1917 3281 2056 3337 susten-

59 3375 251 3446 factumest.
1075 3384 1200 3442 tanus.
1250 3368 1332 3438 Nou
1354 3369 1558 3438 abiiciamus
1574 3370 1693 3457 legum
1714 3369 1911 3438 custodiam
1922 3367 2057 3436 divini-

143 3473 250 3543 Plena
267 3468 709 3558 esttaliumexemplnrum
721 3463 887 3534 universa
900 3460 1027 3530 mundi·
1076 3487 1134 3542 tus
1154 3469 1259 3539 nobis
1280 3469 1572 3538 commendatam.
1625 3467 1701 3536 Nec
1719 3469 1924 3538 dubitemus
1943 3467 2059 3537 Deum

59 3569 204 3648 historia.
253 3569 331 3642 Cur
349 3583 466 3640 autem
489 3563 575 3637 baec
600 3581 673 3637 tam
695 3564 809 3634 tristia
832 3560 1026 3654 Spectacula
1077 3572 1171 3640 inter
1200 3565 1266 3638 bos
1294 3569 1524 3659 imperiorum
1553 3568 1746 3650 tumultus,
1778 3569 1917 3660 aliquas
1937 3580 2058 3636 tamen

59 3669 436 3766 nobisproponuntur?
485 3667 624 3738 Multae
634 3687 782 3756 magnae
796 3687 920 3734 causae
932 3673 1028 3742 sunt,
1076 3670 1216 3762 politius
1231 3657 1558 3753 servatumm'esse,
1583 3691 1625 3737 ac
1637 3664 1790 3760 hospitia
1802 3664 1995 3752 Ecclesiae,
2018 3667 2056 3734 in

59 3777 230 3866 dequibus
244 3770 599 3862 aliassaepcdicisur:
622 3767 760 3837 Fatales
773 3787 906 3856 poenam
921 3763 1029 3832 scele-
1077 3772 1207 3866 quibus
1226 3769 1450 3860 disciplinam
1467 3784 1501 3839 et
1522 3769 1651 3838 iudicia
1673 3771 1750 3839 vuit
1766 3771 1839 3862 regi
1861 3771 1977 3857 legum
1995 3791 2060 3836 au.

59 3898 127 3943 mm
148 3874 272 3946 muudi
287 3885 459 3960 vagantur
479 3893 544 3960 per
564 3883 678 3940 tntum
700 3889 813 3957 genua
832 3860 1027 3933 humanum
1077 3873 1221 3942 toritate
1235 3883 1269 3941 et
1287 3893 1395 3954 voce,
1418 3891 1494 3938 nou
1510 3883 1650 3939 tantum
1663 3869 1819 3939 arbitriis
1838 3869 1980 3940 incertis
1995 3891 2063 3959 po·

59 3976 210 4045 omnibus
229 3973 369 4044 seculis.
427 3967 510 4040 Nou
533 3971 576 4038 ad
601 3969 808 4038 suavitatem
829 3980 863 4036 et
886 3964 1032 4033 delicias
1079 3987 1227 4066 tentum,
1284 3969 1410 4062 itaque
1441 3964 1540 4062 hune
1568 3970 1686 4038 iocum
1718 3971 2062 4061 interpretandam

60 4076 243 4161 nascimur,
265 4075 327 4142 scd
351 4095 431 4142 cum
456 4069 495 4138 iu
516 4064 584 4138 bac
604 4082 752 4138 naturae
771 4063 949 4136 humanae
967 4065 1031 4133 dc·
1079 4075 1206 4162 legam,
1230 4083 1264 4140 et
1279 4083 1436 4138 nostram
1448 4069 1487 4137 iu
1503 4070 1646 4140 iudiciis
1662 4070 1899 4141 assiduitatem
1915 4093 1989 4139 non
2005 4091 2062 4138 so·

60 4179 254 4264 precatione
265 4195 411 4262 magnae
424 4171 495 4240 sint
518 4170 558 4238 in
573 4169 704 4238 animis
716 4168 901 4250 tenebrae,
921 4180 955 4235 et
968 4189 1030 4234 cu·
1079 4175 1155 4241 lum
1167 4171 1309 4262 plenam
1324 4170 1608 4256 diguitatisesse,
1630 4171 1690 4238 sed
1709 4171 1814 4238 etiam
1828 4171 1904 4241 Deo
1925 4171 2065 4262 placere

59 4277 231 4346 mulentur
259 4274 389 4342 scelera
422 4271 530 4340 variis
562 4269 762 4353 furoribus,
793 4266 931 4336 iusticia
963 4261 1030 4332 Dei
1080 4271 1205 4340 sentio.
1256 4267 1330 4340 Nec
1345 4269 1553 4340 indecorum
1574 4293 1648 4340 esse
1667 4266 1942 4356 honestissime,
1969 4273 2066 4340 inter

61 4375 140 4445 icam
157 4379 327 4446 adsersus
349 4384 490 4464 peccata
515 4370 615 4438 omni
638 4392 766 4458 genere
794 4365 1030 4436 calamitatum
1081 4373 1239 4442 iuniores
1252 4373 1299 4439 de
1313 4370 1618 4441 virtuteomuium
1634 4395 1792 4451 summa,
1817 4371 1998 4452 videlicet,
2020 4373 2065 4439 de

61 4477 215 4548 declarat.
270 4471 341 4544 Sed
365 4486 482 4542 tamen
507 4471 677 4539 immensa
699 4467 767 4539 Dei
796 4467 937 4536 bonitas
957 4487 1032 4534 non
1080 4473 1219 4543 iusticia
1233 4457 1419 4555 disserere,
1445 4471 1573 4541 iudico.
1627 4470 1775 4565 llli‘ipsi
1791 4473 1859 4541 viri
1873 4474 1935 4567 qui
1951 4473 2066 4562 impe-

60 4578 129 4647 vult
142 4576 285 4648 accendi
299 4587 409 4643 totam
425 4567 533 4655 iram,
557 4584 597 4640 ut
613 4567 775 4640 Psalmus
786 4568 917 4660 inquit.
958 4565 1032 4636 Mi·
1079 4574 1174 4643 rium
1191 4573 1288 4641 orbis
1304 4583 1476 4641 terrarum
1496 4573 1672 4660 regebant,
1697 4571 1880 4658 Scaevola,
1898 4572 2067 4664 Papinii.

61 4677 207 4767 ligantur
228 4697 383 4766 poenae,
414 4673 463 4742 ita
492 4695 538 4740 ne
560 4684 673 4740 totum
699 4692 809 4759 genus
837 4665 1032 4738 humanum
1080 4699 1162 4756 nus,
1185 4672 1372 4762 Ulpianus,
1399 4672 1522 4753 etalii,
1548 4697 1628 4743 cum
1643 4675 1681 4740 in
1697 4697 1874 4744 summum
1888 4671 2066 4762 fastigium

61 4793 179 4866 peceat.
227 4773 345 4862 Elegit
368 4774 464 4843 enim
476 4769 575 4842 Deus
589 4772 658 4838 sibi
673 4767 885 4848 Ecclesiam,
910 4769 1030 4860 inqua
1060 4775 1061 4838 ]
1080 4769 1386 4856 vitaehumanae,
1415 4785 1563 4863 propter
1582 4775 1819 4843 eruditionem
1841 4787 1876 4844 et
1900 4763 2067 4843 uirtutem

62 4877 445 4968 perpetuocelebretur.
495 4871 579 4942 ldeo
592 4871 729 4964 aliquas
747 4883 861 4938 servat
884 4869 1035 4960 politias,
1080 4874 1190 4970 erecti
1215 4887 1345 4956 essent,
1368 4887 1486 4943 nmen
1509 4874 1549 4941 in
1568 4869 1689 4944 schola
1712 4875 1994 4946 adolescentibus
2016 4874 2069 4941 lc·

63 4973 167 5048 etbac
187 4975 378 5067 disciplina
400 4987 434 5044 et
458 4973 597 5060 legibus
609 4971 683 5061 regi
699 4971 793 5054 vult,
817 4983 931 5038 servat
952 4969 1032 5036 lite·
1060 4977 1061 4980 ’
1080 4998 1165 5064 gum
1179 4975 1296 5044 fontes
1310 4987 1344 5043 ct
1359 4973 1633 5064 disputationes,
1658 4989 1696 5044 ut
1717 4999 1783 5044 nos
1802 4975 1969 5059 iacimus,
1994 4987 2069 5043 tra-

63 5102 173 5148 rarum
196 5093 230 5149 et
251 5075 435 5147 doctrinae
453 5069 615 5164 hospitia.
671 5069 720 5141 Et
740 5071 885 5139 mandat
905 5070 1035 5158 guber·
1061 5077 1226 5149 ¹(latitant.
1259 5071 1399 5144 Horum
1411 5075 1570 5165 exempla
1586 5075 1700 5168 sequi,
1715 5071 1902 5146 honestum
1915 5088 1949 5150 et
1967 5099 2071 5168 prae·
2112 5087 2114 5090 ’

63 5181 257 5263 actoribus,
280 5191 321 5248 ut
344 5175 413 5243 sint
437 5175 554 5262 legum
578 5187 611 5243 et
635 5171 843 5263 disciplinae
864 5172 1037 5254 custodes,
1084 5177 1219 5244 clarum
1239 5188 1303 5248 est.
1654 5169 1655 5174 ’
2054 5201 2061 5214 ’

66 5291 93 5347 et
108 5303 166 5348 eos
175 5281 330 5350 adiuvat·
381 5274 452 5346 Sed
476 5275 515 5342 in
531 5274 640 5344 tantis
655 5270 877 5342 fluctibuaac
898 5271 1034 5362 procel·
1181 5273 1274 5346 Cum
1296 5276 1408 5364 igitur
1420 5277 1588 5348 usitatum
1603 5277 1666 5362 sit,
1692 5277 1730 5346 in
1752 5271 1809 5344 bis
1825 5276 2073 5367 congressibus

65 5377 104 5446 lis
116 5403 230 5464 rerum
245 5375 482 5449 humatarum
504 5397 604 5466 saepe
622 5387 699 5444 tum
720 5374 936 5456 medioeres,
958 5385 1036 5442 tum
1082 5375 1215 5470 aliquid
1246 5378 1292 5446 de
1320 5378 1438 5469 legum
1467 5379 1639 5467 dignitate
1658 5375 1803 5460 dicere,
1834 5393 1874 5452 ut
1904 5380 2072 5448 iuventus
