4704 5826
125 281 206 356 sss
596 277 756 358 nucu
790 277 867 354 nu
900 277 1131 354 ioanni:
1162 241 1319 358 nucu
1351 279 1472 356 sax.
1504 277 1703 355 eruor.
2094 289 2172 366 osi

126 457 276 552 quidem
289 453 408 545 vagari
428 465 469 524 ut
484 452 627 528 vellent.
678 452 774 524 Haec
791 455 863 524 duo
886 455 1034 545 imperis
1054 477 1123 524 no-
1174 457 1219 528 da
1234 469 1295 528 est
1348 454 1431 526 Non
1444 475 1545 540 cusu,
1569 477 1644 525 non
1666 455 1983 530 temereconlloiiit
2002 453 2170 534 baccho*

127 562 332 642 minantur,
364 556 514 628 alterum
536 549 755 626 δεσποτικὸν
776 558 872 648 quod
898 557 989 645 cogit
1005 551 1120 625 homi·
1173 561 1313 630 minum
1336 573 1462 629 natura
1486 581 1525 626 eii
1546 558 1692 642 atomis,
1715 571 1759 629 ut
1773 559 1924 648 fingebat
1943 560 2167 636 Democritus

127 685 213 746 nes,
265 661 416 732 alterum
447 653 636 730 πολιτικὸν
671 659 768 751 quod
807 658 896 748 regit
928 659 1122 731 suadendo.
1173 676 1209 734 et
1221 659 1415 752 Epicurus:
1442 661 1503 730 sed
1518 659 1650 752 ubique
1668 660 1774 730 obvia
1792 676 1879 732 sunt
1900 665 2053 735 illustria
2068 667 2166 738 testi.

126 763 319 855 Utrunque
344 758 521 832 cernimus
544 759 583 827 iii
607 755 769 841 homine,
810 759 940 829 noticia
966 760 1119 852 quaein
1172 765 1314 846 monia,
1339 785 1429 858 quae
1452 763 1662 846 ostendunt,
1687 775 1720 832 et
1742 785 1816 832 esse
1829 761 1964 851 Deum,
1992 780 2027 837 et
2047 769 2165 840 nosci

124 867 273 936 cerebro
288 875 351 944 est,
367 875 403 933 et
414 860 552 944 electio,
575 855 681 931 babet
695 855 913 932 δεσποτικὸν
931 861 1120 951 imperium
1172 891 1276 937 curae
1289 891 1379 936 esse:
1406 877 1440 933 et
1454 858 1609 932 bumana
1624 865 1730 933 corda
1745 866 1790 934 ad
1806 860 1873 936 lioc
1888 867 2003 958 ipsum
2019 870 2163 942 condita

123 967 372 1058 inpotentiam
387 961 650 1041 locomotiram,
678 965 746 1032 ciet
764 985 909 1046 nervos,
936 976 969 1032 et
985 963 1119 1033 iustru-
1171 986 1261 1052 esse,
1286 985 1327 1042 iit
1342 969 1414 1037 siut
1431 963 1498 1036 Dei
1521 963 1761 1037 domicilium:
1794 991 1884 1064 qnae
1907 972 2051 1063 quidem
2077 987 2162 1044 tuno

123 1083 246 1139 menta
269 1081 386 1136 motus
413 1062 537 1134 localis
560 1085 624 1132 suo
652 1063 801 1132 consilio
826 1077 861 1137 et
884 1065 1052 1144 arbitrio,
1085 1077 1119 1134 et
1171 1073 1310 1161 penitus
1334 1090 1602 1158 cognoscemus,
1626 1091 1709 1137 curo¹
1726 1068 1764 1138 in
1785 1069 1846 1139 illa
1867 1086 2006 1142 aeterna
2023 1071 2161 1145 Acade-

124 1171 247 1252 nervi,
281 1167 432 1236 musculi
455 1159 882 1256 eiromecobtemperant
899 1167 1118 1236 sinecoutu-
1170 1173 1262 1256 mia,
1288 1175 1326 1242 in
1343 1173 1420 1262 ipso
1435 1167 1512 1239 Deo
1533 1169 1648 1238 ideam
1663 1185 1812 1241 naturae
1826 1176 2161 1266 contemplabimur.
2219 1223 2221 1239 ·

123 1273 249 1341 macie·
291 1263 460 1351 Achillen
486 1267 549 1335 ⁰¹⁸5
565 1289 626 1335 ⁶⁰¹¹
643 1268 826 1336 inctsswffl
840 1281 892 1338 ²⁸1
906 1269 971 1350 51³,
999 1281 1117 1338 lamen
1169 1273 1240 1344 Sed
1256 1273 1425 1344 tamenin
1442 1269 1507 1340 bac
1517 1272 1587 1341 vita
1603 1267 1708 1341 huius
1721 1286 1838 1343 tantae
1852 1277 2043 1366 sapientiae
2058 1303 2160 1348 exor-

123 1375 276 1462 imperat
293 1371 476 1452 manibus,
500 1381 535 1436 et
555 1367 729 1459 imperare
746 1382 878 1459 potest,
903 1384 943 1440 ut
959 1370 1116 1459 gladium
1168 1378 1226 1445 dia
1251 1377 1326 1447 vult
1349 1374 1481 1467 percipi
1504 1387 1538 1442 et
1552 1376 1734 1462 cognosci,
1761 1397 1801 1444 ac
1816 1375 1985 1448 immensa
2003 1380 2161 1452 bonitate

122 1475 319 1544 recondant
349 1472 386 1538 iii
410 1470 593 1559 vaginam,
626 1471 776 1560 imperat
804 1472 973 1561 pedibus,
1005 1487 1046 1544 ut
1071 1473 1117 1542 ab
1167 1479 1372 1550 effiiuditin
1391 1478 1496 1546 corda
1514 1475 1755 1546 invocantium
1772 1477 1910 1568 ipsum,
1936 1479 1991 1549 sui
2009 1483 2159 1572 pectoris

122 1575 391 1666 Agamemnone
404 1572 598 1644 discedant
650 1569 728 1640 Hoc
745 1575 852 1642 modo
876 1573 1027 1644 noticiae
1042 1597 1116 1644 non
1168 1581 1350 1672 spiritum,
1388 1591 1429 1649 ut
1463 1591 1666 1648 nostrorum
1692 1579 1854 1649 cordium
1880 1579 2025 1671 spiritus
2049 1597 2159 1658 sanet.

121 1679 323 1768 gubernant
338 1675 457 1758 corda,
481 1674 542 1742 sed
559 1667 626 1742 bae
643 1675 824 1742 suadendo
841 1689 1023 1764 reguntur.
1056 1673 1116 1744 ln·
1167 1683 1397 1778 Nequaquam
1416 1682 1496 1751 vult
1518 1703 1616 1748 suain
1638 1683 1756 1748 sedern
1773 1703 1793 1750 a
1809 1681 1961 1752 diabolis
1983 1686 2158 1774 occupari,

25 1866 28 1872 Δ
120 1779 251 1868 telligit
264 1775 439 1864 Socrates,
466 1774 696 1865 temperantia
711 1776 913 1844 conservari
927 1777 1020 1846 vires
1035 1801 1116 1848 cor·
1167 1809 1276 1879 quare
1298 1801 1331 1856 et
1355 1783 1506 1852 libenter
1521 1782 1626 1852 nobis
1647 1805 1751 1874 opem
1775 1783 1862 1872 lert,
1889 1799 2032 1876 propter
2052 1809 2156 1856 suum

120 1882 238 1972 poris,
272 1876 543 1968 intemperantia
579 1875 693 1956 laedi,
730 1877 854 1946 voleus
886 1877 1116 1968 igiturvitat
1168 1888 1296 1957 silium:
1328 1901 1362 1955 et
1383 1883 1599 1954 severissime
1621 1884 1810 1977 praecipit,
1842 1899 1883 1956 ut
1906 1899 2085 1978 petamus,
2118 1903 2158 1960 tit

121 1984 339 2052 ebrietatem.
392 1974 445 2047 Ae
479 1977 509 2046 si
536 2001 612 2046 non
645 1979 784 2048 turbata
812 1991 902 2048 estet
929 1974 1114 2050 harmonia
1166 1990 1240 2080 ipse
1257 2002 1396 2080 pectora
1421 2001 1539 2056 nostra
1556 1986 1738 2078 gubernet.
1760 2049 1766 2060 .
1789 1983 2035 2058 Exuscitemus
2049 1988 2158 2078 igitur

120 2085 241 2174 legum
257 2095 291 2151 et
306 2081 434 2163 cordis,
459 2101 597 2170 semper
613 2091 739 2170 sponte
755 2093 992 2172 congruerent
1007 2085 1112 2152 corda
1167 2115 1232 2160 uos
1250 2093 1295 2160 ad
1317 2087 1403 2160 liaec
1424 2103 1523 2171 vota,
1556 2101 1591 2158 et
1614 2088 1706 2156 veris
1729 2089 1918 2177 gemitibus
1938 2087 2052 2160 Deum
2076 2115 2157 2161 ore·
2196 2079 2198 2084 ⁸

119 2211 202 2256 oum
218 2183 366 2272 legibus.
416 2178 521 2250 Nunc
539 2180 675 2250 veroin
699 2176 765 2250 liac
782 2181 1023 2254 imbecillitate
1043 2179 1113 2252 bii·
1165 2215 1265 2276 mus,
1289 2207 1329 2262 ut
1350 2191 1425 2282 ipse
1446 2213 1584 2279 semper
1599 2189 1691 2258 adsit
1713 2190 1752 2258 in
1768 2191 1935 2262 cordibus
1952 2193 2095 2276 nostris,
2121 2208 2157 2265 et

119 2309 247 2356 manae
271 2297 418 2354 naturae
443 2295 478 2352 el
500 2281 648 2352 dissidio
664 2283 806 2363 virium,
834 2296 949 2354 lamen
964 2285 1113 2356 sciamus
1165 2294 1203 2363 in
1219 2291 1287 2364 hoe
1300 2317 1364 2364 suo
1378 2292 1559 2362 domicilio
1576 2293 1694 2376 corda,
1710 2291 1870 2383 spiritus,
1892 2309 2036 2380 mentes,
2060 2319 2156 2365 cere.

119 2385 238 2458 Deum
266 2383 439 2473 singulari
469 2383 619 2454 consitio
645 2399 681 2456 et
702 2369 874 2454 beneficio
899 2387 937 2454 in
968 2383 1113 2457 bomine
1164 2399 1280 2481 bium,
1306 2409 1339 2464 et
1356 2417 1479 2463 omnes
1494 2393 1587 2462 vires
1602 2407 1740 2462 nostras
1755 2417 1818 2464 sua
1833 2395 1912 2464 lnce
1938 2411 1972 2467 et
1997 2420 2061 2467 suo
2084 2398 2157 2488 spi..
2250 2395 2253 2400 '
2280 2421 2285 2436 =

119 2507 346 2560 conservasse
366 2480 459 2556 hanc
484 2499 617 2575 partem
643 2485 838 2576 libertatis,
869 2501 908 2558 ut
931 2489 1111 2578 despotico
1164 2499 1235 2568 ritu
1251 2499 1441 2588 gubernet,
1465 2508 1505 2565 ut
1519 2517 1601 2564 vers
1620 2495 1823 2580 doceamus,
1845 2509 1879 2567 et
1896 2498 2062 2570 salutaria
2087 2521 2155 2574 nos

119 2589 269 2682 imperio
287 2587 361 2676 regi
376 2600 541 2656 externae
556 2587 712 2656 actiones
727 2588 872 2678 possint.
911 2587 1000 2658 Vult
1017 2591 1110 2658 enim
1163 2601 1218 2670 bis
1233 2614 1269 2671 et
1285 2599 1350 2672 toti
1366 2593 1544 2670 Ecclesiae
1560 2619 1715 2686 agamus,
1764 2594 1858 2668 Dixi,

118 2691 274 2781 intelligi
300 2687 511 2771 discrimen,
552 2688 685 2757 liberae
713 2689 848 2778 agentis
873 2690 1049 2780 potentiae
1078 2705 1112 2762 et

117 2816 264 2888 prorsus
284 2789 460 2883 captivae,
486 2789 565 2860 vult
587 2789 670 2858 sciri
694 2811 820 2858 ecesse
840 2811 946 2880 agens
965 2791 1109 2880 liberri-
1167 2804 1298 2815 ““““

116 2919 237 2974 mum,
259 2911 334 2962 uon
357 2891 535 2960 inclusum
555 2891 665 2960 stoico
681 2891 832 2976 carceri,
858 2894 918 2961 sed
934 2891 1108 2964 volentem
1161 2929 1215 3001 No
1247 2931 1319 3002 ω
1972 2959 2009 3000 m
2045 2913 2140 3002 1550·

117 3019 257 3066 servare
283 2995 507 3077 invocantes,
541 3005 575 3062 et
589 3005 811 3062 contumaces
833 2994 972 3082 punire.
1022 2993 1111 3066 Vult
1168 2980 1340 3056 *iv-2
1971 2980 2143 3060 ubo-..2

116 3096 306 3188 disciplina
321 3094 456 3164 frenari
470 3089 642 3162 homines.
682 3090 779 3164 Haec
793 3095 946 3184 intelligi
964 3107 998 3165 et
1015 3095 1110 3166 iiidi-
1285 3127 1361 3213 De
1383 3125 1559 3212 Ioanne
1581 3125 1714 3214 Dm
1737 3125 1843 3216 sax
1880 3129 2016 3218 Εἶρα

116 3200 191 3270 cari
216 3210 381 3290 possunt,
415 3217 496 3264 cum
518 3195 753 3264 discernimus
775 3195 814 3263 in
834 3189 980 3266 homine
997 3197 1108 3288 impe-
1844 3189 1855 3215 ⁶
2018 3193 2029 3217 ⁸

234 3291 454 3371 πππππ
476 3309 511 3366 ..
538 3290 737 3368 ππιππ·
790 3295 970 3389 ιπππ
1231 3284 1783 3424 'actea-..au:fiizun
1799 3287 2156 3421 aasentias:

115 3426 218 3493 ”epe
238 3425 316 3484 cor,
340 3411 381 3470 nt
405 3412 596 3492 tyrannum
614 3420 811 3489 repugnare
828 3399 918 3488 legi,
942 3411 978 3470 et
996 3399 1109 3491 impe·
1263 3423 1392 3476 Etiamsi
1412 3422 1719 3478 aritimeditaa.15⁵0.
1740 3423 1764 3478 4.
1779 3425 1848 3495 tpt.
1884 3426 1946 3486 Vid.
1960 3425 2088 3482 strobetii
2107 3422 2152 3480 bi·

114 3506 194 3575 dire
210 3494 429 3575 denuntiastis
450 3499 640 3592 imperium
658 3498 810 3584 cerebri,
837 3515 870 3570 et
885 3501 1107 3592 disciplinam
1262 3491 1356 3548 bituiti.
1404 3490 1502 3547 ctinit.
1516 3491 1567 3548 ΝΘ·
1580 3491 1642 3545 ³⁵⁵·

114 3607 272 3725 mrim
307 3599 1011 3722 Pni‘ar‘i‘iu³⁰¹⁰r⁰¹³pitli⁸l⁰¹¹³f⁰2
1028 3599 1107 3672 Μ’
1159 3657 1286 3727 Oratio
1308 3651 1356 3724 de
1381 3655 1522 3722 Ioanne
1546 3650 1956 3726 vicesimanoru-
1980 3661 2149 3732 recitata

113 3723 238 3780 tonius
259 3705 366 3776 stulta
390 3704 587 3774 ambitione
613 3716 649 3773 et
678 3704 913 3776 aemulatione
942 3717 1107 3775 incitatus
1948 3707 1958 3744 ’

112 3809 250 3880 bellurn
266 3803 419 3878 Octavio
433 3805 552 3874 inlert.
586 3803 635 3874 Hi
653 3806 791 3876 furores
805 3807 896 3876 fiunt
911 3805 1016 3878 ctiam
1030 3829 1108 3876 ma·
1158 3780 1182 3829 ⁰
1196 3759 1303 3830 Dm
1320 3756 1418 3826 ium
1439 3755 1701 3826 mmmm
1727 3753 2037 3881 Lindemfnnt
2065 3783 2152 3832 cum

1043 3909 1106 4002 qui
1157 3860 1299 3958 procliis
1324 3855 1594 3936 decerneretur
1615 3858 1770 3930 Ductori
1790 3861 1926 3932 locam
1948 3859 2174 3940 scierunt.

112 3933 221 4086 {tlt
235 3908 808 4101 lllslltlllilllttlzll
820 3931 839 3977 ⁸
856 3909 1020 4032 ⁶¹³¹²⁰¹¹⁸³
1310 3957 1596 4055 siriniensi,
1624 3957 1660 4031 π.
1683 3957 1719 4034 i.
1734 3959 1871 4033 neco.
1892 3961 1999 4038 155⁰.

216 4109 265 4182 Et
278 4112 318 4180 in
334 4110 465 4180 talibus
481 4111 591 4180 multa
607 4124 799 4180 occurrunt
815 4112 918 4196 mala,
943 4111 1108 4182 diabolus
1160 4097 1241 4179 lieo
1256 4121 1400 4178 aeterno
1413 4107 1506 4199 patri
1516 4106 1663 4178 Domini
1680 4110 1793 4180 nostri
1809 4108 1887 4182 lesu
1897 4108 2042 4201 Christi,
2062 4139 2152 4187 coii-

112 4234 288 4306 occupans
304 4213 412 4282 corda
425 4201 607 4304 utrunque
623 4211 719 4294 lacit,
740 4235 805 4282 suo
819 4213 952 4293 aillitu,
979 4236 1107 4303 pravos
1157 4210 1267 4282 ditori
1290 4223 1325 4280 et
1339 4211 1477 4280 custodi
1492 4205 1670 4281 Ecclesiae
1684 4235 1786 4297 suae,
1811 4228 1846 4284 et
1864 4213 2019 4286 iustitiae
2036 4241 2076 4288 ac
2089 4242 2151 4290 so-

110 4317 259 4390 aliectns
272 4311 432 4384 accendit
446 4325 480 4383 et
495 4327 609 4402 suget,
631 4313 670 4382 iii
686 4325 804 4384 mente
816 4315 920 4385 etiam
932 4315 1106 4404 extinguit
1157 4312 1292 4383 metatis
1315 4307 1492 4382 bumanae
1515 4313 1772 4398 conservatori,
1796 4315 2027 4407 gratiasago,
2053 4323 2150 4413 quod

111 4443 236 4490 verum
261 4415 455 4500 iudicium,
482 4429 517 4485 et
532 4415 637 4484 corda
660 4414 811 4504 gignunt
824 4416 968 4507 spiritus
982 4417 1106 4488 vitales
1157 4411 1327 4486 hactenus
1340 4415 1533 4484 clementer
1547 4436 1612 4482 nos
1626 4415 1787 4505 protexit,
1809 4431 1845 4487 et
1858 4443 1932 4489 non
1951 4420 2036 4491 sinit
2051 4425 2149 4515 apud

110 4532 324 4602 venenatos,
354 4517 476 4610 quiet
510 4515 580 4607 ipsi
608 4519 793 4586 cerebrum
820 4531 854 4587 et
881 4517 969 4586 alias
988 4532 1106 4610 partes
1156 4539 1222 4587 nos
1246 4517 1401 4606 extingui
1425 4515 1608 4586 doctrinae
1629 4517 1763 4602 studia,
1793 4541 1884 4610 qnae
1907 4521 2001 4592 vitae
2031 4518 2150 4594 bomi-

110 4621 295 4704 inliciunt‚
321 4633 363 4689 ut
374 4619 413 4688 lit
427 4618 466 4687 in
478 4618 600 4688 bestiis
615 4617 778 4692 rabiosis.
829 4615 926 4689 Haec
946 4618 1104 4710 ingentia
1139 4651 1141 4656 ·
1157 4643 1244 4689 num
1257 4619 1451 4688 necessaria
1467 4632 1566 4688 sunt:
1593 4641 1743 4710 eumque
1759 4631 1835 4690 toto
1850 4635 1993 4713 pectore
2008 4647 2084 4712 oro,
2108 4639 2149 4697 ut

109 4725 204 4794 mala
224 4721 480 4792 consideranda
496 4733 597 4802 suut,
623 4733 659 4789 et
673 4743 809 4790 summa
831 4745 914 4791 curo
929 4717 1104 4792 adhiben-
1156 4743 1222 4791 nos
1236 4722 1403 4812 deinceps
1416 4743 1559 4812 quoque
1574 4719 1745 4809 gubernet
1772 4733 1805 4792 et
1828 4735 1987 4811 tueatur,
2012 4739 2045 4796 et
2064 4749 2150 4818 pro-

109 4817 155 4896 de
172 4837 243 4905 est,
269 4836 310 4893 ut
324 4821 456 4893 sanitas
472 4822 607 4908 cordis,
632 4835 803 4916 quantum
822 4823 897 4892 lieri
914 4837 1046 4915 potest,
1069 4837 1105 4895 et
1154 4835 1234 4916 pter
1254 4845 1352 4892 suani
1374 4821 1523 4912 gloriam
1547 4821 1585 4889 iii
1611 4815 1667 4890 his
1691 4823 1895 4912 regionibus
1917 4850 2054 4917 semper
2073 4829 2147 4899 lilio

109 4927 317 4998 restituatur
341 4937 376 4995 et
395 4939 634 4996 conservetur.
685 4919 732 4994 lli
748 4925 891 5016 quidem
913 4941 953 4996 ut
974 4925 1102 4996 sitdo-
1153 4949 1219 4996 suo
1236 4921 1393 4994 Domino
1410 4937 1531 4994 nostro
1549 4920 1626 4995 lesu
1638 4917 1782 4996 Christo
1799 4921 2052 4997 haereditatem
2073 4929 2149 5001 col-

107 5029 281 5100 iniciliom
296 5023 385 5111 Dei,
408 5027 452 5096 ad
469 5050 575 5120 quein
597 5047 700 5098 usum
722 5025 967 5117 principaliter
976 5029 1104 5098 condi·
1154 5027 1259 5118 ligat,
1285 5026 1539 5096 celebraturam
1558 5023 1673 5116 ipsuni
1694 5027 1846 5096 inomni
1867 5028 2083 5103 aeternitate.

108 5141 263 5202 trimest.
317 5125 414 5198 Haec
428 5128 534 5210 bona,
557 5141 597 5197 ut
615 5129 870 5216 intelligamus,
896 5129 1103 5220 adpetamus
1257 5125 1553 5198 Honestissimum
1571 5141 1752 5198 estantein
1774 5129 1812 5198 iii
1829 5125 1885 5200 his
1902 5131 2146 5221 congressibus

109 5245 144 5304 et
159 5253 405 5325 assequamur,
436 5229 598 5299 doctrina
622 5231 667 5299 de
692 5225 747 5298 bis
770 5233 876 5300 tantis
899 5233 1024 5315 rebus,
1057 5233 1102 5301 de
1153 5229 1224 5300 dici
1246 5231 1382 5323 aliquid
1401 5231 1497 5323 quod
1522 5232 1634 5320 prosit
1655 5232 1699 5299 ad
1723 5231 1938 5318 erudiendos
1954 5233 2145 5316 auditores,

107 5347 234 5405 natura
251 5327 418 5412 hominis,
443 5332 487 5400 de
502 5343 621 5400 nostra
637 5331 888 5416 imbecillitate,
912 5333 957 5402 de
971 5333 1102 5404 volun·
1151 5334 1208 5402 vel
1229 5333 1273 5402 ad
1294 5333 1460 5402 virtutem
1485 5331 1697 5405 excitandos.
1750 5331 1835 5403 ldeo
1857 5333 1944 5404 alias
1960 5337 2005 5404 de
2027 5335 2145 5425 legum

107 5449 178 5509 tate
192 5435 278 5524 Dei,
290 5437 334 5506 de
347 5431 527 5506 beneficiis
541 5431 606 5501 blii
618 5427 699 5518 Dei,
712 5433 869 5504 studiose
884 5456 1100 5525 cognoscen-
1149 5447 1353 5506 nostrarum
1375 5431 1548 5524 dignitate
1572 5433 1659 5503 dixi.
1720 5433 1825 5507 Nunc
1848 5459 1932 5508 vero
1956 5431 2143 5508 historiam
