4704 5826
162 303 240 386 sss
825 295 988 384 onon
1016 293 1095 382 or
1125 252 1526 386 raroarroru
2130 311 2223 388 oss

174 543 177 550 .
265 475 345 556 Etsi
360 499 483 552 rerum
499 489 562 565 est,
585 471 766 572 bseepios
781 475 936 550 libenter
949 477 1083 566 iacere,
1106 491 1163 552 ta-
1211 477 1329 552 statim
1345 479 1528 572 contingat
1543 495 1692 554 eventus
1705 501 1772 576 pro
1786 481 1918 558 nostris
1932 483 2037 573 votis,
2055 485 2132 556 slve
2147 487 2223 557 irs-

164 611 246 664 men
263 584 424 657 etmalos
440 595 476 654 et
495 583 628 665 bonos,
653 603 744 676 opus
768 595 821 654 est
839 581 1007 654 mandato
1031 581 1162 674 urgeri.
1211 583 1374 669 terdum,
1405 595 1447 656 ut
1469 583 1559 654 solet
1580 581 1695 673 Deus,
1729 609 1889 659 erescere
1912 600 2070 659 nostram
2089 589 2222 672 fidem,

164 687 301 773 Malos,
325 710 371 756 ne
394 695 520 778 putent
543 677 639 756 nihil
661 683 802 754 sceleris
823 693 858 754 et
879 684 1072 776 impietatis
1087 707 1162 756 esse
1210 681 1397 756 differatur
1412 685 1448 755 id
1465 687 1561 781 quod
1576 686 1741 781 petimus

165 793 203 862 in
223 789 385 882 ignavia,
410 799 444 858 et
466 786 772 879 praetermissione
787 785 906 858 officii.

958 783 1096 872 ΒΜ,
1121 797 1163 858 ΰῑ
1311 815 1384 894 Nec
1408 820 1557 892 dubium
1581 835 1633 892 cst
1661 817 2024 918 mentesproph³¹1²⁸
2053 848 2154 917 ‘iel'e
2178 837 2222 894 ‘⁸
2346 905 2347 912 κ

163 891 339 966 admoniti
361 892 406 960 de
429 887 655 960 ordinatione
680 901 715 960 et
729 887 913 960 voluntate
927 885 1013 976 Dei,
1037 913 1161 982 prom-

163 997 260 1090 ptius
272 993 404 1064 faciant
417 1005 451 1062 et
466 991 667 1075 ardentius,
692 991 891 1084 maiorique
907 991 1018 1062 animi
1034 992 1161 1062 alacri·

163 1113 253 1183 tate,
279 1095 375 1190 quod
400 1092 601 1183 intelligant
616 1089 693 1163 Deo
708 1105 846 1182 gratum
863 1115 957 1178 esse,
982 1117 1062 1164 cum
1082 1094 1161 1164 ani·

163 1201 394 1270 madvertunt
427 1194 668 1265 necessitatem
704 1195 866 1266 mandati
899 1207 933 1266 et
967 1195 1165 1282 voluntatis

163 1297 244 1374 Dei.
296 1297 490 1370 deridete
514 1295 717 1388 superbiam
741 1289 888 1366 humani
906 1295 1033 1368 cordis.
1082 1295 1161 1368 Nisi

163 1403 260 1474 enim
281 1395 446 1472 homines
465 1393 641 1491 prophani
658 1397 852 1488 cogitarent
872 1421 909 1469 se
931 1399 1008 1469 sine
1028 1399 1161 1470 auxilio

165 1505 289 1576 divino
313 1525 416 1596 posse
437 1523 492 1572 res
515 1521 595 1570 suas
610 1500 856 1590 gubernareet
876 1501 1061 1594 perlicere,
1086 1523 1160 1572 non
1406 1565 1415 1582 ,

163 1610 212 1680 ita
226 1605 338 1676 securi
355 1615 492 1689 essent,
515 1613 549 1672 et
564 1602 747 1672 ardentius
767 1615 927 1692 peterent
942 1627 962 1673 a
976 1601 1054 1676 Deo
1075 1627 1162 1674 con·
1210 1579 1355 1658 9¹⁰9¹⁸‘
1368 1565 1456 1636 “¹¹⁸⁸
1470 1587 1605 1640 ‘'⁰⁸³“

1209 921 1290 992 ideo
1308 923 1409 1016 quasi
1427 925 1626 994 cessatrices
1642 947 1715 994 esse
1731 925 1770 994 iu
1785 919 1854 996 hoc
1872 927 2009 1012 ollioio,
2032 929 2128 1020 quod
2144 951 2221 995 co-

1213 1025 1326 1114 gitant
1344 1027 1484 1096 inanem
1502 1027 1661 1098 laborem
1680 1027 1772 1096 sumi
1789 1029 1985 1118 precando,
2010 1053 2088 1098 cum
2103 1049 2220 1120 saepe

1210 1152 1283 1197 non
1301 1129 1538 1219 respondeant
1553 1141 1701 1199 crentur
1717 1129 1823 1200 votis.

1311 1257 1425 1352 Saepe
1454 1256 1560 1328 etiam
1583 1259 1752 1330 dubitant
1775 1271 1928 1340 menter,
1963 1271 2083 1332 utrum
2108 1257 2221 1330 Deus

1210 1361 1375 1432 exaudiat
1396 1383 1481 1448 nos,
1514 1360 1572 1430 vel
1593 1361 1678 1454 quia
1698 1363 1882 1454 disputant
1904 1363 1949 1430 de
1972 1362 2221 1453 providentia,

1210 1462 1266 1532 vel
1284 1461 1365 1556 quia
1380 1474 1559 1534 terrentur
1572 1477 1764 1558 conspectu
1785 1487 1870 1536 suae
1884 1463 2123 1556 indignitatis,
2148 1461 2220 1532 vel

117 1791 127 1807 ο
164 1706 244 1782 silio
261 1721 296 1778 et
309 1727 515 1790 successus,
552 1701 621 1776 Sed
638 1703 722 1798 quia
741 1706 946 1792 confidunt,
969 1727 1083 1777 sesua
1105 1729 1163 1776 sa-
1310 1695 1377 1770 llis
1392 1699 1502 1789 igitur
1515 1700 1620 1770 noeis
1635 1700 1901 1792 impedimentis
1920 1723 2079 1796 opponas
2094 1701 2221 1772 ratio·
2348 1739 2349 1772 a

164 1808 300 1904 pientia
319 1822 354 1880 et
380 1807 525 1878 fortuna
550 1805 587 1876 id
613 1807 800 1878 effecturos
827 1809 924 1902 qnod
956 1807 1161 1892 instituunt,
1210 1825 1292 1872 uem
1314 1799 1580 1894 promissionis,
1606 1816 1642 1874 et
1665 1803 1761 1896 quod
1785 1827 1971 1898 uunquam
1988 1804 2060 1876 sint
2082 1805 2220 1876 inanes

164 1925 293 2008 potant
337 1909 683 2002 superstitiosorum·
708 1923 770 1982 aut
814 1909 1023 1981 miserorum
1070 1931 1162 1996 esse,
1211 1919 1292 1978 tuae
1318 1927 1436 1997 preces
1457 1917 1519 1975 aut
1550 1903 1682 1978 irritae.
1741 1903 1889 1998 Semper
1908 1905 2005 1976 enim
2028 1905 2165 2002 aliquid
2192 1929 2220 1976 a

164 2013 277 2088 allen
293 2023 411 2104 petere
427 2009 620 2092 auxilium,
647 2011 739 2082 sieut
754 2006 844 2081 Aiax
861 2011 967 2082 dixit:
994 2009 1160 2083 Aliorum
1210 2003 1286 2077 Deo
1300 2005 1511 2098 impetrant,
1536 2029 1602 2076 nec
1617 2029 1776 2102 uuquam
1796 2008 2002 2099 patiuntur,
2028 2021 2070 2080 ut
2084 2010 2133 2080 ita
2147 2010 2221 2078 di·

165 2139 240 2187 esse
261 2114 403 2183 vincere
423 2111 500 2184 Deo
523 2113 688 2194 iuvante,
714 2133 751 2182 se
771 2127 888 2184 autem
913 2113 990 2184 siue
1006 2111 1083 2185 Deo
1106 2137 1162 2184 res
1210 2132 1306 2194 cam,
1331 2107 1529 2199 repulsam,
1555 2109 1629 2179 sive
1644 2124 1684 2180 ut
1698 2109 1793 2194 diri,
1819 2111 1938 2181 statim
1954 2107 2052 2181 Deus
2072 2111 2221 2184 tribuat

165 2239 312 2310 magnas
329 2237 457 2306 genere
472 2235 585 2306 posse.
635 2213 705 2286 Sed
723 2215 871 2286 miseros
886 2211 952 2286 hos
967 2217 1061 2310 ipsos
1077 2239 1161 2298 esse,
1211 2210 1308 2305 quod
1323 2209 1494 2303 petimus,
1519 2209 1594 2282 sire
1607 2209 1764 2302 longiori
1780 2233 1879 2282 mora
1896 2226 2053 2284 exerceat
2068 2235 2146 2284 nos.

166 2319 273 2392 eliam
291 2312 438 2389 Elhn'lti
453 2315 669 2390 ludlffluni·
724 2314 847 2412 Ita‘1¹¹⁰
862 2332 896 2389 0¹
911 2315 1163 2390 ΗΟΜΜῙΠ·
1313 2341 1367 2416 Ac
1383 2369 1484 2439 saepe
1499 2371 1556 2416 me
1570 2340 1657 2418 haec
1674 2345 1748 2438 ipsa
1771 2343 1863 2418 ratio
1877 2346 2069 2440 permovit,
2093 2361 2219 2422 utre·
2349 2373 2350 2422 l

167 2421 263 2518 quit:
1212 2447 1312 2520 iectis
1324 2449 1491 2520 omnibus
1507 2448 1587 2517 aliis
1608 2447 1872 2541 impedimentis
1894 2449 2052 2519 animum
2069 2461 2103 2519 et
2118 2475 2218 2522 ocu·-

251 2529 399 2618 ‘ltiliffl
421 2529 533 2610 ”⁰⁴⁹⁸ss
553 2553 587 2598 τ’
609 2531 688 2597 ³⁶⁰5
706 2529 871 2614 2⁰1de
892 2527 1067 2616 Mem·
1213 2551 1266 2622 los
1282 2551 1326 2620 ad
1343 2547 1460 2622 Deum
1476 2549 1685 2638 attollerem,
1707 2550 1876 2644 usquead
1892 2552 2104 2642 precandum
2120 2577 2218 2647 ape-

167 2659 223 2734 sis
245 2659 355 2750 igitur
374 2651 462 2728 haec
481 2655 597 2749 prima
620 2679 741 2742 causa,
772 2669 814 2728 ot
837 2679 918 2728 curu
941 2657 981 2726 iu
997 2657 1162 2735 universa
1214 2653 1333 2738 ritem,
1348 2651 1432 2746 quia
1445 2651 1544 2722 venit
1558 2651 1597 2721 in
1612 2665 1767 2723 mentem
1781 2651 1982 2746 promissio,
2005 2675 2093 2745 quae
2106 2679 2218 2726 nun.

47 2815 51 2822 .
168 2759 370 2833 obedientia
394 2759 597 2834 studeamus
612 2753 689 2828 Deo
713 2757 973 2830 observantiam
989 2772 1023 2832 et
1045 2759 1162 2843 officia
1213 2779 1320 2850 quam
1348 2753 1459 2840 fallit,
1491 2753 1628 2825 etiamsi
1657 2775 1713 2824 res
1744 2775 1846 2846 saepe
1871 2754 1943 2824 alio
1966 2766 2126 2848 tempure
2146 2757 2219 2830 vel

167 2875 288 2936 nostra
313 2861 513 2948 declarare,
545 2871 621 2930 tum
651 2883 735 2930 vero
758 2859 923 2954 inprimis
949 2860 987 2930 in
1017 2861 1162 2932 invoca-
1213 2857 1321 2928 modo
1335 2856 1562 2947 contingant,
1588 2879 1695 2952 quam
1715 2855 2072 2950 uoserpectabamus.

167 2966 289 3050 tione,
308 2987 398 3060 quae
416 2963 512 3034 inter
528 2961 735 3080 praecipuos
748 2963 864 3033 cultus
877 2987 980 3055 saepe
995 2988 1164 3035 numera·
1313 2987 1362 3064 E,
1380 3003 1473 3062 „m
1493 3003 1545 3060 ω
1565 3001 1601 3061 ,p
1622 2987 1742 3060 ,mpm
1764 2988 1872 3060 ogd,
1893 2991 2095 3082 Pamph„
2118 3015 2216 3086 pm,

167 3083 248 3152 m·
272 3079 314 3137 ¹¹²
328 3088 395 3134 ¹¹⁰⁸
409 3063 448 3134 5¹¹
465 3061 622 3136 Ecdffla
640 3085 730 3134 ’ωε
745 3086 884 3133 ”mm
900 3077 964 3136 ω·
1213 3093 1333 3164 missio
1349 3090 1480 3184 gratiae
1493 3105 1528 3163 et
1541 3089 1855 3176 reconciliationis,
1879 3091 1971 3164 sicut
1985 3095 2094 3166 multa
2110 3096 2216 3170 diets

270 3197 324 3272 Ne
337 3211 440 3294 putes
454 3197 563 3288 igitur
576 3196 731 3268 liberum
746 3219 829 3284 esse,
852 3212 971 3270 utrum
987 3211 1066 3270 tuas
1083 3221 1164 3290 pre-
1213 3196 1409 3268 declarant:
1449 3191 1498 3266 Ut
1513 3193 1597 3264 viro
1612 3217 1696 3286 ego,
1720 3193 1807 3264 uolo
1824 3207 1976 3266 mortem
2002 3198 2216 3290 peccatoris,

170 3327 228 3378 ces
242 3313 317 3376 tuto
332 3312 471 3394 pectore
484 3299 614 3370 fundas
626 3300 671 3370 ad
686 3297 812 3386 Deum,
837 3325 903 3372 uec
916 3324 973 3382 ne,
999 3301 1059 3370 sed
1074 3301 1163 3370 scias
1213 3307 1248 3370 et
1262 3295 1395 3368 Paulus
1411 3295 1478 3368 ait:
1505 3293 1590 3366 ldeo
1607 3319 1648 3365 er
1671 3295 1740 3366 tide
1762 3297 1871 3386 gratis
1886 3311 1926 3368 ut
1943 3297 2043 3370 lirrna
2059 3300 2104 3369 sit
2117 3323 2214 3391 pro-

170 3423 206 3480 te
241 3402 534 3476 contumeliosum
559 3413 595 3472 et
626 3415 870 3472 contumacem
896 3426 970 3474 esse
995 3405 1163 3474 adversus
1214 3400 1354 3486 missio;
1393 3421 1460 3468 nec
1491 3393 1585 3467 nihil
1613 3391 1684 3468 huc
1717 3397 1871 3489 pertinet
1899 3399 2035 3473 dictum
2062 3399 2215 3473 Basilii:

170 3505 308 3590 Deum,
331 3517 365 3576 te
382 3525 574 3594 provocare
587 3503 677 3572 iram
694 3503 777 3590 Dei,
801 3516 836 3575 te
851 3527 1025 3576 accersere
1040 3527 1163 3594 graves
1212 3495 1332 3598 μόνον
1346 3495 1508 3594 θέλησον
1520 3495 1584 3572 soi
1599 3494 1689 3582 θεὸς
1700 3495 1793 3598 πρὸς
1806 3503 1943 3596 παντᾷ.
1989 3505 2084 3576 Suus
2097 3504 2213 3576 ctiam

171 3627 324 3703 menas,
349 3604 564 3676 calamitates
587 3604 747 3694 publicas
767 3617 802 3677 et
824 3606 979 3698 privatas
999 3605 1085 3688 tibi,
1109 3605 1164 3676 la·
1213 3604 1341 3697 cuique
1357 3603 1497 3674 animus
1511 3601 1610 3674 testis
1625 3616 1695 3688 est,
1719 3623 1756 3671 se
1773 3603 1841 3674 fide
1858 3606 2028 3698 consequi
2043 3607 2216 3678 consola-

172 3709 295 3782 miliae
318 3720 417 3792 tuae,
451 3719 487 3776 et
504 3707 671 3778 omnibus
691 3707 753 3802 qui
776 3708 841 3778 tibi
864 3708 1046 3780 coniuncti
1070 3721 1163 3794 sunt,
1213 3706 1347 3778 tionem
1363 3719 1398 3776 et
1410 3704 1657 3776 liberationem
1673 3727 1693 3775 a
1707 3703 1834 3796 poenis
1851 3707 2019 3793 aeternis,
2042 3719 2076 3778 et
2090 3721 2213 3780 terro-

174 3811 205 3883 si
221 3805 314 3883 nihil
334 3821 396 3879 aut
415 3807 569 3898 segniter
582 3831 672 3882 ores.
721 3807 790 3878 llic
809 3809 918 3900 igitur
933 3810 1086 3882 debebat
1103 3833 1163 3880 eo-
1212 3809 1313 3878 ribus
1330 3831 1370 3877 ae
1385 3829 1490 3877 sensu
1509 3807 1581 3875 irae
1597 3803 1664 3878 Dei
1681 3807 1851 3878 adversus
1868 3823 2068 3898 peccatum,
2092 3834 2212 3904 quum

172 3911 310 4006 piosius
320 3909 393 3982 dici
413 3911 458 3980 de
479 3908 532 3980 ira
548 3907 633 3991 Dei,
659 3911 754 3982 etde
775 3912 898 4002 poenis
912 3911 1164 3983 comitantibus
1213 3910 1303 3980 serio
1321 3909 1383 3980 ille
1397 3921 1585 4001 petuntur,
1611 3921 1646 3979 et
1660 3907 1788 3980 fiducia
1802 3908 2043 3982 intercessoris
2056 3911 2120 3982 alii
2134 3909 2213 3984 Dei

174 4011 268 4088 banc
295 4011 516 4085 securitatem
548 4023 584 4082 et
612 4012 882 4102 negligentiam,
911 4037 1002 4107 quae
1027 4013 1161 4086 etiamsi
1212 4013 1257 4083 ad
1274 4025 1421 4106 patrem.

173 4129 477 4188 suutcommunes
491 4113 912 4206 violationisingularum
926 4116 1057 4206 legum,
1074 4139 1163 4234 quae
1312 4143 1392 4218 Eup
1412 4159 1530 4218 ,mem
1554 4160 1594 4218 u,
1616 4169 1719 4240 m„
1742 4145 1925 4229 audimus,
1951 4147 2212 4222 distel-„endu

176 4217 397 4338 5¹¹ff⁸⁰³¹⁰8⁰
430 4229 698 4336 l'ff'lmm'mur’
729 4229 847 4288 ”¹⁰⁸⁰
881 4218 938 4286 '²¹
969 4217 1009 4288 5¹¹
1039 4219 1163 4310 prim*
1212 4263 1296 4322 sunt
1318 4251 1362 4320 ab
1382 4245 1821 4344 harpromissionealiae,
1848 4271 2013 4342 quaeres
2037 4275 2210 4345 corpora-

91 4409 100 4425 ,
174 4319 403 4400 ⁰m¹⁸⁸l⁰¹¹0ffi
421 4313 659 4388 hfflu‘ffllffl‘
676 4333 884 4412 “quufliuf·
930 4319 1001 4390 sid
1025 4333 1065 4390 ¹¹²
1083 4320 1163 4390 ΒΝ·
1213 4355 1264 4426 les
1286 4352 1458 4422 offerunt:
1485 4365 1606 4422 tamen
1627 4363 1662 4422 et
1682 4351 1764 4422 illae
1780 4375 1962 4443 nunquam
1979 4365 2064 4424 sunt
2079 4353 2210 4428 inanes

174 4421 257 4541 Vl⁰f
278 4421 364 4541 ‘llus
395 4435 535 4539 ῑῐθῦξῑθ
557 4422 601 4490 ”d
625 4423 816 4492 ‘eiundflm
840 4420 1033 4506 'mmm’
1057 4445 1164 4541 ‘1¹¹³,m
1213 4469 1274 4526 aut
1288 4453 1420 4527 irritae.
1455 4449 1533 4524 Etsi
1555 4451 1650 4522 enim
1665 4451 1802 4524 nemini
1815 4449 2104 4547 cuiquamaDeo
2120 4481 2211 4548 pro-

175 4525 249 4596 disr
269 4537 373 4593 elram
390 4523 681 4592 considerandam
704 4545 794 4608 esse,
819 4535 860 4594 ut
876 4525 1109 4596 accendamus
1125 4546 1163 4592 ru
1214 4557 1336 4629 mim„
1359 4557 1487 4627 sudi„
1510 4568 1564 4625 ,η
1584 4554 1814 4640 nominffim,
1841 4557 1884 4624 dg
1900 4579 1939 4624 η
1958 4556 2077 4651 aliqu,
2095 4560 2212 4648 pergi..

174 4625 281 4700 ΜΗ*
295 4625 451 4698 studium
467 4623 673 4714 dllldfflilu‘
686 4625 867 4717 Plecffldl·
1213 4671 1321 4733 nente
1336 4659 1379 4728 ad
1396 4681 1500 4728 usum
1523 4652 1630 4727 huius
1645 4658 1839 4749 corporalis
1854 4657 1964 4738 vitae,
1991 4671 2032 4728 ut
2047 4659 2092 4730 dc
2113 4660 2210 4731 libe·

277 4756 363 4832 Etsi*
380 4760 489 4850 igitur
501 4757 642 4829 nullum
664 4759 801 4828 fulmen
813 4759 963 4830 debebat
979 4783 1045 4832 nos
1059 4753 1165 4830 selte-
1214 4761 1352 4830 ratione
1369 4784 1409 4830 er
1428 4760 1572 4840 morbo,
1604 4773 1665 4829 aut
1679 4759 1797 4852 aliqua
1815 4759 1884 4830 alia
1900 4760 2098 4831 calamitate
2114 4787 2209 4856 quae

88 4877 100 4886 ”
174 4865 330 4936 mentius
346 4883 585 4946 commorere,
608 4873 649 4930 ut
670 4883 808 4930 summo
832 4862 950 4932 studio
968 4863 1165 4934 tribuamus
1214 4885 1281 4932 nos
1297 4885 1394 4932 nune
1410 4861 1555 4953 premit:
1576 4873 1694 4930 tamen
1708 4874 1845 4932 certum
1862 4873 1914 4932 est
1931 4875 2070 4932 nostras
2084 4887 2208 4956 preces

174 4963 245 5040 hoc
265 4965 365 5060 quasi
388 4963 443 5033 ius
457 4961 553 5046 Deo,
578 4975 619 5032 ut
639 4977 859 5054 expectemus
881 4978 916 5035 et
938 4980 1097 5058 petamus
1120 4963 1165 5031 ab
1215 4961 1327 5034 aDeo
1350 4964 1510 5034 exaudiri
1530 4975 1565 5034 et
1587 4963 1741 5033 efficaces
1759 4985 1853 5049 esse,
1878 4963 2015 5034 etiamsi
2038 4958 2209 5040 differtur

177 5091 219 5138 eo
243 5067 412 5136 auxilium
434 5078 468 5136 et
491 5063 735 5134 liberationem
760 5064 797 5134 in
822 5067 953 5136 nostris
976 5065 1166 5148 aerumnis,
1216 5061 1283 5135 hoc
1299 5067 1394 5160 quod
1413 5067 1573 5158 petimus,
1592 5077 1653 5134 aut
1668 5087 1812 5158 prorsus
1828 5087 1902 5134 non
1918 5066 2102 5156 contingit.
2125 5067 2210 5142 Hoc

176 5192 282 5261 quam
304 5167 511 5236 mandatum
533 5181 566 5236 et
590 5165 754 5235 voluntas
775 5163 854 5242 Dei.
906 5167 1043 5238 Tamen
1063 5169 1166 5236 debet
1215 5169 1311 5239 enim
1326 5193 1448 5238 verum
1464 5181 1525 5252 est,
1550 5168 1580 5236 si
1595 5162 1662 5238 lsoc
1678 5191 1752 5236 uon
1768 5168 2019 5260 consequimur
2032 5171 2129 5262 quod
2146 5195 2209 5264 pe-

176 5283 211 5337 et
237 5290 302 5336 nos
328 5268 479 5335 invitare
504 5263 589 5335 haee
616 5269 726 5366 ratio,
761 5271 856 5360 qnod
881 5283 1021 5342 nostrae
1048 5290 1166 5358 preces
1216 5269 1342 5356 timus,
1377 5271 1474 5340 aliud
1497 5269 1624 5338 melius
1647 5281 1682 5341 et
1704 5269 1938 5360 praestantius
1961 5267 2084 5359 longe,
2110 5269 2209 5343 Deus

176 5387 362 5455 nunquam
377 5381 461 5436 sunt
475 5368 619 5436 inutiles
634 5383 693 5440 aut
713 5368 851 5454 irritae,
876 5371 934 5437 sed
950 5390 1087 5460 semper
1101 5369 1167 5436 ali·
1215 5371 1321 5442 nobis
1338 5373 1485 5446 confert.
1544 5369 1626 5441 Non
1644 5371 1772 5442 liberat
1787 5383 1822 5440 te
1839 5365 1936 5440 Deus
1950 5395 1990 5441 es
2007 5371 2129 5464 inopia
2144 5389 2209 5446 sut

55 5491 59 5500 ·
164 5466 268 5561 ,quid
286 5465 478 5555 impetrant
499 5463 629 5549 aDeo‚
655 5491 793 5561 semper
813 5469 1069 5558 exaudiuntur,
1093 5468 1167 5540 sive
1217 5473 1363 5561 morbo,
1390 5473 1524 5545 interea
1548 5473 1609 5546 dat
1630 5473 1687 5546 vel
1710 5471 1779 5544 alia
1802 5472 1896 5543 bona
1918 5475 2118 5567 corporalia
2139 5477 2208 5548 tibi
