4688 5826
84 287 162 366 aas
456 239 462 250 ¹
760 293 926 378 nescu.
950 291 1049 372 ne
1080 241 1455 371 rennuere.
1914 355 1917 362 ,
2024 298 2139 374 crs:

82 481 163 528 mm
189 459 306 538 benus
325 456 435 544 uobis
454 457 899 556 commotarum-:sessu
912 475 955 532 ac
969 471 1085 536 ,rnatu
1136 455 1266 528 mentis
1280 455 1383 531 iniis
1397 470 1624 550 nepueu,
1647 459 2031 552 veladpetcipiendas
2049 465 2141 538 esti»

85 557 250 637 Galenus
271 562 453 654 crapulam
476 560 691 635 avibraudo
711 563 957 656 etqustiendo
971 563 1085 656 capite
1135 561 1342 652 bendaque
1365 580 1465 630 veras
1487 583 1528 640 an
1542 561 1704 653 proprias
1727 563 2058 653 rer-remimaflioes,
2084 568 2141 646 vel

82 664 221 735 dictum
240 663 413 749 atfirmn,
445 675 481 734 ct
503 663 547 738 ab
561 657 633 741 bac
645 663 834 756 praecipua
848 665 932 738 labe·
942 665 996 739 rei
1010 667 1086 738 ioe—
1135 662 1182 730 ad
1204 662 1408 733 laciendum
1429 664 1474 732 de
1493 661 1568 735 illis
1590 685 1717 736 sanum
1731 666 2141 759 rectumqueiudisinm,

83 765 255 854 dissime
270 789 405 855 npmqn
427 764 594 839 inditum.
646 763 687 836 ld
711 767 795 840 satia
810 766 849 840 in
865 766 943 841 isus
959 762 1086 844 heluo.
1135 761 1339 856 inquibus,
1363 764 1574 836 utbreviter
1591 765 1728 851 dicam,
1753 767 2139 858 omniscorporisaniq

82 867 192 941 nibus
208 862 373 965 adpeiet,
398 867 529 962 quihus
550 867 607 956 rel
622 862 870 944 cerebrinihil
885 881 955 955 est,
982 869 1040 938 rel
1055 868 1086 938 si
1135 865 1256 958 mirque
1271 866 1433 949 sanitas,
1450 889 1527 938 non
1542 889 1642 938 secus
1664 890 1773 960 quarn
1796 869 1836 938 in
1852 863 2154 961 phreneticisla·-
2272 875 2284 884 “

83 969 258 1062 quidest,
283 971 334 1042 ita
348 983 402 1044 est
416 981 740 1063 quassatumstqus
754 969 940 1055 affectum,
966 983 1006 1042 nt
1020 993 1085 1043 suo
1135 967 1305 1038 belactata
1321 991 1362 1038 ac
1378 967 1548 1038 dissoluta
1569 983 1640 1054 est,
1666 989 1928 1044 seususomnes
1943 973 2136 1050 velntsede

82 1073 238 1163 amplius
258 1073 375 1142 olticio
398 1070 500 1159 iungi
522 1085 687 1164 nequeat.
738 1069 906 1146 Desierat
920 1067 989 1145 hoc
1004 1095 1086 1144 sen·
1136 1091 1198 1138 sua
1215 1069 1304 1140 moti
1318 1081 1423 1163 atque
1439 1070 1550 1140 eversi
1570 1085 1666 1145 sunt.
1719 1069 1835 1160 Quem
1860 1098 1924 1144 vos
1938 1075 2047 1165 igitur
2061 1077 2137 1152 ulla

80 1195 206 1258 suum,
240 1197 331 1266 quos
354 1173 548 1244 exteriores
570 1187 718 1258 vocant,
741 1189 896 1248 extrema
920 1174 1086 1246 debilitas
1135 1170 1174 1240 in
1191 1193 1346 1242 censum
1365 1170 1492 1242 talium
1506 1166 1695 1245 hominum
1713 1199 1808 1261 esse,
1833 1189 1894 1246 aut
1909 1177 1999 1270 quid
2015 1179 2137 1270 publi-s

80 1275 121 1344 in
135 1274 308 1360 ebriosis,
337 1299 492 1370 quorum
510 1275 583 1345 iam
607 1299 682 1360 uon
699 1290 757 1348 'est
779 1276 959 1349 diminuta
979 1275 1086 1362 actio,
1135 1297 1195 1344 cae
1237 1271 1439 1363 privataevs
1480 1272 1534 1342 rei
1565 1275 1654 1364 ipsis
1695 1279 1941 1350 mandandum
1980 1281 2137 1369 putatis?

79 1390 121 1448 nt
150 1376 288 1448 Medici
310 1378 502 1471 loquutur,
537 1379 600 1451 sed
629 1392 795 1470 corrupta
819 1401 981 1470 prorsus,
1011 1378 1087 1448 imo
1135 1371 1296 1444 Primum
1315 1375 1480 1446 valetudo
1497 1376 1702 1462 debilitata,
1728 1379 1774 1450 ad
1800 1381 2084 1472 omniapubttcr
2102 1397 2138 1464 et

81 1501 169 1552 vero
182 1503 351 1570 persaepe
366 1480 473 1548 etiam
490 1479 620 1554 ablata.
671 1477 1086 1566 Nonenimhitantum,
1136 1476 1273 1568 privata
1307 1477 1424 1546 officia
1452 1477 1638 1570 obeunda,
1677 1483 1723 1550 ad
1755 1505 1811 1552 res
1835 1484 2006 1571 gerendas
2032 1499 2137 1578 atque

80 1581 112 1650 si
137 1606 210 1675 qna
231 1596 316 1652 sunt
340 1581 462 1674 aliquo
483 1581 674 1652 intervallo
688 1585 840 1674 seposita
859 1585 999 1668 vident,
1024 1597 1086 1654 aut
1135 1579 1181 1648 ad
1214 1599 1337 1648 omnes
1369 1580 1614 1654 contentiones
1643 1583 1877 1654 eusnnendas
1902 1607 1962 1656 cos
1988 1586 2136 1660 inutiles

80 1698 283 1772 agnoscunt
298 1683 439 1767 minus,
465 1684 525 1752 sed
546 1683 651 1754 etiam
675 1701 821 1778 eaquae
838 1686 983 1778 quidem
999 1700 1083 1760 sunt
1135 1681 1263 1752 reddit.
1313 1679 1452 1752 Deinde
1463 1697 1543 1752 cum
1558 1683 1675 1752 omnis
1690 1685 1894 1758 animorum
1911 1699 2017 1779 atque
2034 1689 2137 1778 iuge*

79 1787 258 1880 proxima.
319 1784 442 1874 Surgit
471 1781 527 1854 his
547 1805 668 1856 measa
698 1787 849 1875 geminis
873 1788 1084 1872 luminibus,
1134 1782 1187 1851 nii
1204 1783 1305 1872 vigor
1320 1783 1386 1854 ista
1404 1785 1654 1856 nocentissima
1671 1779 1844 1884 heluandi
1864 1808 1905 1860 ac
1920 1789 2138 1880 perpotandi

79 1885 383 1972 ntaitlnvenalis,
402 1911 469 1978 pro
479 1882 651 1960 cantharo
666 1889 843 1966 unoduos
856 1889 998 1975 vident,
1019 1913 1083 1979 pro
1135 1885 1394 1955 consuetudine
1416 1886 1465 1955 ita
1489 1885 1535 1956 sit
1557 1901 1764 1969 enervatus,
1790 1903 1831 1962 ut
1853 1913 1900 1963 ne
1915 1893 2136 1986 sensusqai.

80 2015 157 2060 uno
173 1991 325 2061 conviva
341 1989 682 2080 geminossalutant,
708 1991 947 2085 deniqueiam
963 1991 1084 2062 omnia
1135 1988 1215 2056 dem
1241 1989 1440 2074 communis
1464 1987 1618 2080 amplius
1645 1989 1718 2059 siet
1747 2005 1944 2082 compotes,
1977 1994 2064 2086 quid
2089 1995 2139 2074 ab

80 2091 333 2184 conduplicata
362 2103 557 2162 cernuntur
580 2091 648 2175 eis,
687 2115 753 2180 pro
785 2093 893 2162 calice
919 2095 1084 2164 candele-
1135 2089 1186 2158 eis
1209 2089 1351 2158 consilii
1382 2089 1421 2158 in
1448 2090 1616 2180 gravibus
1639 2104 1746 2184 atque
1778 2092 1959 2184 impeditis
1979 2096 2138 2185 nogotiis,

79 2197 190 2266 brum
214 2195 380 2264 manibus
404 2187 633 2284 prehendunt
654 2193 824 2279 bibituri,
849 2195 944 2267 foras
961 2196 1084 2266 ituria
1136 2190 1257 2281 petas?
1307 2203 1371 2260 aut
1392 2192 1479 2285 qnid
1510 2193 1563 2267 rei
1594 2194 1705 2264 seriae
1735 2195 1938 2268 committas
1968 2201 2137 2272 credasve
2246 2189 2248 2194 ’

1 2387 2 2392 ¹
80 2299 192 2366 ianua
209 2298 435 2378 deerrantes,
460 2293 499 2362 in
516 2293 701 2365 fornacem
719 2295 912 2375 incursant.
965 2293 1085 2390 Atque
1135 2291 1227 2372 illis,
1252 2291 1384 2385 quibos
1406 2293 1590 2364 cerebrum
1607 2295 1732 2386 periit,
1766 2296 1936 2368 corvino
1956 2300 2138 2390 sepultum

80 2396 171 2471 haec
185 2393 305 2468 adhuc
319 2408 404 2466 sunt
417 2395 520 2464 initia
533 2395 669 2467 morbi:
696 2420 779 2466 nam
796 2399 847 2483 si,
871 2412 912 2470 ut
926 2399 1085 2490 plerum·
1136 2393 1211 2464 est?
1244 2393 1429 2464 Prodeuut
1445 2397 1488 2464 ad
1504 2397 1778 2468 consultandum
1794 2400 1965 2468 membris
1981 2414 2019 2473 et
2031 2423 2136 2481 mene

78 2524 152 2596 qne
175 2499 311 2582 solent,
343 2497 394 2566 sic
417 2490 556 2568 heluari
581 2511 752 2588 pergunt,
782 2501 1086 2591 postremolumi·
1135 2509 1169 2566 te
1192 2495 1370 2586 corrupti.
1402 2497 1599 2584 vinolenti,
1640 2493 1800 2572 boloni&
1829 2499 2026 2576 etiamnum
2058 2502 2135 2593 pris

79 2605 190 2674 nibus
212 2621 380 2692 prorsum
402 2609 437 2668 et
459 2599 607 2684 auribus
631 2599 842 2692 capiuntur,
868 2603 1085 2697 caeterisque
1135 2597 1277 2666 dianam
1304 2597 1505 2689 crapulam,
1547 2600 1798 2686 semisomnes,
1832 2604 1946 2676 oculis
1975 2605 2136 2684 natanti.

78 2701 245 2776 sensibus
269 2703 529 2786 destituuntur,
562 2696 823 2797 trahunturque
853 2706 1082 2777 semimortua
1136 2701 1221 2783 bns,
1256 2699 1380 2770 viuum
1406 2723 1446 2770 ac
1471 2701 1676 2774 cerevisiam
1710 2705 1858 2776 crudam
1886 2705 2134 2801 meorumque

1 2843 2 2894 ,
78 2822 116 2878 et
137 2817 260 2877 erecte
284 2803 429 2894 crapula
451 2803 579 2874 misera
604 2824 772 2896 corpora,
807 2819 841 2877 et
857 2822 939 2880 sunt
961 2831 1083 2878 revera
1134 2796 1251 2873 adhuc
1274 2801 1489 2872 redolentes:
1540 2826 1700 2889 summa,
1737 2830 1891 2898 quorum
1917 2832 2033 2902 neque
2058 2831 2135 2901 pes,

1 2923 2 2994 ζ
79 2909 179 3004 quod
197 2905 385 2992 dicuntur,
410 2905 492 2974 viva
511 2908 813 3001 cadaveraatque
834 2922 948 2981 terrae
971 2910 1084 2982 inuti·
1134 2926 1199 2974 nec
1214 2923 1314 2972 mens
1330 2903 1485 2976 cilicium
1504 2928 1607 2980 suum
1626 2907 1723 2978 facit.
1775 2905 1826 2980 Hi
1843 2909 1972 2984 deinde
1988 2913 2136 3001 degsa.

1 3029 2 3034 ’
78 3013 130 3082 lia
156 3023 192 3082 ct
221 3007 416 3078 execranda
447 3031 575 3093 onera,
610 3009 724 3080 donec
749 3011 858 3082 alium
889 3013 1085 3104 apoplexia,
1133 3003 1309 3090 vissimis,
1341 3025 1600 3100 nonnunquam
1615 3009 2138 3108 eriamperieutosissimisns-

77 3115 195 3184 alium
220 3111 368 3188 morbus
390 3109 577 3180 comitialis
602 3104 825 3184 horribiliter
847 3113 945 3204 prius
962 3139 1083 3184 ercar-
1133 3106 1244 3198 gociis
1277 3109 1488 3186 sententiam
1521 3123 1711 3200 rogantur,
1751 3113 1903 3205 quihus,
1938 3111 2135 3200 Hercules,

78 3217 265 3287 nificatum
283 3212 474 3301 extinguat.
513 3209 604 3298 Nam
616 3207 676 3283 bic
694 3215 840 3286 morbus
859 3228 910 3286 est
928 3216 1083 3286 familia-
1134 3233 1209 3282 non
1233 3209 1313 3300 plus
1330 3211 1457 3284 mentis
1474 3225 1526 3286 cat
1545 3235 1653 3304 quam
1676 3213 1761 3282 bovi
1778 3229 1841 3284 aut
1860 3239 1981 3308 porco.
2033 3215 2135 3304 ,Quid

78 3319 130 3388 ris
157 3313 371 3386 hominibus
395 3312 564 3397 ebriosis,
596 3327 702 3408 atque
728 3317 803 3409 ipsa
826 3319 915 3386 adeo
932 3319 1082 3388 ebrietas
1134 3334 1217 3400 crgo
1242 3314 1506 3402 respondeutt'
1537 3312 1739 3385 stulticiam
1765 3317 1898 3402 celare,
1921 3319 2040 3411 iuquit
2056 3317 2134 3396 tls.
2227 3359 2231 3370 .

79 3420 172 3515 quid
194 3418 295 3488 aliud
315 3429 386 3496 est,
412 3415 442 3484 si
460 3415 607 3507 propius
625 3418 847 3504 consideres,
881 3443 986 3512 quam
1003 3443 1081 3512 spe-
1133 3413 1296 3499 caelitus,
1328 3414 1473 3487 difficile
1505 3428 1575 3499 est,
1608 3416 1648 3486 in
1673 3415 1759 3488 vino
1787 3441 1871 3491 vero
1898 3419 2130 3511 impossibile.

80 3524 152 3592 cies
181 3519 355 3614 quaedam
389 3518 509 3587 morbi
542 3518 755 3589 comitialis?
803 3521 1083 3612 praecluduntur
1134 3514 1267 3586 Vocem
1289 3538 1373 3606 ergo
1394 3510 1434 3586 hi
1459 3513 1623 3588 homiues
1647 3541 1721 3590 non
1737 3521 1776 3590 in
1797 3521 1963 3616 convivio
1990 3535 2133 3601 tantum

79 3625 179 3694 enim
201 3619 324 3692 crudis
347 3619 420 3690 illis
442 3619 632 3714 densisque
660 3621 871 3713 vaporibus,
903 3645 1010 3716 quos,
1041 3638 1082 3696 ut
1132 3630 1240 3712 atque
1259 3617 1353 3688 inter
1366 3617 1428 3708 illa
1444 3619 1612 3692 immania
1630 3621 1776 3712 pocula,
1802 3624 1867 3692 sed-
1886 3623 2134 3708 alienoetiam

81 3725 181 3810 diri,
204 3715 410 3792 stomachus
430 3733 465 3790 et
480 3734 615 3792 caetera
637 3724 796 3796 membra
811 3723 1003 3796 nutritioni
1019 3727 1083 3798 de-
1132 3743 1235 3812 saepe
1260 3719 1340 3790 loco
1375 3733 1411 3791 et
1442 3722 1481 3792 iu
1512 3723 1661 3794 consilio
1680 3723 1835 3814 publico
1868 3725 2037 3821 emittrmt
2063 3749 2134 3829 pen

80 3828 210 3900 atinate
227 3848 247 3894 a
265 3822 380 3893 nimio
404 3837 492 3914 potu
516 3819 700 3905 exhalant,
733 3849 845 3898 venae
864 3841 970 3920 atque
985 3853 1081 3898 mea..
1133 3823 1295 3915 iugulum
1318 3823 1532 3908 redituram,
1564 3837 1725 3898 eructant
1739 3849 1837 3898 suam
1861 3823 2132 3922 ιωλοκρασίανῃ

79 3945 136 4003 tus
153 3925 312 4011 cerebri,
336 3948 378 3995 ac
400 3948 465 4016 per
485 3948 545 3994 eos
569 3925 713 4016 spiritui
735 3929 906 4000 transitus
922 3945 1082 4020 negatur,
1133 3947 1206 3996 uon
1228 3925 1324 3994 enim
1349 3938 1654 4021 tacerepossuut,
1688 3949 1752 3997 nec
1776 3929 1892 4000 videri
1915 3929 2130 4014 voluntaris·

80 4033 179 4103 unde
200 4025 384 4100 sentiendi
407 4040 443 4098 et
457 4029 627 4097 movendi
644 4031 800 4119 potentia
816 4043 952 4102 caetera
967 4057 1081 4102 mem·
1132 4049 1200 4096 nus
1217 4027 1297 4096 aliis
1313 4049 1446 4118 sapere.
1498 4025 1760 4118 Afferuntergo
1776 4029 2012 4124 interposuit
2028 4051 2127 4109 com-

80 4135 144 4205 bra
159 4129 308 4202 destitui
323 4151 465 4199 necesse
481 4143 552 4214 est,
577 4130 614 4199 id
629 4133 724 4223 quod
748 4133 857 4205 ebriis
871 4133 1021 4225 perinde
1040 4147 1082 4204 ut
1132 4129 1282 4198 bibones
1306 4151 1389 4198 suos
1410 4130 1614 4202 meditatam
1640 4130 1710 4198 iam
1733 4145 1814 4202 ante
1845 4157 1885 4202 ac
1906 4136 2129 4216 decantatam

82 4235 210 4306 morbo
242 4229 418 4302 comitiali
447 4231 695 4303 laborantibus
723 4235 882 4306 accidere
907 4235 1081 4319 videmus,
1131 4229 1299 4300 furiosam
1324 4231 1479 4324 aliquam
1501 4231 1680 4315 fabulam,
1715 4255 1791 4302 eam
1816 4234 1934 4306 statim
1953 4259 2020 4328 pro
2036 4237 2128 4309 lolio

83 4336 258 4430 multique
265 4357 369 4426 saepe
384 4331 432 4404 ita
447 4349 531 4405 sunt
547 4333 666 4406 subito
683 4337 892 4427 praefocati,
918 4351 1079 4430 tetroque
1131 4329 1289 4426 Sibyllae
1304 4329 1526 4425 acDelphico
1541 4334 1687 4404 oraculo
1702 4357 1783 4404 cum
1805 4337 1978 4428 adplausu
1998 4338 2128 4425 arrdiri,

84 4453 116 4512 ει
130 4434 304 4509 horribili
323 4457 452 4526 genere
472 4435 598 4506 mortis
614 4437 771 4512 extincti.
825 4437 892 4510 Cei
908 4451 948 4510 tu
961 4439 1080 4508 inlen—
1131 4449 1165 4506 et
1181 4457 1263 4504 cum
1284 4455 1426 4505 assensu
1448 4435 1584 4527 accipi,
1609 4437 1822 4531 adorarique
1837 4440 2038 4530 postulant,
2062 4463 2127 4532 pe-

82 4541 221 4612 sissimo
237 4533 334 4610 hosti
354 4537 441 4608 istos
461 4538 638 4610 cruciatus
661 4551 767 4633 atque
789 4535 875 4612 haec
889 4554 961 4612 tam
977 4564 1080 4612 saeva
1130 4536 1250 4623 cieris,
1286 4535 1317 4605 si
1338 4536 1537 4612 dissentias.
1596 4533 1709 4610 Oter
1724 4553 1759 4610 et
1781 4541 1934 4632 amplius
1957 4543 2125 4612 miseram

81 4641 255 4737 supplicia
271 4640 384 4733 possis
403 4641 551 4732 optare?
602 4641 698 4714 Sunt
719 4636 804 4714 haec
823 4642 967 4738 quidem
988 4667 1079 4736 quae
1129 4665 1169 4710 ac
1182 4638 1355 4731 perditam
1370 4635 1550 4730 Rempub.
1566 4665 1657 4733 quae
1673 4666 1691 4709 a
1708 4642 1839 4713 talibus
1854 4643 2126 4716 administratur

82 4768 211 4840 corpus
227 4743 361 4836 patitur
382 4743 564 4835 acrapula
586 4743 811 4834 gravissima,
835 4747 895 4817 sed
916 4746 1079 4838 gramma
1129 4741 1402 4815 consultoribus.
1464 4737 1500 4812 Ο
1529 4743 1750 4814 calamitosos
1776 4758 1811 4815 et
1837 4746 1987 4816 afflictos
2020 4745 2125 4830 cives,

82 4861 200 4920 tamen
209 4869 301 4940 quae
311 4845 404 4938 parti
412 4845 680 4937 praestantiori,
706 4869 835 4939 nempe
851 4847 973 4918 animo
986 4847 1079 4918 acci·
1129 4845 1260 4937 quibus
1274 4837 1314 4912 hi
1329 4845 1422 4933 leges
1437 4843 1583 4914 dictant.
1624 4843 1721 4933 Quid
1739 4846 1835 4915 enim
1850 4860 1922 4918 tem
1937 4849 2123 4928 absonum,

82 4951 183 5024 dnnt.
227 4946 421 5020 Nonenim
436 4959 572 5018 tantum
586 4948 792 5034 oculorum,
818 4951 977 5036 aurium,
1002 4973 1079 5020 ma·
1128 4947 1340 5030 absurdum,
1365 4959 1471 5040 atque
1488 4947 1534 5016 ab
1551 4947 1650 5018 omni
1668 4970 1773 5020 seusu
1788 4943 1946 5020 humano
1965 4949 2123 5020 alienum

81 5075 216 5137 nuum,
249 5051 383 5142 pedum
408 5072 449 5119 ac
473 5063 692 5122 caeterorum
717 5051 959 5124 membrorum
981 5052 1079 5125 sani·
1129 5049 1274 5140 cogitari
1287 5061 1420 5139 potest,
1447 5051 1543 5144 quod
1559 5050 1645 5120 istas
1658 5049 1812 5122 furiosae
1827 5052 1958 5122 bestiae
1967 5051 2023 5119 vel
2039 5074 2123 5122 cum

82 5167 131 5226 tas
160 5154 335 5247 vigorque
362 5151 530 5224 ebrietate
547 5152 821 5245 ‘comnmpitnm
867 5155 928 5224 sed
962 5154 1078 5224 multo
1128 5150 1235 5222 exitio
1250 5150 1392 5241 publico
1413 5177 1487 5225 non
1503 5152 1681 5224 audeant?
1721 5175 1809 5246 quas
1824 5152 2021 5242 tragoedias
2037 5153 2124 5222 nul-

83 5257 224 5348 gravius
236 5255 320 5326 illae
333 5245 513 5348 δυνάμεις
531 5279 571 5324 ac
587 5255 735 5326 virtutes
749 5256 860 5326 animi
874 5256 1079 5340 laeduntur,
1127 5253 1226 5324 lade
1257 5275 1360 5326 causa
1390 5253 1541 5324 illinon
1567 5253 1743 5326 excitanti
1784 5255 1917 5348 quibus
1952 5255 2124 5340 moribus,

82 5373 185 5455 atque
209 5381 249 5429 ea
276 5379 360 5451 pars
384 5355 571 5448 praecipue
591 5356 632 5427 in
653 5357 804 5430 ebriosis
832 5380 897 5428 suo
920 5357 1077 5430 naturali
1108 5355 1231 5436 ,bellis
1251 5369 1356 5449 atque
1369 5355 1544 5427 incendiis
1565 5351 1604 5428 hi
1623 5379 1698 5426 non
1713 5355 1862 5428 miscent
1880 5356 2000 5430 omnia
2015 5370 2122 5450 atque
2174 5429 2182 5438 ,

81 5477 177 5534 motu
197 5482 338 5556 usuque
359 5457 576 5534 destituitur.
639 5455 731 5533 Nam
753 5483 843 5554 quac
862 5459 918 5532 vis
939 5461 1075 5552 integra
1124 5457 1360 5552 perturbant?
1396 5455 1537 5532 Revera
1557 5459 1650 5530 iaces
1664 5456 1889 5553 Rerumpub.
1902 5483 1985 5532 nam
2000 5453 2122 5540 borri-¹
