4688 5826
1173 1 1183 36 l

83 253 144 332 uu
537 249 705 328 onon.
735 249 810 328 nn
839 245 1248 328 ssrnououm
1280 251 1356 331 nr
1389 251 1609 334 orosa.
1811 220 1815 226 ’
2014 255 2091 332 ees

83 427 169 524 plecti
182 437 294 498 totum
311 437 427 498 terrae
441 425 627 512 ambitum,
649 427 844 521 etquidem
862 441 967 513 certa,
991 427 1049 498 fe·
1097 425 1199 524 posse
1217 451 1357 520 regere,
1381 423 1479 502 hune
1496 432 1737 518 moderatum,
1761 429 1895 504 iustum
1914 441 1949 502 et
1962 427 2089 501 utilem

82 533 130 606 cili
148 545 177 602 et
198 529 460 620 compendiaria
475 529 727 622 supputatione
742 525 1050 626 comprehensum,
1097 532 1235 603 civibus
1257 533 1344 606 fore.
1406 531 1461 603 Ac
1479 534 1572 603 addo
1596 535 1703 605 verba
1725 532 1906 619 Platonis,
1936 549 1978 604 ut
1998 530 2090 604 tanti

82 657 166 730 quem
190 630 462 721 si'cogitatione
495 645 666 726 tanquam
689 632 803 703 oculis
828 645 941 704 totum
962 657 1049 704 con·
1097 635 1166 705 viri
1181 657 1249 704 vox
1262 649 1296 706 et
1310 635 1482 706 arctoritas
1497 659 1558 706 vos
1572 637 1615 706 ad
1631 661 1787 708 amorem
1802 651 1837 708 et
1851 636 2009 708 studium
2024 629 2091 705 ha·

82 733 255 827 templeris,
287 734 402 826 possis
424 734 530 804 etiam
553 734 677 804 mirari
703 735 931 826 parvitatem,
967 759 1047 806 cum
1097 761 1177 809 rum
1202 739 1416 830 optimarum
1440 739 1570 808 artium
1593 737 1771 812 exuscitet.
1822 737 1945 812 Unum
1961 751 2091 808 estua-

79 839 114 910 sit
135 850 330 908 nostrorum
361 836 600 907 miliariorum
623 837 813 930 quinquies
839 839 938 908 mille
960 863 1049 933 qua·
1097 855 1197 911 turae
1212 841 1415 924 vinculum,
1442 843 1604 912 doctrina
1620 865 1871 922 numerorum,
1897 825 2090 932 figurarum

80 941 339 1030 driugentorurn.
388 936 486 1008 Haec
511 939 587 1008 siue
608 940 769 1038 doctrina
789 954 951 1011 motuum
970 963 1049 1010 coe·
1098 957 1132 1014 et
1154 957 1315 1014 motuum
1337 943 1561 1030 coelestium,
1587 967 1627 1015 ac
1649 945 1680 1014 si
1700 945 1779 1040 quis
1803 945 1908 1014 aliam
1930 942 2026 1013 viam
2044 941 2090 1011 ad

78 1043 195 1114 lestium
212 1041 349 1110 includi
369 1043 473 1112 certis
491 1041 808 1134 descriptionibus,
835 1043 935 1136 quasi
953 1043 1049 1112 limi·
1098 1047 1306 1116 discendum
1339 1059 1502 1138 quaeret,
1542 1047 1724 1116 fortunam
1755 1047 1913 1132 invocet,
1950 1057 1991 1115 ut
2018 1041 2091 1114 dici

79 1145 156 1216 tibus
176 1167 248 1214 non
272 1155 448 1236 poterant.
501 1141 575 1214 Iam
594 1144 1048 1238 quantasuavitasacdul-
1097 1149 1198 1220 solet.
1250 1145 1341 1218 Nam
1364 1149 1440 1218 sine
1461 1143 1517 1218 his
1532 1143 1643 1220 'nemo
1659 1149 1697 1218 in
1714 1149 1917 1220 civitatibus
1932 1169 2092 1240 unquam

79 1249 147 1318 cedo
166 1246 209 1317 sit
233 1240 341 1316 huius
365 1245 568 1332 doctrinae,
595 1249 771 1331 dicerem,
798 1245 828 1315 si
851 1247 968 1318 verbis
989 1273 1048 1318 ex·
1098 1254 1221 1323 beatus
1251 1249 1385 1326 existet.
1437 1249 1507 1320 Hic
1535 1253 1662 1321 modus
1690 1265 1760 1334 est,
1803 1245 1889 1320 haec
1917 1245 2091 1332 educatio,

77 1371 188 1442 ponere
200 1371 351 1442 possem.
402 1347 472 1421 Sed
495 1345 581 1420 haec
598 1350 818 1441 experiundo
834 1373 1049 1440 eognoscen-
1098 1351 1183 1424 haec
1196 1353 1397 1444 disciplina,
1422 1377 1482 1423 seu
1498 1353 1611 1422 facilis
1624 1353 1866 1426 seudilficilis.
1916 1349 1984 1421 Per
1998 1346 2092 1420 hanc

76 1455 111 1522 da
138 1465 194 1525 est.
260 1449 332 1522 Sus
364 1452 493 1546 cuique
519 1463 665 1522 naturas
688 1451 933 1544 propriissime
957 1455 1048 1524 actio
1099 1458 1149 1528 ire
1172 1479 1310 1526 necesse
1334 1469 1405 1540 est,
1429 1481 1493 1524 nec
1517 1459 1568 1525 las
1593 1471 1644 1526 cst
1666 1454 1841 1546 negligere
1863 1451 2001 1535 Deum,
2028 1449 2091 1546 qui

76 1552 308 1624 iucundissima
348 1567 420 1634 est,
461 1567 504 1626 ut
523 1568 620 1624 'nare
649 1555 824 1646 piscibus,
870 1555 1047 1625 modulari
1098 1573 1231 1652 gratam
1254 1560 1298 1628 de
1317 1582 1353 1627 se
1373 1559 1503 1627 samam
1520 1559 1558 1626 in
1573 1553 1629 1626 his
1645 1559 1779 1628 artibus
1794 1555 1914 1647 generi
1932 1549 2091 1626 humano

76 1655 261 1738 lusciniae,
298 1655 345 1727 ita
379 1651 543 1728 homines
575 1671 703 1747 magua
732 1658 914 1749 voluptate
946 1658 1047 1727 adfici
1099 1653 1235 1736 tribuit.
1287 1656 1804 1746 HaecsuutPlatonisverlia,
1828 1659 1866 1728 iu
1886 1657 2092 1752 quibusco-

75 1781 193 1828 necesse
211 1770 284 1838 est,
310 1781 390 1828 cum
413 1772 577 1829 naturam
594 1773 706 1830 totam
724 1783 844 1829 rerum
861 1759 1050 1851 aspiciunt,
1098 1765 1222 1856 gitatc‚
1246 1787 1352 1856 quum
1370 1764 1547 1854 sapienter
1563 1762 1696 1833 dictum
1710 1761 1777 1846 sit,
1803 1775 1937 1852 gratam
1953 1755 2023 1829 Dei
2040 1757 2092 1828 fa·
2212 1769 2214 1774 '

74 1883 138 1932 curn
160 1883 390 1930 numerorum
419 1873 456 1932 et
483 1861 772 1951 magnitudinum
800 1863 1049 1954 proportiones
1098 1891 1191 1934 mam
1215 1865 1332 1935 audiri
1354 1865 1392 1934 in
1419 1861 1475 1934 his
1498 1866 1651 1945 artibus,
1678 1857 1748 1934 hoc
1766 1877 1836 1949 est,
1860 1885 2092 1934 numerorum

76 1962 262 2047 inveniunt,
297 1985 378 2032 cum
402 1964 607 2034 coelestium
633 1978 667 2033 et
689 1963 900 2034 inferiorum
923 1989 1049 2055 corpo·
1098 1967 1234 2038 ordinis
1259 1981 1292 2038 et
1315 1967 1518 2038 coelestium
1542 1991 1731 2058 corporum
1751 1961 1953 2056 cognitione
1971 1983 2092 2033 neces·

74 2087 138 2134 rum
151 2059 372 2134 harmoniam
388 2079 422 2136 et
432 2071 642 2136 consensum
657 2061 941 2158 deprehendunt,
967 2091 1047 2136 cum
1098 2070 1191 2140 sario
1214 2093 1279 2139 nos
1302 2083 1454 2140 statuere
1476 2073 1649 2140 mundum
1672 2093 1690 2138 s
1715 2081 1832 2162 mente
1849 2081 1988 2138 aeterna
2006 2089 2089 2135 con·

75 2165 178 2238 rident
198 2167 321 2238 omnia
343 2181 435 2238 certa
459 2169 536 2258 lege
559 2167 701 2239 condita
726 2189 817 2248 esse,
850 2182 892 2238 ut
915 2191 981 2237 nos
1005 2169 1048 2236 de
1099 2173 1213 2242 ditum
1238 2195 1322 2246 esse.
1382 2170 1475 2242 Vere
1498 2173 1607 2260 igitur
1629 2165 1714 2240 haec
1739 2163 1814 2262 ipsa
1838 2169 2019 2254 doctrina,
2048 2169 2092 2238 de

74 2263 254 2340 Architecto
270 2271 499 2339 admoneant.
550 2265 608 2340 Ad
624 2265 715 2338 hanc
729 2269 1046 2340 considerationem
1098 2298 1166 2368 qua
1191 2274 1392 2367 loquimur,
1419 2289 1469 2343 est
1490 2267 1670 2366 μαντικὴ,
1699 2273 1805 2342 etiam
1821 2272 1850 2342 si
1866 2272 2019 2366 reliquas
2036 2268 2092 2338 di-

74 2393 136 2440 cum
162 2371 235 2442 nati
266 2371 396 2457 simus,
430 2395 571 2442 necesse
602 2383 654 2442 est
679 2395 755 2440 eam
777 2371 952 2463 voluptati
976 2395 1048 2442 esse
1099 2377 1298 2446 vinctiones
1319 2401 1395 2446 non
1415 2390 1633 2461 scrutemur,
1657 2377 1701 2444 de
1722 2373 1981 2444 mutationibus
1997 2372 2092 2476 adsis

73 2493 132 2542 non
151 2473 379 2554 monstrosis,
406 2497 479 2545 non
503 2473 663 2544 distortis
687 2475 835 2546 naturis.
885 2470 964 2543 Etsi
985 2499 1049 2544 au·
1099 2493 1350 2569 etcorporum
1381 2493 1604 2563 nostrorum,
1652 2501 1803 2572 quarum
1836 2499 1911 2546 non
1942 2473 2091 2544 omnino

74 2587 129 2644 tem
148 2575 250 2646 initio
273 2576 452 2666 praefatus
474 2597 574 2661 sum,
599 2599 757 2646 menon
781 2577 958 2648 dicturum
976 2599 1048 2646 esse
1099 2582 1198 2652 nulla
1227 2595 1279 2653 est
1309 2581 1463 2668 utilitas,
1512 2581 1543 2650 si
1571 2579 1667 2650 intra
1699 2579 1809 2650 iustas
1838 2592 1948 2650 metas
1978 2577 2093 2649 conti-

73 2677 219 2768 departe
248 2677 480 2764 divinatrice,
523 2690 639 2748 tamen
671 2673 739 2747 hoc
767 2681 915 2763 addam,
955 2673 1048 2748 hanc
1098 2697 1262 2756 neantur.

73 2777 165 2868 ipsam
178 2779 378 2850 doctrinem
391 2793 552 2850 motuum
567 2780 769 2850 coelestium
787 2805 850 2871 per
864 2805 937 2850 sese
950 2803 1048 2874 μαν·
1199 2782 1291 2856 Cum
1322 2783 1430 2874 igitur
1455 2785 1618 2856 doctrina
1638 2785 1683 2854 de
1704 2783 1859 2854 motibus
1883 2781 2093 2853 coelestibus

74 2875 159 2974 τικὴν
179 2905 271 2964 esse,
305 2895 339 2952 et
360 2883 585 2974 praecipuam
606 2905 646 2952 ac
662 2881 891 2953 certissimam
907 2883 1047 2952 ‹livina-
1100 2888 1202 2980 plena
1223 2887 1269 2958 sit
1290 2887 1521 2972 eruditionis,
1548 2911 1628 2958 cum
1650 2887 1697 2968 sit¹
1712 2887 1810 2957 utilis
1829 2885 1921 2956 vitae
1939 2885 1983 2952 ad
2001 2895 2092 2954 tem-

73 2982 185 3052 tionem
212 2985 474 3074 gubernantem
499 2984 592 3054 vitae
616 3008 803 3056 summam.
869 2983 959 3055 Nam
983 2981 1048 3054 hae
1101 3015 1227 3082 porum
1256 3002 1291 3059 et
1313 2989 1498 3079 regionum
1522 2990 1807 3071 distinctionem,
1839 3012 1917 3058 cum
1941 2985 1986 3055 sit
2010 2985 2093 3056 dul·
2130 2985 2131 2988 ’

73 3081 334 3173 legesmotuum‚
361 3100 536 3157 testantur
551 3089 727 3156 mundum
742 3111 817 3156 non
834 3111 915 3156 casu
930 3101 1047 3160 ortum
1103 3091 1261 3176 cissima,
1303 3117 1383 3162 cum
1411 3092 1593 3163 confirmet
1624 3092 1662 3160 in
1690 3091 1819 3160 animis
1840 3085 2025 3159 honestam
2049 3089 2092 3157 de
2128 3087 2134 3102 “

73 3207 144 3267 esse,
168 3189 226 3257 sed
248 3215 268 3258 a
288 3204 406 3258 mente
421 3201 564 3259 aeterna
579 3189 782 3274 conditum,
814 3205 848 3259 et
862 3183 947 3259 huic
962 3213 1049 3259 con·
1103 3193 1175 3264 Deo
1190 3193 1412 3280 seutentiam,
1433 3219 1583 3288 cumque
1598 3193 1789 3264 sitoccasio
1805 3191 1976 3272 discendi,
1998 3191 2093 3260 bona
2152 3223 2154 3228 ·

73 3286 377 3360 ditoribumanam
400 3305 564 3360 naturam
589 3315 693 3360 curae
719 3314 803 3363 esse.
854 3287 1046 3362 Haeecum
1101 3297 1240 3386 ingenia
1271 3290 1462 3381 adhortor,
1495 3311 1534 3366 ut
1562 3297 1599 3366 in
1623 3292 1709 3366 haec
1732 3296 1848 3366 studia
1872 3294 2093 3374 incumbant,

72 3393 231 3484 perspicue
254 3395 500 3463 demonstrent
516 3393 609 3485 leges
625 3407 808 3478 motuum,
835 3393 956 3482 negari
975 3417 1048 3462 non
1101 3413 1132 3467 et
1149 3421 1229 3481 sua,
1253 3411 1287 3468 et
1301 3396 1457 3490 Reipub.
1473 3423 1587 3484 causa,
1614 3400 1671 3468 cui
1688 3395 1852 3468 honestas
1870 3407 1973 3480 artes,
2000 3393 2092 3464 vitae

73 3505 181 3583 potest,
205 3489 302 3564 bane
323 3495 522 3567 doctrinam
547 3519 628 3565 vere
651 3518 723 3564 esse
745 3490 930 3587 μαντικὴν
948 3497 992 3565 de
1011 3519 1048 3563 re
1100 3500 1204 3570 utiles
1221 3523 1428 3570 conservare
1445 3503 1623 3574 debemus.
1676 3499 1771 3570 Dixi.

73 3595 214 3671 maxima.
266 3595 361 3668 Nam
377 3592 463 3666 hacc
478 3599 521 3666 de
530 3595 605 3668 Deo
622 3611 655 3668 et
670 3599 714 3666 de
729 3597 951 3687 providentia
967 3621 1048 3665 sen-

73 3695 179 3782 tentia,
223 3701 386 3792 prolecto
424 3701 469 3768 ad
498 3698 837 3768 virtutem'animos
869 3701 1047 3788 exsuscitat.
1162 3704 1165 3712 ’

72 3793 229 3875 Praedicit
253 3795 431 3896 Physicus
455 3801 612 3892 pluvias,
637 3801 666 3869 si
688 3801 825 3892 spirent
846 3795 968 3870 Austri
993 3801 1047 3870 vel

73 3894 227 3996 Zephyri,
253 3904 285 3973 si
300 3899 450 3988 Boreas,
476 3903 710 3974 serenitatem.
765 3899 910 3991 Quanto
926 3903 1049 3972 utilior
1112 3921 1177 3992 No,
1195 3920 1256 3996 41,
1935 3947 1984 3990 sn.
1997 3921 2092 3991 1536.

75 3999 224 4076 divinatio
251 4019 323 4090 est,
355 4007 566 4075 confirmare
588 4006 725 4074 animos
747 4006 792 4074 de
813 4005 1049 4096 providentia,
1112 4018 1281 4047 Μ
1924 4011 2088 4044 “⁶'’

74 4125 109 4172 ne
136 4129 213 4178 casu
248 4109 427 4178 mundum
464 4108 617 4177 extitisse
647 4107 849 4177 somnient?
915 4103 1048 4196 Magna
1343 4119 1470 4206 Lam
1495 4122 1617 4206 vigae
1646 4123 1852 4208 ochozad·

74 4224 156 4275 musa
177 4209 264 4294 suit,
292 4209 470 4281 curDeus
489 4205 576 4279 haec
598 4213 643 4279 de
665 4233 701 4279 se
723 4207 923 4279 testimonia
944 4208 1048 4279 nobis
1723 4229 1725 4234 “
1848 4256 1855 4266 ι

73 4313 287 4401 proposuerit.
335 4310 426 4382 Nam
440 4336 520 4381 cum
534 4311 723 4382 didicimus
737 4311 832 4395 inde,
851 4307 1047 4380 esseDeum
1171 4299 1200 4352 ¹¹¹
1214 4297 1338 4354 lleetam.
1356 4298 1388 4354 T·
1406 4300 1426 4357 l.
1447 4301 1536 4372 oses
1548 4319 1622 4372 sqq..
1646 4299 1722 4356 Serv.
1739 4299 1773 4359 T.
1787 4300 1806 4354 t.
1826 4317 1853 4372 p.
1864 4299 1943 4370 40⁵„
1965 4297 2092 4409 ltlctrsrd.
2174 4307 2177 4316 ·

77 4409 331 4495 gubernatorem
359 4415 544 4500 omnium,
575 4399 826 4503 intelligimus,
859 4414 890 4482 ei
922 4437 1047 4503 paren·
1204 4369 1271 4423 Μ
1290 4388 1316 4442 p.
1333 4371 1389 4424 m

75 4509 143 4580 dum
158 4539 241 4598 ⁰⁵⁸0,
267 4517 492 4608 ³8⁰⁰⁵⁰im¹²⁵
506 4517 670 4586 ⁰ld31¹⁰¹¹¹
686 4517 731 4584 ³¹³
744 4516 831 4606 ipso,
854 4514 935 4585 elin
948 4539 1047 4584 ¹¹¹²ss-
1101 4531 1161 4602 De
1184 4527 1302 4602 laude
1321 4533 1429 4600 vitae·
1445 4527 1696 4602 scholasticae
1711 4535 1850 4617 oratio,
1880 4527 1983 4602 dictu
2000 4551 2024 4600 a
2043 4531 2090 4600 D.

75 4609 150 4686 libus
164 4619 295 4689 nostris
310 4618 397 4688 etin
414 4619 557 4710 politica
576 4619 740 4689 societate
752 4617 952 4688 institutum
965 4640 1047 4702 esse,
1110 4631 1273 4706 Mololo,
1300 4631 1477 4704 Foooio
1500 4637 1541 4704 oo
1555 4637 1786 4726 promotione
1797 4637 2080 4730 Mopootroruoo
2119 4667 2124 4674 -

76 4726 101 4782 et
120 4721 264 4791 sancitas
287 4743 419 4812 poenas
440 4721 732 4792 conturbantium
757 4713 852 4789 hunc
872 4719 1048 4800 ordinem,
2036 4725 2040 4732 '

76 4839 144 4907 quas
160 4847 201 4891 ne
216 4821 389 4912 Gigantes
405 4823 567 4918 quidem,
593 4824 650 4892 vel
665 4822 695 4891 si
709 4821 826 4892 ausint
841 4824 885 4891 ad
900 4845 937 4891 se
952 4845 1047 4892 com·
1102 4805 1200 4894 Cum
1222 4816 1409 4886 considero
1431 4839 1506 4900 eos,
1531 4817 1592 4908 qui
1611 4815 1649 4883 in
1667 4810 1762 4886 hune
1778 4818 1895 4886 locum
1910 4820 1953 4888 ad
1969 4818 2094 4886 'dicen-

76 4923 266 4995 nuniendos
282 4920 711 5016 imponerePeli00ssan,
738 4925 891 5014 effugere
906 4937 1047 5018 queant.
1101 4924 1186 4992 dum
1208 4921 1405 5010 prodeunt,
1434 4919 1489 4988 vel
1512 4919 1711 5008 argumenti
1733 4920 1911 5002 novitate,
1938 4919 1994 4988 vel
2018 4921 2093 4989 elo-

77 5011 218 5119 llenique
240 5029 353 5098 multa
374 5027 419 5097 de
433 5022 510 5098 Deo
533 5041 567 5097 et
588 5029 632 5098 de
651 5027 811 5096 moribus
833 5040 954 5097 monet
969 5051 1049 5096 coe·
1102 5023 1246 5119 quentia
1277 5023 1433 5112 placere,
1471 5021 1715 5090 animadverto
1748 5017 1839 5088 mihi
1869 5023 1971 5090 valde
2003 5044 2093 5114 opus

78 5117 196 5197 loetum
212 5131 333 5219 legum
348 5131 455 5215 ordo,
481 5131 670 5201 testificans
685 5133 729 5200 ad
747 5125 1049 5220 humanigeneris
1101 5151 1175 5214 esse
1195 5121 1416 5196 humanitate
1438 5137 1543 5220 atque
1562 5121 1736 5217 aequitate
1755 5135 1878 5196 vestra.
1928 5121 2019 5193 Nam
2036 5147 2094 5194 ar-

77 5224 244 5302 utilitattm
270 5227 333 5301 has
356 5257 475 5303 rerum
499 5233 593 5303 vices
615 5233 776 5303 conditas
792 5255 875 5307 esse.
928 5230 1048 5320 Quare
1101 5242 1309 5318 gumentum
1333 5251 1485 5306 novcrm,
1513 5231 1608 5320 quod
1630 5227 1774 5320 quidem
1798 5221 1882 5296 huic
1903 5225 1982 5298 loco
2005 5244 2093 5298 con-¹

78 5319 161 5400 Plato
178 5337 370 5423 prudenter
385 5335 493 5420 dixit,
519 5359 599 5406 eum
617 5337 733 5406 virum
751 5347 889 5405 tantum
905 5335 1048 5406 beatum
1102 5330 1223 5401 venire
1252 5331 1448 5415 videretur,
1478 5329 1620 5398 nullum
1651 5329 1891 5419 reperiebam,
1923 5353 1998 5400 nee·
2012 5353 2091 5422 per·

78 5447 153 5514 eur,
175 5437 236 5529 qni
259 5432 352 5510 hane
375 5437 576 5510 doctrinam
599 5437 784 5525 didicerit,
810 5430 908 5509 hunc
931 5459 1048 5509 mores
1101 5433 1251 5526 vulgatis
1265 5433 1394 5504 addere
1406 5432 1544 5527 aliquid
1556 5431 1757 5523 splendoris
1770 5433 1922 5504 dicendo
1937 5455 2092 5527 possum.
