4704 5826
232 279 309 354 ers
665 267 828 347 nect.
864 265 1823 350 ossnuoromncuaeeonaeae,
2191 273 2259 352 aas
2321 243 2322 256 ‘

231 469 268 524 et
284 454 361 522 lure
376 449 570 520 laudemus
616 441 688 514 Sed
705 442 888 514 literarum
906 455 941 512 et
959 435 1065 510 hstias
1081 441 1222 530 linguae
1276 442 1337 535 qui
1352 441 1421 510 sibi
1436 441 1580 513 titulum
1590 437 1766 514 Ecclesiae
1779 455 1930 536 arrogu,
1950 443 2075 530 deleta,
2095 443 2260 538 reliquias
2322 460 2323 492 t

234 553 390 645 cognitio
407 548 523 620 verius
537 559 589 618 est
601 545 695 616 inter
708 567 792 634 opes
804 538 980 612 Ecclesiae
994 545 1223 612 numeranda.
1277 557 1501 635 excerptorus
1523 543 1579 620 sit.
1628 541 1731 614 Hanc
1752 543 1961 616 senteutiam
1975 569 2082 639 quarn
2102 547 2259 616 miranda

336 653 536 726 Redeamus
558 668 642 737 ergo
658 647 702 718 ad
717 643 934 714 Politianum
953 668 1032 714 curn
1048 641 1132 714 Pico
1148 645 1220 714 dis·
1276 645 1429 734 imagine
1444 645 1567 737 pingit.
1619 644 1668 718 Ut
1682 646 1812 739 inquit,
1837 671 1917 718 cum
1934 647 2056 718 vineae
2071 661 2173 718 aestu
2190 671 2260 717 are-

235 772 419 830 serentem.
464 750 647 840 Magnum,
671 747 801 839 inquit,
826 757 1074 816 ornamentum
1089 745 1224 818 estviri
1274 747 1386 818 sactae
1407 759 1581 818 nonsunt
1601 748 1815 832 foecundae,
1837 749 1899 819 sed
1926 749 2072 840 sparsim
2098 749 2262 839 pauculas

234 857 406 932 versantis
430 855 469 926 ln
493 850 689 943 Republica
711 847 912 940 eloquentia
936 845 1083 928 Latina,
1115 871 1222 940 quam
1275 871 1362 918 uvas
1383 862 1600 939 genuerunt,
1631 871 1719 942 spsas
1740 849 1887 920 colonus
1906 849 2113 935 inveniens,
2148 864 2260 920 tamen
2323 911 2324 918 ,

234 959 319 1032 haec
342 956 492 1029 Ehraica
519 952 634 1022 studia
661 951 716 1018 vel
739 948 957 1040 impediant,
991 947 1047 1016 vel
1064 971 1224 1020 corrum-
1275 949 1345 1020 sibi
1356 951 1572 1039 gratulatur,
1597 950 1779 1042 inquiens:
1805 949 1919 1020 Nemo
1936 945 1999 1020 has
2014 947 2106 1020 mihi
2120 952 2261 1034 autern,

229 1075 335 1162 punt,
388 1055 561 1142 Magnum
585 1055 690 1123 decus
711 1049 905 1132 sermonis,
934 1049 1165 1118 consiliorum
1189 1061 1224 1120 et
1276 1064 1337 1120 aut
1358 1066 1580 1142 corrrrmpat,
1606 1053 1688 1144 quia
1704 1048 1782 1122 Deo
1804 1052 2031 1122 benedicente
2046 1066 2154 1124 natae
2170 1065 2260 1122 sunt:

233 1164 415 1238 actionum
441 1155 631 1248 elegantia,
663 1177 768 1246 quam
795 1148 950 1219 Graecae
976 1149 1098 1219 literae
1125 1150 1222 1218 adle·
1276 1151 1325 1222 sic
1341 1148 1518 1222 Ecclesiae
1537 1153 1706 1245 reliquiae
1721 1154 1973 1236 servabuntur,
1999 1177 2127 1244 magna
2145 1153 2261 1223 multi·

232 1280 335 1336 runt:
361 1283 529 1350 magnum
552 1255 741 1346 sapientiae
770 1251 893 1322 lumen
915 1262 967 1320 est
993 1245 1223 1344 Philosophia
1276 1253 1400 1324 tudine
1415 1267 1623 1326 trrstsssrmrs
1639 1254 1896 1326 calamitatibus
1909 1255 2105 1345 absumpta.

233 1381 268 1438 et
294 1363 429 1436 Graeca
453 1357 610 1430 historia.
660 1350 871 1436 Adsentior,
901 1355 962 1422 sed
990 1347 1082 1422 nihil
1107 1349 1223 1454 aditur
1377 1354 1418 1424 ln
1438 1351 1501 1426 hac
1516 1355 1669 1445 imagine
1684 1379 1790 1448 quam
1807 1356 1918 1426 multa
1932 1369 2016 1426 sunt
2028 1353 2261 1426 admiratione

231 1471 278 1539 dc
301 1461 479 1546 Ecclesia,
505 1463 549 1530 de
571 1455 752 1550 agnitione
776 1453 857 1539 Dei,
891 1455 935 1522 de
957 1453 1223 1524 confirmatione
1276 1456 1407 1546 digna?
1457 1455 1620 1527 Minatur
1637 1456 1880 1538 multitudini,
1902 1470 1936 1528 et
1954 1457 2160 1526 consolatur
2180 1457 2261 1546 pios,

234 1567 336 1651 fidei,
362 1561 675 1636 disitPolitianns.
730 1557 793 1626 llla
812 1555 999 1625 vultDeus
1019 1556 1131 1645 prima
1150 1577 1223 1624 esse
1276 1572 1310 1628 et
1333 1571 1454 1628 narrat
1477 1558 1590 1630 Deum
1619 1561 1798 1630 custodem
1821 1559 1915 1644 lore,
1952 1571 1994 1630 ut
2019 1558 2158 1628 vinitor
2181 1579 2261 1626 uvas

234 1671 369 1749 studia,
397 1690 486 1760 quae
500 1659 678 1733 Ecclesiae
698 1657 890 1728 necessaria
905 1669 998 1725 susat.
1050 1655 1224 1740 Primum,
1276 1681 1356 1728 suas
1372 1659 1484 1730 sterili
1499 1675 1654 1751 tempore
1667 1659 1829 1732 custodit.
1880 1657 1992 1750 Saepe
2004 1683 2059 1730 me
2074 1659 2114 1728 in
2130 1655 2186 1728 his
2199 1682 2261 1748 pu-

233 1763 549 1864 inquitChristns‚
579 1763 737 1856 quaerite
759 1781 906 1850 regnum
923 1755 1009 1842 Dei,
1035 1771 1070 1828 et
1089 1769 1223 1828 caetera
1277 1761 1378 1830 blicis
1398 1762 1549 1830 miseriis
1570 1775 1605 1832 et
1627 1761 1741 1830 ruinis
1768 1783 1886 1830 rerum
1911 1753 2153 1832 humanarum
2183 1754 2262 1828 haec

233 1867 572 1944 adlicienturvobis.
795 1873 802 1884 “
1193 1865 1197 1872 ’
1277 1861 1395 1950 imago
1408 1863 1622 1934 consolatur·
1675 1859 1857 1952 Elegantia
1876 1875 1927 1932 est
1948 1863 2059 1950 igitur
2080 1860 2261 1950 cogitatio-

333 1971 407 2042 Nec
422 1971 471 2040 ita
487 1959 844 2058 impediuntEbraica
860 1959 974 2028 studia
985 1958 1129 2028 Latinas
1145 1959 1223 2028 lite·
1277 1987 1362 2032 nura
1386 1976 1420 2032 et
1443 1965 1632 2032 verborum
1656 1977 1751 2034 tanta
1775 1964 1814 2032 in
1838 1957 2043 2054 Prophetis,
2068 1976 2110 2032 ut
2129 1962 2260 2054 quires

233 2099 289 2146 ras
311 2089 346 2145 et
364 2073 540 2152 Graecas,
566 2081 702 2137 utnon
724 2061 861 2154 assequi
884 2061 1162 2132 mediocritatem
1184 2060 1224 2130 ia
1276 2065 1499 2153 intelligunt,
1523 2088 1597 2134 non
1612 2065 1747 2154 possint
1762 2087 1838 2134 eam
1855 2086 1929 2132 non
1944 2087 2071 2135 amare.

112 2199 114 2208 ’
232 2177 312 2248 aliis
328 2175 467 2246 duabus
482 2168 615 2259 linguis
628 2164 736 2236 horno
753 2163 943 2232 studiosius
957 2162 1075 2252 possit.
1105 2161 1222 2250 Quam
1377 2164 1559 2236 Postremo
1576 2168 1671 2258 qnod
1689 2167 1732 2236 de
1748 2165 1919 2256 sapientia
1936 2180 1971 2236 et
1993 2165 2178 2234 barbarica
2193 2159 2260 2233 Re.

232 2279 365 2350 multos
384 2276 480 2344 enim
505 2273 611 2341 etiam
629 2267 753 2364 Latine
775 2266 925 2333 disertos
943 2265 1127 2332 nominare
1142 2283 1223 2354 pos-
1276 2268 1415 2358 publica
1432 2266 1744 2350 Politianusdixit,
1769 2267 1871 2336 valde
1888 2280 1992 2339 errat.
2025 2264 2150 2354 longe
2166 2277 2260 2332 ante-
2326 2245 2327 2318 f

232 2405 324 2464 sem,
350 2378 413 2472 qni
429 2371 497 2447 hoc
513 2385 671 2462 ternpore
694 2369 733 2436 in
755 2363 811 2435 his
836 2365 951 2434 tribus
975 2365 1105 2455 linguis
1128 2377 1161 2434 et
1185 2365 1221 2432 in
1275 2369 1396 2438 celluit
1425 2371 1517 2438 veris
1540 2368 1758 2438 ornamentis
1781 2367 1976 2458 respublica
2002 2365 2144 2438 ludaico
2171 2364 2261 2434 Atti-

231 2483 395 2553 universa
426 2470 659 2563 Philosophia
688 2491 832 2559 operam
856 2469 994 2555 egregie
1023 2465 1223 2535 naverunt?
1275 2487 1349 2538 cae:
1392 2493 1455 2538 nec
1482 2471 1636 2539 concedo
1662 2469 1716 2552 ei,
1752 2469 1937 2552 Solonem,
1975 2463 2259 2544 Themistoclem,

232 2581 286 2654 De
300 2579 502 2651 viventibus
517 2597 591 2644 noa
604 2573 730 2652 dicam,
755 2569 816 2662 qui
835 2569 985 2638 etmulti
1000 2584 1093 2650 sunt,
1119 2565 1222 2635 editis
1276 2569 1456 2640 Aristiden
1483 2570 1634 2638 maiores
1655 2571 1750 2638 viros
1777 2569 1902 2652 fuisse,
1929 2567 2062 2654 Moise,
2086 2568 2259 2642 Samuele,

231 2679 473 2754 monumentis
498 2677 595 2748 clari.
623 2673 784 2766 plerique
807 2667 1014 2762 Grynaenm
1046 2669 1222 2751 novimus,
1274 2668 1428 2756 Davide,
1454 2669 1555 2752 Elia,
1581 2668 1720 2752 Eliseo,
1751 2668 1874 2754 Esaia,
1901 2667 2060 2744 leremia.
2120 2667 2205 2740 Ferit
2226 2668 2260 2734 in

232 2787 290 2858 cni
312 2785 412 2854 nulla
435 2771 689 2868 Philosophiae
712 2795 791 2862 pars
814 2771 931 2860 ignota
954 2770 1043 2854 luit,
1075 2783 1109 2839 et
1131 2765 1222 2838 banc
1275 2770 1419 2842 Graecis
1443 2772 1583 2862 politica
1601 2772 1770 2862 sapientia
1786 2787 1821 2844 et
1840 2793 1966 2859 magna
1983 2773 2117 2855 virtus,
2142 2771 2202 2837 scd
2225 2770 2260 2836 iu

233 2913 273 2958 ex
292 2884 439 2958 Graecis
453 2881 613 2952 lontibus
631 2874 805 2956 hauserat,
832 2870 1032 2955 Aristotele,
1059 2867 1222 2956 Euclide,
1275 2870 1329 2944 his
1357 2873 1487 2944 nostris
1513 2873 1646 2963 agnitio
1668 2873 1753 2956 Dei,
1786 2887 1821 2942 et
1852 2872 2039 2964 peculiaris
2069 2870 2260 2962 sapientiae

230 2989 391 3071 Galeno,
424 3007 513 3077 qnos
536 2977 660 3051 habuit
680 2975 894 3044 notissimos.
954 2972 1138 3042 Scribebat
1158 2993 1221 3042 au·
1273 2975 1501 3064 gradussuit,
1527 2974 1808 3066 quaresdubias
1826 2987 1861 3044 et
1882 2973 2079 3064 superiores
2095 2969 2260 3042 humanis

230 3105 302 3164 tem
327 3105 360 3160 et
383 3107 523 3162 versus,
547 3096 582 3151 ct
606 3081 757 3148 solutam
778 3075 975 3143 orationem
998 3074 1080 3142 satis
1102 3075 1222 3164 splen·
1274 3077 1432 3146 consiliis
1455 3089 1488 3144 et
1503 3075 1640 3147 viribus
1666 3075 1886 3144 vocationem
1910 3098 2007 3144 suam
2026 3087 2061 3142 et
2078 3073 2148 3146 Dei
2166 3095 2259 3163 prae·
2328 3109 2329 3134 t

231 3191 325 3266 dide.
377 3187 447 3258 Hie
468 3182 526 3254 his
548 3197 618 3252 tam
643 3178 751 3248 variis
775 3189 809 3244 et
832 3175 1013 3244 immensis
1037 3175 1223 3244 artibuset
1274 3178 1422 3248 sentiam
1438 3175 1614 3246 intuentes
1628 3177 1804 3264 gerebant.
1841 3169 1969 3246 Grae'ci
1986 3175 2040 3244 illi
2054 3175 2129 3242 lere
2144 3194 2260 3242 omncs

228 3291 363 3383 linguis
384 3285 560 3359 Ebraeam
581 3281 743 3352 addebat.
809 3275 960 3345 Amabat
982 3276 1077 3344 enim
1098 3273 1220 3345 Ercle·
1274 3302 1356 3348 auae
1372 3277 1563 3368 sapientiae
1578 3277 1704 3348 liducia
1720 3275 2032 3362 elati,tandemvel
2047 3279 2260 3370 πολυπραγ-

231 3396 317 3468 siam
335 3393 422 3473 Dei,
446 3405 481 3459 ‘t
504 3387 618 3456 fontes
642 3380 823 3451 doctrinae
847 3380 1045 3470 quaerebat.
1100 3375 1221 3469 ltaque
1274 3373 1440 3471 μοσύνῃ,
1468 3380 1521 3448 vel
1542 3377 1796 3467 cupiditatibus
1817 3377 1957 3447 iniustis
1981 3377 2147 3466 impulsi,
2167 3376 2258 3446 civi-

229 3501 324 3569 inter
341 3493 556 3586 precandum
571 3485 704 3578 aliquid
723 3477 873 3550 Ebraice
887 3479 1035 3567 legebat.
1275 3482 1405 3552 tatibus
1428 3480 1499 3550 suis
1521 3502 1663 3568 magnas
1677 3481 1799 3550 ruinas
1813 3491 2045 3550 attraxerunt.
2095 3474 2143 3546 Et
2160 3473 2259 3546 babet

331 3595 384 3666 De
402 3591 574 3684 elegantia
597 3584 769 3656 sermonis
791 3605 864 3650 non
889 3575 946 3648 hic
964 3583 1099 3664 dicam,
1125 3580 1220 3672 quod
1275 3581 1388 3650 David
1415 3576 1624 3660 anchoram,
1651 3605 1720 3672 qua
1744 3603 1842 3649 saram
1860 3583 1981 3648 navim
2001 3580 2106 3649 etiam
2120 3601 2259 3671 quassa-

230 3697 503 3772 Graecicitant:
531 3686 748 3762 Anacharsis
769 3684 860 3774 apud
878 3679 1015 3750 Atticos
1029 3683 1223 3766 soloecizet,
1275 3699 1345 3754 tarn
1372 3683 1486 3752 veritis
1515 3697 1546 3752 et
1572 3683 1737 3750 llrrctibus
1763 3695 1894 3761 servet,
1931 3681 2089 3774 ignotam
2112 3676 2258 3750 Themi·

230 3801 343 3876 Solon
367 3823 450 3868 vero
473 3796 567 3886 apud
590 3784 750 3884 Scythas.
811 3783 890 3853 Non
921 3784 1015 3852 enim
1040 3783 1133 3853 valet
1155 3778 1222 3852 hoc
1275 3785 1398 3869 stocli‚
1426 3782 1573 3871 Pericli,
1599 3797 1633 3852 et
1656 3783 1843 3856 similibus.
1904 3780 1978 3852 Scit
1997 3806 2050 3864 se,
2076 3781 2143 3850 soit
2165 3802 2257 3850 suam

230 3905 363 3974 (lictum
380 3903 418 3969 in
435 3897 657 3968 universum:
687 3885 929 3956 inventionem
947 3895 1071 3978 natura
1088 3884 1222 3952 diiudi-
1275 3885 1528 3978 rempublicam
1542 3881 1617 3954 Deo
1634 3907 1738 3954 crrrae
1755 3909 1845 3954 esse:
1871 3896 1906 3953 et
1926 3879 1991 3954 hac
2008 3907 2068 3974 spe
2086 3905 2153 3952 nec
2174 3881 2258 3949 abii·

229 4019 306 4086 cst,
329 4024 368 4072 ac
389 4001 500 4071 multa
523 3999 570 4064 ab
591 3989 782 4083 ingeniosis
800 4001 834 4056 et
852 3985 1086 4076 prudentibus
1103 3980 1223 4054 homi·
1274 3988 1322 4060 cit
1343 4009 1439 4056 arma
1456 3987 1502 4057 ‘in
1525 3987 1680 4054 adversis
1700 3989 1821 4065 rebus,
1848 3985 2053 4054 necdeserit
2075 3985 2256 4054 stationem

228 4108 354 4189 nibus,
380 4123 583 4195 quanquam
601 4094 731 4185 ignaris
746 4089 903 4171 Graecae
918 4088 1070 4177 linguae,
1095 4109 1220 4178 magna
1275 4113 1394 4172 suam,
1417 4090 1480 4158 sed
1498 4087 1610 4156 exitus
1633 4088 1763 4158 faustos
1778 4099 1948 4176 expetat.
1999 4084 2102 4154 Hanc
2123 4085 2257 4176 eapien-

229 4229 312 4281 cum
328 4216 509 4275 venustate
527 4198 719 4288 excogitata
736 4205 771 4264 et
785 4192 878 4262 dicta
892 4206 986 4258 sunt.
1275 4191 1359 4260 tiam
1389 4189 1560 4260 maiorem
1590 4202 1626 4258 et
1654 4190 1763 4277 magis
1784 4189 1972 4258 salutarem
1994 4183 2259 4264 Themistoclea,

332 4302 381 4377 Et
396 4327 579 4399 nunquam
597 4296 767 4390 sapientia
783 4307 834 4364 est
849 4293 926 4362 sine
941 4291 1130 4380 elegantia,
1156 4285 1222 4360 hoc
1275 4291 1416 4362 discetis
1437 4313 1477 4360 er
1495 4289 1644 4360 lectione
1659 4287 1814 4380 Reipub.
1832 4288 2009 4372 ludaicae,
2033 4309 2160 4380 quam,
2184 4307 2255 4354 cum

230 4423 304 4501 est,
328 4409 406 4484 sine
429 4407 489 4476 illa
513 4419 587 4475 arte
610 4404 737 4472 idonea
753 4394 972 4485 temporibus
995 4418 1035 4462 ae
1054 4392 1223 4484 personis,
1276 4393 1380 4462 suerit
1396 4389 1553 4462 Ecclesia
1571 4387 1662 4474 Dei,
1684 4415 1758 4460 non
1782 4391 1940 4459 sinamus
1963 4389 2184 4460 barbaricam
2200 4409 2257 4452 vo·

228 4536 314 4584 eum
343 4510 461 4603 aliqua
488 4503 658 4594 singulari
688 4497 860 4570 scaevitate
881 4497 1039 4573 dicendi,
1100 4492 1222 4566 Fuisse
1275 4494 1359 4568 cari.
1411 4491 1507 4562 Haec
1528 4493 1624 4564 enim
1650 4491 1871 4563 domicilium
1894 4491 1964 4562 luit
1979 4491 2172 4578 agnitionis
2186 4485 2255 4566 Dei,

230 4629 349 4686 autem
365 4608 574 4703 sapientiam
587 4596 820 4692 inProphetis
834 4599 1072 4676 excellentem,
1086 4596 1223 4686 magni·
1276 4596 1466 4686 sapientiae
1483 4617 1639 4665 summae
1658 4593 1751 4666 inter
1768 4591 1950 4672 homines,
1977 4593 2184 4683 prudentiae
2200 4611 2255 4678 po·

199 4719 319 4792 ,tudo
341 4737 460 4784 rerum
483 4724 658 4799 gestarum
676 4700 843 4772 ostendit.
894 4698 1014 4788 Quare
1031 4723 1104 4770 non
1122 4711 1224 4788 pute·
1275 4698 1404 4779 liticae,
1426 4695 1660 4779 fortitudinis,
1686 4696 1961 4766 castissimorum
1980 4717 2133 4774 mortam
2159 4688 2252 4762 disci·

230 4821 277 4890 tis
299 4839 421 4888 earum
443 4811 639 4884 orationem
662 4803 832 4874 insulsam
852 4825 942 4870 esse:
972 4805 1034 4872 sed
1053 4814 1092 4872 ut
1109 4800 1222 4892 pictu-
1276 4799 1412 4892 plinae,
1439 4812 1474 4868 et
1490 4821 1610 4872 cartam
1624 4797 1761 4869 artium
1776 4818 1866 4890 qnae
1887 4796 1981 4870 inter
2003 4789 2255 4887 philosophicas

232 4945 308 4992 ram
339 4915 482 5007 longius
510 4911 659 5002 positam
685 4907 842 4976 indicare
863 4903 1045 4973 difficilius
1072 4917 1143 4986 est,
1176 4903 1222 4972 ita
1276 4901 1483 4993 praecipuae
1508 4913 1602 4970 sunt.
1652 4897 1725 4972 Sed
1748 4921 1845 4970 nunc
1858 4897 2083 4971 collationem
2106 4894 2254 4986 gentium

233 5020 349 5112 ignari
362 5043 480 5090 rerum
490 5011 665 5084 Ecclesiae
682 5005 853 5078 nonsatis
871 5007 1000 5090 vtdent,
1014 5027 1121 5098 qnam
1139 5003 1224 5072 itta·
1275 5005 1448 5076 omittam.

231 5137 320 5198 stres
354 5136 391 5191 et
413 5119 543 5204 ,dulces
579 5111 748 5201 imagines
781 5121 983 5200 proponant
1014 5100 1224 5198 Prophetae.
1376 5101 1431 5176 Do
1446 5103 1588 5194 linguae
1603 5101 1722 5174 studio
1737 5097 1805 5174 hoc
1821 5125 1962 5175 vosoro
1979 5114 2012 5175 et
2025 5101 2197 5178 obtestor,
2220 5105 2255 5160 ut

233 5219 355 5295 Obvia
369 5234 453 5292 sunt
468 5219 602 5310 ubique
617 5212 773 5302 exempla
790 5209 1054 5290 venustissimo,
1078 5210 1139 5278 sed
1156 5202 1225 5276 hoc
1276 5207 1434 5298 cogitetis
1456 5208 1591 5278 donum
1623 5205 1825 5294 linwt'ssttt
1850 5206 1890 5277 io
1913 5195 2071 5274 Ecclesia
2093 5197 2254 5279 divinitus

233 5345 348 5395 unum
362 5321 529 5390 recitabo.
582 5313 756 5387 Praedicit
771 5307 912 5393 Esaias,
937 5308 1227 5380 Denmservatu-
1277 5310 1437 5382 excitari:
1469 5334 1510 5378 ac
1534 5307 1623 5378 velle
1647 5307 1784 5387 Deum,
1816 5319 1856 5378 ut
1879 5293 2252 5392 conractitigentiaid

232 5445 317 5495 rum
340 5443 413 5490 esse
438 5441 538 5502 suos,
570 5419 631 5487 sed
652 5417 720 5500 ita,
752 5426 790 5482 ut
815 5432 941 5499 magna
966 5425 1064 5502 parte
1089 5411 1227 5502 populi,
1278 5433 1409 5482 munus
1441 5423 1623 5498 tueamur,
1641 5423 1699 5481 ·ut
1725 5410 1846 5482 laudat
1876 5427 2016 5492 servos,
2043 5403 2109 5500 qui
2138 5401 2253 5474 talenta
