4704 5826
187 309 265 384 947

202 479 270 554 No.
289 479 373 552 121.

202 575 372 608 w

305 667 382 752 De
401 661 615 777 partibus
632 671 679 746 et
697 660 890 746 motibus
907 657 1071 744 cordis.

261 839 292 894 ln
304 839 394 894 select.
409 838 532 892 Declsm.
549 835 635 890 T.lV.
654 853 679 904 p.
695 833 746 888 293
757 851 828 904 sqq,
846 831 961 888 Servest.
976 833 1010 886 T.
1024 834 1072 886 lV.
1091 831 1188 904 pass.

294 919 320 961 et
336 906 462 961 Richard.
474 905 509 960 T.
520 905 552 960 ll.
572 923 600 988 p.
614 905 670 956 191.
688 931 724 942 -
760 903 864 973 Mylius
883 907 911 954 in
931 902 1092 972 chronolog.
1109 902 1188 956 Scri-

294 987 405 1046 ptorum
421 973 486 1030 Mel.
499 975 593 1029 retulrt
607 974 678 1028 lasne
692 981 760 1027 orat.
775 974 808 1026 ad
822 989 925 1026 aunum
942 972 1018 1025 1550.

195 1139 323 1208 Oratio
348 1131 590 1227 departibor
612 1142 651 1205 et
665 1129 829 1205 motibus
847 1127 994 1225 cordis3
1019 1135 1188 1204 recitato

412 1259 436 1308 o
464 1234 707 1309 urceolo
734 1231 965 1308 Milichie.

193 1377 307 1460 luitio
322 1387 405 1471 tibi,
431 1389 687 1478 omnipotenti,
716 1387 796 1454 vivo
813 1400 847 1455 et
863 1373 1049 1464 vero'Deo,
1077 1398 1189 1454 aeter-

194 1515 242 1560 no
277 1490 367 1580 patri
397 1486 545 1558 Domini
575 1490 688 1558 nostri
721 1487 798 1556 lesu
822 1481 975 1568 Christi,
1010 1487 1189 1556 conditori

194 1592 284 1672 coeli
302 1579 335 1660 et
349 1605 482 1672 terrae,
512 1604 547 1660 et
573 1586 759 1660 hominum
782 1602 816 1658 et
834 1589 985 1656 aliarum
1011 1603 1190 1656 creatura·

195 1717 295 1775 rum,
321 1717 393 1760 una
410 1717 489 1761 cum
506 1692 578 1760 filio
595 1711 656 1760 tuo
672 1691 827 1760 Domino
848 1703 968 1758 nostro
987 1685 1062 1758 lesu
1082 1685 1188 1758 Chri-

195 1793 266 1874 st'o,
298 1793 463 1862 curcilixo
495 1817 558 1881 pro
589 1793 691 1863 nobis
720 1805 753 1860 et
779 1793 1002 1872 resuscitato,
1030 1783 1131 1887 λόγῳ
1156 1804 1186 1860 et

195 1897 297 1966 icone
319 1909 397 1976 tna,
424 1909 458 1963 et
472 1895 608 1983 Spiritu
624 1907 766 1978 sancto,
793 1891 961 1982 sapienti,
989 1893 1102 1974 bono,
1130 1917 1188 1960 ve-

197 1997 287 2080 raci,
312 1996 422 2078 iusto,
449 2009 560 2080 casto,
585 1996 713 2076 iudici,
745 1992 985 2063 conservatori
1012 1987 1189 2062 Ecclesiae

196 2113 296 2186 tuae,
323 2097 451 2186 gratias
467 2120 532 2186 ago
549 2111 622 2166 toto
641 2109 791 2188 pectore,
816 2096 913 2191 ¹qood
931 2089 1102 2162 hactenns
1120 2095 1190 2162 cle-

197 2213 334 2290 menter
355 2222 420 2266 nos
442 2197 635 2289 protexisti.
690 2195 814 2288 Teque
831 2221 895 2266 oro
914 2210 1060 2286 propter
1077 2195 1188 2264 filium

198 2316 317 2383 tuum,
344 2313 377 2368 et
389 2313 470 2369 tuae
483 2299 615 2388 gloriae
629 2322 752 2383 causa,
779 2323 823 2366 ne
839 2299 933 2366 sinas
949 2297 986 2364 in
1004 2291 1059 2365 his
1075 2299 1189 2388 regio-

199 2404 303 2470 nibus
322 2402 478 2489 extingui
494 2397 639 2470 honesta
657 2399 837 2470 doctrinae
853 2399 980 2471 studia.

300 2499 348 2572 Ut
366 2515 482 2572 autem
497 2503 540 2571 ad
559 2501 745 2572 utilitatem
764 2501 958 2571 iuventutis
980 2501 1117 2592 aliquid
1136 2503 1192 2568 di-

199 2627 336 2684 camus,
363 2604 476 2692 delegi
500 2597 566 2673 hoc
588 2602 1033 2692 temporedescriptionem
1063 2603 1192 2682 cordis,

130 2759 134 2767 .
200 2729 305 2800 quam
327 2722 507 2798 uteunque
531 2704 731 2773 iunioribus
752 2727 942 2794 exponam,
968 2715 1007 2772 ut
1030 2705 1191 2772 conside-

199 2807 290 2877 ratio
307 2807 382 2874 eius
399 2808 443 2874 de
458 2803 524 2876 Dei
547 2807 714 2886 consilio,
741 2808 834 2875 etde
856 2805 1046 2874 affectuum
1069 2808 1193 2876 mode-

200 2909 336 2976 ratione
361 2907 500 3001 aliquos
524 2907 825 2976 commonefaciat.
878 2905 984 2976 Scitis
1009 2907 1104 2974 enim
1127 2929 1192 2976 nos

201 3009 239 3078 in
254 3005 310 3078 his
327 3009 587 3100 congressibus,
612 3010 698 3078 alias
714 3010 758 3076 de
774 3007 840 3076 alia
858 3019 1005 3074 naturae
1021 3023 1119 3098 parte
1136 3009 1194 3076 di-

202 3133 297 3194 cere,
330 3134 409 3178 cum
429 3111 468 3178 in
489 3121 584 3178 tanta
609 3109 844 3198 amplitudine
865 3120 1029 3192 naturae,
1065 3110 1193 3178 multas

201 3225 317 3302 partes
335 3211 441 3280 simul
465 3210 650 3300 complecti
672 3233 744 3277 non
769 3210 953 3300 possimus.
1007 3208 1060 3278 Ac
1079 3234 1194 3301 nuper

202 3311 241 3381 in
263 3335 389 3402 genere
413 3314 456 3380 de
478 3311 638 3380 doctrina
666 3310 863 3380 anatomica
890 3309 1063 3396 diximus,
1098 3325 1194 3407 etot

202 3415 245 3482 ad
266 3438 340 3481 earn
360 3413 561 3481 discendam
584 3411 740 3482 iuniores
757 3407 1048 3497 adhortarentur,
1074 3437 1193 3483 causas

203 3539 277 3583 non
301 3515 394 3583 leves
418 3515 661 3594 recitavimus,
694 3514 888 3584 necessaria
911 3529 962 3584 est
985 3515 1079 3582 enim
1108 3511 1193 3584 haec

203 3616 358 3706 cognitio
373 3617 555 3702 omnibus,
581 3630 614 3686 et
633 3617 676 3684 ad
694 3617 862 3687 tuendam
882 3615 1133 3698 valetudinem,
1160 3629 1193 3686 et

203 3721 247 3787 ad
267 3717 494 3807 depellendos
520 3719 673 3789 morbos.
726 3715 878 3786 Mirifice
903 3741 987 3786 vero
1010 3719 1194 3788 confirmat

204 3818 242 3887 in
269 3821 399 3886 nostris
422 3818 601 3888 mentibus
625 3819 869 3886 adsensionem
895 3820 937 3886 de
960 3819 1193 3910 providentia,

203 3943 286 3988 nam
305 3915 396 3988 hanc
418 3931 551 3988 tantam
572 3921 739 3990 artemio
761 3913 925 3988 machina
947 3915 1097 3988 humani
1116 3945 1194 3989 cor-

199 4021 315 4113 poris,
350 4035 384 4090 et
404 4021 565 4089 ordinem
599 4021 819 4110 singularum
842 4022 996 4112 partium
1020 4035 1054 4090 et
1083 4021 1194 4092 actio·

203 4147 310 4199 num,
337 4123 503 4206 noticias,
529 4147 713 4204 numeros,
740 4123 849 4210 leges,
876 4123 1193 4204 ratiocinationem,

205 4224 386 4293 electionis
401 4223 619 4303 facultatem,
647 4247 726 4293 casu
744 4225 912 4307 extitisse,
939 4237 973 4294 et
988 4247 1070 4294 casu
1088 4225 1192 4294 talem

204 4333 345 4392 manere
362 4321 549 4394 hominum
567 4340 728 4394 naturam
743 4325 961 4416 impossihile
979 4340 1041 4400 est.

304 4421 370 4495 Est
391 4427 499 4515 igitur
521 4427 597 4494 sine
620 4427 692 4496 ulla
713 4427 936 4496 dubitatione
958 4451 1059 4496 mens
1077 4421 1193 4496 archi-

205 4527 382 4606 tectatrix,
409 4529 566 4618 sapiens,
594 4529 704 4612 bona,
737 4553 859 4612 verax,
887 4529 993 4614 iusta,
1026 4528 1193 4611 benefica,

205 4642 317 4718 casta,
339 4629 539 4708 liberrima,
566 4653 712 4698 cernens
736 4643 770 4700 et
791 4630 953 4700 iudicans
980 4631 1100 4701 omnia
1126 4624 1192 4698 ho-

203 4728 341 4799 minum
364 4730 464 4799 faeta.
526 4727 597 4800 Nec
622 4735 841 4821 aspernanda
866 4745 918 4802 est
942 4727 1026 4808 haec
1047 4730 1192 4810 utilitas,

203 4835 296 4923 quod
316 4826 421 4902 huius
434 4830 590 4898 mirandi
608 4832 745 4901 ordinis
761 4846 795 4903 et
809 4833 896 4904 artis
911 4835 1192 4906 consideratione

203 4933 246 5000 ad
269 4933 485 5022 agnitionem
501 4927 568 5000 Dei
593 4935 812 5007 deducimur.
863 4933 912 5006 Ut
932 4949 1049 5006 autern
1067 4957 1192 5007 accen-

202 5034 334 5104 dantur
362 5034 474 5103 animi
499 5033 702 5120 iuniorum,
741 5059 844 5126 saepe
866 5037 910 5105 de
940 5041 1061 5108 eodem
1087 5059 1193 5126 argu-

204 5149 323 5204 mento
347 5137 536 5204 dicendum
569 5151 637 5218 est,
672 5151 706 5208 et
734 5162 830 5206 nnnc
858 5139 903 5206 de
931 5143 1036 5210 corde
1064 5141 1192 5223 dicam,

182 5238 298 5330 quod
321 5236 411 5305 vitae
431 5239 567 5306 fontem
591 5240 752 5310 nominat
771 5233 997 5329 Aristoteles,
1030 5257 1065 5314 et
1087 5239 1191 5311 multi

200 5336 344 5424 proprie
359 5339 476 5406 sedem
495 5351 528 5407 et
540 5341 761 5412 domicilium
778 5341 915 5409 animae
925 5365 1005 5440 xesse
1021 5345 1191 5414 iudicant.

569 295 730 374 DECL.
763 295 838 374 DE
871 297 1168 374 PARTIBUS
1200 299 1277 375 ET
1309 296 1583 376 MOTlBUS
1616 297 1851 377 CORDlS.

1010 501 1060 544 sn.
1077 479 1172 543 1550.

2163 305 2240 379 948

1237 485 1364 566 potest,
1383 473 1445 542 sed
1461 473 1550 542 loris
1564 486 1747 567 utcunque
1760 474 1879 544 omnia
1895 473 2097 567 aspicimus,
2124 487 2159 544 et
2172 476 2240 545 ali·

1239 599 1310 668 qua
1335 599 1376 644 ex
1405 589 1505 666 parte
1527 587 1759 660 structuram,
1794 577 1980 669 qualitates
2008 589 2044 646 et
2072 577 2167 646 vires
2197 601 2240 646 ex

1240 676 1489 746 effectionibus
1521 677 1680 766 ipsorum
1709 677 1968 764 diiudicamus,
2003 692 2126 746 tamen
2162 701 2239 747 nou

1241 791 1426 869 propterea
1446 773 1532 848 haec
1547 778 1710 848 doctrina
1728 779 1927 849 abiicienda
1945 793 2008 853 est.
2063 777 2151 850 Vult
2173 803 2240 850 nos

1239 877 1337 950 Deus
1359 880 1502 948 exordia
1527 875 1633 950 huius
1649 880 1843 970 sapientiae
1859 883 1898 950 in
1920 877 1986 950 hac
2003 882 2076 950 vita
2092 883 2240 964 discere,

1240 995 1359 1072 postea
1390 982 1568 1050 intuentes
1597 981 1708 1072 ipsam
1739 997 1887 1052 naturae
1908 983 2023 1051 ideam
2055 985 2095 1050 in
2118 995 2239 1052 mente

1241 1083 1384 1166 divina,
1418 1107 1491 1150 non
1515 1083 1631 1151 solum
1657 1083 1909 1175 perspiciemus
1933 1107 2051 1152 rerum
2074 1085 2241 1154 substau-

1241 1183 1325 1266 tias,
1360 1183 1551 1252 sedetiam
1581 1183 1727 1252 consilia
1752 1181 1818 1252 Dei
1845 1208 2116 1274 cognoscemus,
2152 1185 2240 1277 quid

1241 1309 1303 1355 cor
1320 1285 1367 1356 ita
1384 1287 1536 1356 condere
1549 1285 1678 1354 rectius
1693 1285 1810 1355 fuerit.
1848 1284 1904 1355 Ad
1922 1283 2013 1355 hane
2028 1285 2239 1377 sapientiam

1242 1387 1319 1456 vult
1335 1411 1400 1456 nos
1424 1388 1463 1454 in
1489 1381 1574 1469 hoc,
1599 1401 1638 1455 ut
1662 1386 1710 1454 ita
1730 1387 1864 1473 dicam,
1894 1388 2071 1484 tyrocinio
2091 1411 2239 1478 praepa·

1241 1489 1324 1558 rari.
1365 1491 1424 1558 Ac·
1436 1487 1549 1557 multo
1566 1487 1684 1562 cordis
1698 1489 1884 1558 obscurior
1898 1503 2025 1559 natura
2042 1505 2105 1572 est,
2132 1512 2238 1582 quarn

1242 1591 1393 1660 aliorum
1417 1589 1670 1661 membrorum.
1732 1581 1840 1676 Quod
1873 1591 1911 1660 in
1945 1601 2044 1682 epate
2075 1591 2115 1660 lit
2142 1587 2240 1683 chyli

1242 1693 1355 1761 coctio
1378 1705 1412 1762 et
1437 1713 1548 1758 massa
1566 1689 1758 1778 sanguinea
1773 1692 1947 1780 gignitur,
1972 1691 2090 1762 minus
2105 1691 2239 1760 mirum

1242 1793 1427 1876 ducimus,
1462 1805 1513 1860 est
1538 1791 1632 1859 enim
1657 1793 1819 1880 cognatio
1841 1793 1957 1862 carnis
1982 1807 2016 1863 et
2045 1792 2239 1884 sanguinis.

1241 1889 1290 1963 Et
1313 1893 1476 1964 videmus
1500 1891 1666 1961 llosculos
1698 1909 1903 1963 convertere
1931 1895 2047 1963 mrem
2076 1895 2114 1962 in
2140 1917 2239 1962 suam

1243 2009 1424 2079 naturam,
1446 1995 1505 2063 sed
1524 1993 1588 2085 qui
1603 1993 1641 2061 fit
1663 2007 1703 2063 ιιι
1724 2019 1785 2063 cor
1802 1996 1916 2065 subita
1935 1995 2151 2085 cogitatione
2171 1995 2240 2062 im-

1244 2097 1404 2187 pulsum,
1431 2094 1547 2164 statim
1566 2093 1800 2185 rapidissimis
1814 2099 1970 2168 motibus
1985 2097 2143 2165 cicatur'?
2168 2097 2240 2164 lae·

1243 2198 1344 2278 ticia‚
1371 2197 1511 2278 dolore,
1537 2219 1609 2286 spe,
1635 2209 1745 2279 metu,
1772 2197 1842 2278 ira,
1863 2198 2016 2270 flammis
2032 2197 2240 2268 amorisaut

1244 2298 1338 2383 odii,
1363 2299 1545 2390 quomodo
1562 2320 1634 2377 cor,
1662 2299 1757 2390 quod
1773 2313 1824 2368 est
1839 2323 1919 2370 caro
1946 2301 2055 2392 spissa
2082 2313 2117 2370 et
2140 2301 2240 2382 dura,

1244 2400 1428 2470 dissimilis
1460 2413 1608 2467 naturae
1644 2399 1858 2489 intelligenti
1891 2425 1950 2471 seu
1978 2401 2067 2486 luci,
2102 2399 2240 2469 moveri

1244 2515 1358 2593 potest
1372 2499 1609 2589 cogitatione?
1635 2511 1671 2569 et
1686 2503 1781 2570 unde
1795 2515 1891 2572 tanta
1907 2518 2089 2585 motuum,
2111 2501 2242 2570 videli-

1245 2613 1298 2670 cet
1315 2601 1525 2685 affectuum,
1548 2601 1732 2671 diversitas
1745 2617 1797 2673 est
1810 2604 1848 2672 in
1865 2629 1936 2674 una
1949 2620 1983 2674 et
1999 2603 2106 2672 simili
2125 2603 2241 2672 carnis

1245 2704 1382 2772 massa?
1405 2703 1595 2792 Quomodo
1611 2703 1707 2792 gigni
1725 2719 1871 2794 possunt
1885 2707 2023 2776 viribus
2037 2700 2146 2775 huius
2159 2729 2241 2774 cru-

1245 2807 1310 2875 dae
1326 2805 1441 2874 carnis
1467 2803 1612 2894 spiritus
1630 2805 1772 2885 vitales,
1798 2808 1862 2899 qui
1882 2822 1969 2878 sunt
1989 2807 2154 2876 llammae
2180 2829 2241 2874 su-

1244 2920 1407 2999 perantes
1420 2906 1498 2976 luce
1514 2917 1547 2976 et
1563 2905 1758 2977 subtilitate
1774 2909 1910 2978 solem?
1933 2905 2013 2980 Etsi
2026 2921 2143 2978 autem
2159 2921 2240 2976 tan-

1245 3020 1361 3096 tarum
1384 3029 1503 3076 rerum
1529 3029 1652 3075 causae
1674 3009 1814 3078 ostendi
1834 3035 1909 3079 non
1925 3023 2092 3102 possunt,
2120 3023 2241 3078 tamen

1245 3109 1513 3200 progrediamur
1528 3131 1599 3200 quo
1616 3131 1813 3199 possumus.
1866 3110 1910 3180 lo
1933 3135 1972 3182 ea
1997 3111 2157 3202 corporis
2171 3105 2241 3180 hu-

1246 3209 1341 3278 mani
1369 3222 1468 3302 parte
1494 3233 1582 3302 quae
1605 3223 1725 3300 pectus
1745 3212 1969 3295 nominatur,
1995 3211 2132 3281 inclusa
2151 3213 2241 3282 ossi-

1246 3315 1311 3381 bus
1325 3305 1479 3381 thoracis
1494 3334 1605 3402 usqne
1622 3313 1665 3379 ad
1683 3313 1924 3403 cartilaginem
1948 3307 2114 3408 ξιφοειὸῆ
2134 3327 2169 3384 et
2183 3335 2241 3382 re-

1245 3415 1385 3503 gionem
1395 3413 1598 3497 ventriculi,
1613 3437 1631 3480 a
1649 3437 1717 3507 qua
1732 3415 1916 3486 dirimitur
1934 3411 2140 3508 phrenibus,
2156 3427 2240 3486 suut

1246 3539 1338 3600 ossa,
1365 3513 1568 3604 panniculi,
1593 3527 1633 3584 ut
1655 3539 1804 3608 eaquae
1830 3517 2003 3608 succingit
2020 3530 2150 3600 costas,
2182 3517 2239 3584 in-

1246 3617 1438 3706 tersepiens
1470 3615 1543 3684 sive
1575 3616 1823 3702 mediastinus,
1863 3615 2115 3711 diaphragma,
2154 3618 2238 3688 item

1246 3719 1362 3788 cordis
1392 3718 1636 3801 involucrum,
1671 3730 1705 3786 et
1735 3743 1796 3787 cor
1822 3719 1939 3812 ipsum
1963 3745 2043 3790 cum
2074 3731 2177 3790 aorta
2206 3731 2240 3788 et

1247 3843 1415 3888 venarum
1442 3819 1644 3902 canalibus,
1675 3817 1760 3888 item
1784 3821 1907 3911 pulmo
1932 3846 2011 3891 cum
2037 3822 2110 3890 sois
2135 3822 2239 3900 vasis,

1246 3937 1280 3992 et
1302 3922 1441 4014 aliquae
1467 3920 1619 4008 gutturis
1641 3935 1675 4007 et
1695 3921 1796 4010 gulae
1817 3937 1950 4016 partes:
1975 3924 2034 3992 sed
2058 3925 2102 3992 de
2120 3923 2238 3992 omni-

1246 4025 1311 4092 bus
1325 4023 1393 4089 iam
1409 4023 1478 4090 dici
1495 4045 1568 4090 non
1587 4034 1711 4111 potest.

1322 4118 1458 4192 Ordiar
1472 4124 1580 4212 igitur
1588 4115 1648 4214 „ab'
1656 4147 1694 4192 ea
1716 4138 1832 4214 parte,
1851 4149 1941 4218 quae
1957 4127 2167 4194 nominatur
2181 4126 2239 4192 in-

1247 4226 1430 4296 volucrum
1452 4223 1569 4295 cordis
1598 4237 1633 4293 et
1659 4217 1894 4322 nspcxoipdsoc
1909 4222 2039 4319 χιτών,
2062 4229 2158 4319 quod
2178 4251 2237 4296 cor

1245 4329 1481 4422 undequaque
1503 4325 1620 4394 munit
1636 4350 1676 4395 ac
1692 4329 1799 4416 tegit,
1825 4341 1877 4398 est
1894 4330 1989 4398 enim
2002 4329 2099 4398 velut
2120 4329 2236 4396 cordis

1246 4430 1485 4514 domicilium,
1511 4429 1551 4496 in
1572 4451 1643 4520 quo
1663 4440 1696 4496 et
1719 4430 1882 4499 munitur
1899 4455 1959 4499 cor
1975 4443 2008 4500 et
2033 4431 2236 4499 sustinetur.

1245 4525 1310 4600 Est
1342 4547 1457 4601 autem
1491 4525 1559 4598 hoc
1585 4530 1811 4600 involucrum
1842 4534 2046 4601 membrana
2078 4533 2236 4622 simplex,

1245 4633 1355 4700 nullis
1371 4633 1557 4702 intertexta
1574 4629 1690 4715 fibris,
1716 4633 1776 4702 sed
1792 4633 1892 4703 firma
1909 4647 1942 4703 et
1960 4635 2098 4716 valida,
2126 4636 2233 4724 ligura
2343 4699 2344 4702 ,

1244 4733 1345 4802 noeis
1360 4736 1505 4824 pineae,
1530 4733 1627 4804 intus
1642 4733 1824 4802 cavitatem
1842 4729 1989 4822 habens,
2012 4759 2103 4828 quae
2122 4737 2235 4804 cordis

1244 4837 1465 4906 domicilium
1490 4847 1557 4919 est,
1584 4847 1660 4904 orta
1685 4835 1729 4902 ab
1748 4835 1832 4926 ipsis
1845 4861 2016 4906 venarum
2042 4839 2234 4906 etarteria-

1244 4961 1323 5005 rum
1348 4938 1495 5020 tunicis,
1527 4960 1617 5028 qnae
1639 4959 1703 5025 per
1726 4930 1818 5006 hanc
1839 4941 2081 5007 membranam
2110 4943 2234 5008 ductus

1244 5033 1393 5124 habent,
1418 5040 1557 5128 alligata
1575 5037 1787 5106 mediastino
1804 5052 1838 5109 et
1851 5037 2108 5130 diaphragmati
2127 5040 2235 5108 firmis
2300 5045 2303 5054 “

1244 5135 1403 5212 nexibus.
1429 5139 1508 5210 Hoc
1522 5139 1747 5208 involuerum
1763 5142 2024 5212 munimentum
2040 5153 2092 5209 est
2109 5141 2233 5222 cordis,

1242 5241 1280 5308 in
1296 5268 1368 5335 quo
1385 5244 1432 5312 ita
1451 5243 1551 5323 latet,
1580 5253 1621 5310 ut
1636 5239 1824 5311 intervallo
1842 5257 1936 5313 certo
1951 5243 2055 5313 distet
2074 5243 2232 5335 nudique

1242 5365 1303 5412 cor
1318 5345 1362 5414 ab
1377 5345 1474 5436 ipso,
1498 5341 1545 5412 ita
1560 5353 1601 5412 ut
1615 5365 1680 5409 nec
1695 5342 1762 5431 ipsi
1779 5338 1979 5429 adhaereat,
2002 5367 2067 5412 nec
2083 5343 2231 5413 alterum

199 5429 279 5507 Etsi
301 5451 419 5506 autem
443 5439 583 5508 nullum
614 5445 813 5516 membmm
842 5441 983 5532 penitus
1005 5443 1190 5535 introspiei
1241 5466 1282 5513 ex
1298 5447 1409 5517 altero
1425 5457 1547 5516 natum
1566 5443 1622 5515 sit.
1675 5441 1719 5512 ln
1735 5437 1905 5535 haqarca
1926 5447 2147 5531 existimant,
2171 5468 2229 5515 seu
