4688 5826
82 231 153 312 an
464 287 467 296 .
500 227 684 306 oncn·
712 225 788 318 iis
821 195 1161 326 oios'irsru
1194 227 1652 316 asunooooian.
2017 231 2096 319 ess

85 402 261 490 etatum,
286 399 650 494 lovistcioperatum,
674 399 803 477 Martis
823 397 1055 484 cholerieunn
1097 423 1191 473 rare.
1206 360 1383 480 naturales
1400 403 1697 496 significationes,
1726 413 1818 502 'quas
1842 405 1940 482 Deus
1962 429 2096 500 μοι»

86 507 166 582 Solis
178 506 374 594 vivificum,
396 502 570 576 Mercurii
591 505 736 591 uenus,
764 503 911 576 Veneris
929 518 965 578 ct
980 503 1054 576 Lu·
1106 505 1195 590 suit,
1217 517 1257 576 ut
1271 527 1338 576 nos
1355 507 1599 596 vigilantiores
1613 511 1755 595 reddat,
1780 523 1814 582 et
1829 533 1950 582 curum
1966 508 2007 580 in
2028 531 2096 578 no-

85 634 140 684 uae
154 604 342 684 humidius.
392 599 440 678 Et
456 601 543 678 haec
558 609 654 677 varic
673 607 786 699 posita
802 608 910 678 miras
924 607 1057 678 mixtu-
1107 605 1162 676 bis
1183 621 1300 693 acuat,
1333 608 1433 700 pium
1453 623 1487 682 et
1503 611 1591 681 utile
1613 625 1677 682 est.
1729 611 1799 682 Sed
1823 613 2007 682 videamus
2021 609 2097 702 pri-

86 736 132 784 ras
144 711 315 796 efficiunt,
340 721 381 780 ut
403 733 484 802 cuin
498 708 535 780 iu
560 709 825 782 medicamentis
840 709 957 780 variae
974 703 1058 778 her·
1106 722 1206 780 vatos
1226 731 1354 784 mores.
1410 709 1453 782 si
1469 711 1548 806 quis
1563 725 1711 783 naturae
1728 736 1812 784 suae
1828 713 2098 802 inclinationem

85 815 139 888 bae
152 815 351 900 miscentur,
376 811 415 882 iu
429 827 536 884 cantu
552 834 667 884 voces.
700 809 798 884 Haec
813 812 887 882 dixi
904 810 1058 895 brevius,
1107 809 1292 902 intelligit,
1317 811 1411 882 alere
1426 815 1520 885 bona
1536 827 1571 884 et
1584 815 1810 898 confirmare,
1837 829 1871 888 et
1884 815 1996 889 vitare
2010 813 2099 884 vitia

86 917 270 987 nouaclum
284 915 379 1008 qued
398 909 561 984 habenda
582 913 652 986 luit
665 915 756 984 ratio
781 914 971 1006 temporis,
996 915 1057 982 scd
1107 913 1291 1002 diligentia
1308 937 1348 984 ac
1360 917 1499 986 ratione
1515 931 1641 1007 potest.
1682 915 1816 988 Verum
1831 931 1882 988 est
1895 917 1991 986 enim
2003 915 2101 1010 quod

87 1019 175 1092 etiam
189 1019 286 1112 quod
301 1017 403 1088 vobis
420 1016 634 1087 doctissimis
650 1011 857 1086 hominibus
873 1016 957 1088 satis
973 1039 1057 1107 pro·
1107 1015 1156 1086 ait
1172 1013 1412 1088 Ptolemaeus:
1439 1017 1588 1110 Sapiens
1610 1019 1729 1089 anima
1749 1019 1894 1091 adiuvat
1914 1017 2101 1090 coelestem

86 1124 152 1192 bata
178 1143 250 1189 esse
281 1119 491 1190 arbitrabar.
552 1117 669 1188 Venio
699 1118 808 1208 igitur
833 1121 879 1188 ad
911 1119 1056 1188 alteram
1107 1116 1367 1208 operationem,
1413 1123 1713 1212 quemadmodum
1752 1123 1908 1214 optimus
1948 1119 2102 1210 agricola

85 1237 214 1316 partem,
238 1219 415 1306 videlicet,
439 1235 480 1293 ut
493 1221 538 1290 de
553 1221 707 1298 utilitate
722 1219 850 1292 dicam.
885 1218 958 1290 Nec
974 1243 1057 1290 vero
1108 1221 1243 1288 arando
1273 1225 1570 1315 expurgandoque
1598 1225 1744 1295 adiuvat
1773 1238 1948 1294 naturam.
2020 1217 2101 1290 lloc

86 1324 227 1394 existimo
249 1345 453 1418 quenquam
475 1326 566 1392 adeo
594 1323 875 1414 superstitiosum
901 1345 994 1406 esse,
1018 1334 1060 1390 ut
1110 1321 1177 1390 late
1193 1335 1287 1412 patet
1304 1323 1342 1390 in
1358 1348 1441 1394 cura
1457 1325 1689 1409 valetudinis,
1714 1324 1752 1394 in
1769 1324 1958 1416 deligendo
1974 1343 2102 1413 genere
2180 1369 2183 1386 .

86 1425 223 1518 uegetin
237 1426 415 1496 medendo
432 1426 629 1496 conducere
648 1425 930 1496 observationem
954 1424 1057 1518 syde-
1109 1423 1218 1507 vitae,
1250 1424 1381 1512 studii,
1419 1425 1457 1494 in
1485 1427 1718 1520 suscipiendis
1741 1427 1896 1518 negociis
1924 1425 1981 1494 vel
2011 1423 2103 1517 aptis

86 1553 163 1600 rum·
210 1524 375 1621 Cumque
391 1528 434 1596 de
453 1521 520 1596 hac
535 1550 573 1598 re
596 1541 631 1598 et
653 1539 838 1620 praecepta
861 1537 996 1610 extent,
1024 1539 1059 1594 et
1109 1524 1165 1594 vel
1193 1519 1468 1598 abhorrentibus
1495 1529 1541 1598 ab
1563 1529 1717 1619 ingenio.
1784 1531 1824 1602 si
1842 1525 2011 1600 Curionis
2041 1537 2103 1596 aut

85 1627 457 1722 cessissemusne,
482 1652 556 1700 non
571 1653 631 1698 eru
647 1629 798 1718 longior.
850 1626 994 1716 Quanto
1009 1641 1059 1698 est
1109 1625 1262 1699 Antonii
1279 1643 1440 1718 parentes
1455 1631 1538 1700 satis
1554 1632 1811 1703 intellexissent
1826 1643 1990 1701 naturam
2008 1627 2104 1698 filiu-

84 1745 184 1804 auteiu
204 1731 266 1800 illa
290 1730 404 1800 maior
423 1729 575 1815 utilitas,
607 1754 682 1800 non
703 1731 823 1802 solum·
842 1731 883 1798 in
908 1729 1058 1819 aegrotis
1109 1751 1207 1813 rum,
1232 1729 1373 1802 flectere
1398 1708 1572 1822 singulari
1588 1744 1662 1804 arte
1679 1735 1753 1804 lcra
1774 1749 1808 1806 et
1826 1733 1986 1826 inquieta
2004 1731 2104 1820 inge-
2172 1765 2174 1770 ·

84 1833 293 1926 corporibus,
318 1833 506 1902 sedmulto
529 1831 639 1922 magis
661 1831 1061 1930 ipRebuspubconsi-
1110 1831 1169 1923 nia
1184 1833 1228 1900 ad
1244 1833 1522 1904 moderationem
1539 1837 1747 1928 potuissent.
1793 1831 2004 1928 Philippum
2021 1831 2104 1902 Ma-

86 1937 190 2006 derare
218 1934 457 2006 mutationum
489 1935 722 2006 maximarum
741 1950 818 2005 'seu
844 1956 965 2004 causas
998 1957 1059 2003 scu
1111 1934 1279 2002 tedonem
1312 1935 1511 2030 accepimus
1534 1935 1668 2029 Regem
1697 1939 1737 2008 in
1767 1937 1893 2030 primis
1923 1934 2105 2019 callidum,

85 2036 354 2128 sigiiilicationes,
370 2049 410 2108 ut
423 2039 690 2106 accommodare
704 2038 747 2106 ad
765 2059 825 2106 eas
837 2049 958 2106 nostra
974 2059 1059 2106 con·
1109 2057 1189 2104 cum
1208 2033 1514 2109 animadvertisset
1538 2040 1577 2108 in
1605 2039 1678 2110 filio
1702 2037 1906 2110 Alexandro
1929 2059 2004 2106 non
2020 2057 2104 2105 sane

29 2179 30 2186 κ
87 2139 150 2210 silia
162 2138 349 2230 possimus,
372 2151 406 2208 et
425 2151 500 2208 arte
520 2138 682 2228 mitigare
698 2139 936 2212 incommoda.
967 2135 1059 2206 Vere
1111 2159 1273 2226 pravam,
1309 2141 1370 2208 sed
1398 2153 1516 2210 tamen
1547 2141 1760 2234 asperiorem
1791 2155 1826 2212 et
1859 2138 2105 2232 impatientem

87 2242 165 2312 euim
186 2240 308 2335 inquit
323 2239 443 2324 Plato,
467 2241 634 2334 syderum
661 2239 830 2311 circuitus
846 2239 981 2310 efficere
998 2263 1060 2309 va·
1110 2237 1250 2330 imperii
1273 2253 1438 2310 naturam
1463 2265 1555 2328 esse,
1592 2244 1796 2336 videretque
1819 2267 1900 2314 eum
1931 2263 2006 2311 non
2030 2237 2105 2332 pati
2197 2281 2201 2286 -

86 2343 142 2414 rias
154 2345 255 2424 vices,
280 2365 358 2412 non
372 2341 489 2412 solum
504 2341 740 2424 animantium
755 2342 976 2434 corporibus,
998 2341 1059 2413 sed
1112 2339 1323 2410 domitorem
1339 2365 1523 2434 asperum,
1550 2343 1668 2437 coepit
1686 2343 1875 2418 consilium
1891 2343 2054 2414 doctrina
2072 2355 2106 2412 et

87 2446 172 2516 etiam
193 2446 382 2516 universae
404 2456 553 2518 naturae
577 2467 714 2528 rerum,
745 2444 838 2514 vitae
861 2437 1061 2527 hominum,
1112 2435 1343 2535 Philosophia
1361 2445 1528 2516 flectendi
1550 2469 1631 2516 euin
1653 2451 1697 2516 ad
1713 2446 1920 2518 suavitatem
1943 2459 1977 2516 et
1992 2441 2106 2519 comi-

87 2545 229 2640 lmpcriis
264 2559 300 2618 et
326 2543 614 2637 Rebuspublicis.
667 2544 717 2618 Ut
747 2558 865 2616 autem
897 2545 1061 2634 agricolis
1111 2557 1230 2618 tatem.
1280 2541 1358 2616 Hac
1378 2547 1516 2617 ratione
1532 2549 1620 2619 adeo
1642 2549 1794 2620 excoluit
1813 2547 1912 2616 illam
1928 2559 2104 2631 naturam,

29 2673 30 2702 ³
87 2649 300 2742 praecipitur,
324 2660 364 2718 ut
386 2659 632 2744 tempestatum
658 2646 756 2738 signa
773 2648 984 2730 observent,
1010 2646 1058 2718 ita
1111 2657 1153 2715 ut
1176 2645 1214 2714 in
1239 2645 1315 2737 ipso
1337 2673 1443 2719 cursu
1465 2649 1776 2728 victoriarumvix
1793 2651 1980 2746 quisquam
1998 2647 2106 2718 luerit

29 2759 31 2858 l
87 2752 184 2844 magni
201 2752 271 2820 viri
285 2747 476 2840 inRepub.
492 2751 731 2820 mutationum
745 2749 845 2840 signa
860 2747 1059 2838 intelligere
1109 2769 1267 2840 unquam
1284 2744 1476 2822 humanior
1487 2775 1527 2822 ac
1541 2753 1770 2824 moderatior.
1824 2749 1877 2822 Ita
1892 2753 2036 2843 prodest
2050 2747 2106 2817 vl-

29 2867 31 2938 t
87 2853 339 2924 etconsiderare
355 2852 502 2926 debent.
552 2847 764 2944 thuidem
783 2849 978 2942 inscriptis
996 2875 1059 2942 po·
1111 2851 1213 2934 dere,
1247 2875 1318 2943 quo
1339 2877 1541 2948 quenquam
1564 2857 1670 2926 ducat
1685 2869 1831 2936 natura,
1857 2865 1898 2924 ut
1915 2850 2105 2944 disciplina

29 2991 30 3024 1
87 2957 173 3026 liticis
193 2955 414 3044 colliguntur
437 2953 538 3042 signa
558 2966 698 3045 sumpta
720 2977 739 3024 a
762 2953 924 3024 moribus
945 2965 979 3022 et
995 2977 1061 3022 vo·
1094 2951 1239 3036 ⁴idonea
1255 2952 1298 3021 ad
1315 2953 1482 3026 virtutem
1498 2956 1678 3044 flectatur,
1704 2969 1739 3026 et
1753 2979 1772 3026 a
1788 2956 1885 3026 vitiis
1896 2956 2106 3026 abducatur.

87 3057 282 3142 luctatibus,
309 3054 399 3126 sicut
413 3053 549 3125 Medici
563 3057 708 3129 morbos
721 3079 763 3124 ex
777 3054 1061 3146 intemperantia,
1111 3051 1254 3122 Possem
1278 3067 1313 3126 et
1339 3057 1426 3127 alias
1453 3055 1624 3130 utilitates
1653 3057 1896 3129 oeconomicas
1928 3051 2115 3145 colligere,

87 3175 134 3232 aut
148 3157 373 3250 corruptione
387 3151 578 3228 humorum
593 3157 813 3248 praedicunt.
847 3154 917 3226 Sed
933 3179 1059 3245 magno
1110 3157 1169 3224 sed
1189 3149 1253 3224 has
1277 3159 1439 3254 persequi
1455 3161 1601 3250 longum
1615 3161 1733 3232 suerit.
1794 3157 1869 3230 Vos
1885 3159 1994 3247 igitur
2008 3155 2105 3229 Can·
2190 3163 2193 3170 '

88 3275 116 3332 et
136 3261 284 3352 sapienti
307 3259 385 3330 viro
408 3281 622 3350 magnopere
651 3260 812 3350 prodest,
843 3259 948 3328 etiam
975 3253 1060 3346 haec
1111 3255 1241 3340 didati,
1268 3260 1350 3352 quia
1365 3261 1433 3330 iam
1450 3255 1704 3354 Philosophiae
1722 3287 1785 3332 vos
1809 3261 1951 3356 publice
1969 3257 2107 3332 addici-

88 3363 230 3434 coelestia
256 3361 359 3450 sigua
388 3361 689 3446 animadvertere,
724 3373 765 3430 ut
791 3381 909 3448 regere
939 3361 1059 3454 aliquo
1110 3359 1175 3444 tis,
1202 3373 1242 3430 ut
1262 3361 1417 3455 reliquas
1443 3379 1560 3454 partes
1583 3391 1647 3458 pro
1673 3363 1769 3435 virili
1793 3363 1975 3456 amplecti,
2001 3385 2105 3431 exco-

29 3459 31 3514 l
88 3467 175 3534 modo
195 3467 378 3536 fortunam
402 3475 437 3532 et
456 3485 578 3534 cavere
598 3486 716 3532 saevas
737 3474 977 3552 tempestates,
1004 3461 1060 3530 vel
1112 3462 1200 3545 lere,
1231 3477 1265 3532 et
1295 3485 1423 3534 ornare
1447 3467 1604 3552 debetis,
1634 3469 1682 3538 ita
1717 3455 1969 3546 memineritis,
2010 3459 2104 3532 hanc

89 3581 161 3637 reite
177 3567 337 3656 mitigare
353 3565 473 3654 pessit.
523 3561 634 3634 Recte
650 3563 745 3646 enirn
763 3563 896 3632 dictum
915 3578 982 3634 est:
1109 3587 1250 3656 quoque
1265 3579 1399 3656 partem
1416 3569 1603 3636 amandam
1619 3593 1704 3640 esse.
1754 3567 1838 3638 Non
1854 3567 1968 3636 solum
1985 3563 2101 3634 stulti-

131 3672 189 3755 Qci
204 3680 303 3758 sepit,
325 3677 527 3736 illeanimum
549 3673 688 3734 sominae
704 3684 857 3754 praeparet
875 3677 970 3751 omni,
1109 3665 1181 3744 cia,
1209 3668 1267 3760 sed
1288 3667 1589 3766 perversitasest,
1615 3670 1784 3762 aucupari
1809 3669 1944 3760 ingenii
1960 3668 2103 3736 laudem
2227 3689 2229 3699 ¹

168 3776 401 3860 Piserisumqiie
415 3789 514 3858 potest
527 3789 590 3836 sits
606 3778 704 3836 levare
717 3779 844 3840 melum.
1109 3789 1150 3838 es
1176 3767 1406 3839 insectatione
1430 3771 1607 3842 bonarum
1624 3773 1764 3842 artium.
1815 3769 1907 3841 Nam
1925 3771 2020 3839 viros
2037 3769 2104 3838 bo-

88 3867 208 3942 Etenim
234 3874 266 3943 si
289 3871 561 3962 significationes
585 3871 668 3940 illae
690 3894 767 3946 non
789 3882 872 3940 sunt
891 3865 1060 3936 conside·
1109 3891 1175 3936 nos
1189 3871 1306 3956 decet,
1334 3873 1527 3962 praeclaras
1545 3889 1635 3944 artes
1653 3888 1686 3946 et
1701 3875 1806 3945 utiles
1815 3875 1908 3943 vitae
1924 3895 1987 3964 pro
2006 3869 2104 3939 virili

89 3977 214 4062 rendae,
244 3997 313 4045 ¹cur
333 3974 506 4047 divinitus
526 3972 574 4040 in·
590 3972 687 4042 coelo
711 3971 860 4064 scriptae
885 3984 920 4040 et
947 3969 1059 4058 pictae
1109 3995 1257 4056 ornare,
1280 3987 1321 4041 iit
1331 3975 1373 4042 ad
1391 3996 1509 4045 earum
1524 3977 1641 4046 studia
1659 4001 1765 4070 quam
1782 3975 1930 4068 plurimi
1947 3973 2103 4044 inviten-

89 4077 175 4148 iuni?
216 4075 310 4150 Cum
343 4088 461 4162 autem
487 4072 585 4144 Deus
615 4069 681 4142 has
713 4087 816 4144 notas
843 4069 1060 4162 impresserit
1109 4087 1179 4146 tur.
1229 4071 1327 4146 Dixi.

90 4179 184 4264 coelo,
208 4194 249 4252 ut
270 4174 481 4270 Rebuspub.
505 4175 738 4247 denunciaret
762 4175 921 4262 ingentes
946 4193 1059 4256 casus,

90 4275 227 4370 impietas
244 4293 314 4363 est,
339 4280 481 4348 animus
496 4278 542 4346 ab
563 4273 629 4346 hac
650 4276 897 4354 observatione
915 4291 1058 4365 prorsus

90 4396 233 4453 avertere.
291 4376 461 4473 Eclipses,
484 4379 764 4463 coniunctiones,
789 4377 961 4470 prodigia,
985 4389 1057 4446 tra·
1585 4447 1590 4456 ,
1628 4442 1629 4448 ,

91 4479 249 4570 lectiones,
280 4496 458 4569 cometae,
489 4481 575 4576 quid
606 4494 689 4552 sunt
717 4481 787 4548 nisi
808 4479 874 4550 Dei
902 4477 1057 4557 oracula,
1106 4507 1172 4578 No·
1186 4507 1248 4584 36·
1288 4531 1290 4538 a
1505 4533 1507 4538 .
1795 4521 1797 4524 -
1928 4545 1965 4584 m
2004 4521 2087 4586 1535

91 4583 137 4675 qui
149 4586 330 4658 minitatur
343 4585 435 4658 vitae
459 4579 647 4654 homiuum
664 4582 825 4672 ingentes
841 4579 1057 4652 calamitates
1108 4611 1238 4638 um-
1918 4567 2100 4644 sim.)

91 4687 359 4760 renotationes?
390 4683 487 4758 Haec
502 4677 531 4754 si
546 4683 626 4778 quis
649 4671 865 4768 contemnit,
890 4680 955 4752 Dei
979 4704 1056 4750 mo·
1345 4709 1421 4796 De
1450 4737 1606 4796 amm
1633 4717 1845 4800 veritatis

91 4785 167 4856 nitus
191 4802 409 4882 aspernatur.
470 4785 655 4876 Quatenus
685 4800 801 4858 autem
832 4781 918 4856 haec
945 4782 1056 4856 metui
1496 4867 1502 4879 ι
1671 4819 1690 4882 .'
1761 4867 1788 4882 ..
1844 4778 1854 4800 ⁶

92 4886 234 4973 secans
259 4905 433 4984 suaniam
628 4887 858 4960 tribuendum
881 4887 926 4958 a
941 4885 1053 4958 cose
1174 4865 2097 5010 ⁸¹:taz‘a'a‘ta5taiaaastarataram&

92 4987 319 5084 stibussiguis‚
342 4993 454 5064 discet
467 4991 562 5061 idem
579 4991 641 5060 ille
653 4990 710 5060 vir
722 5011 872 5079 magnus
894 5013 934 5060 ex
949 4987 1056 5058 sacris
1208 5005 1356 5070 vinetus,
1383 5003 1510 5058 vestisse.
1531 5017 1556 5057 ei
1580 5006 1640 5060 stit·
1659 5009 1821 5078 quibusdem
1850 5010 1931 5065 soie
1954 5020 1981 5066 ei
2008 5013 2096 5070 coeii·

93 5085 200 5180 literis,
230 5119 275 5164 ne
294 5095 444 5187 obrepat
467 5093 588 5162 animo
617 5092 727 5182 impia
750 5091 807 5162 vel
831 5089 1055 5172 confidentia,
1208 5073 1292 5196 '⁵¹:⁵23
1306 5073 1831 5198 2¹2¹:ssffl·e¹)f,x'{x¹l'ffi⁸⁹'2¹·,¹{·”
1862 5079 1950 5201 {lim
1964 5079 2096 5170 Quaerite

93 5192 137 5260 iel
153 5195 352 5288 desperatio.
406 5195 453 5268 Ut
477 5195 516 5264 iu
531 5193 764 5284 agricultura,
788 5192 827 5264 in
843 5192 1055 5284 navigando,
1205 5163 1312 5266 liclia
1325 5161 1650 5294 estinielhy'nnliiuam
1664 5165 2096 5291 el⁵ltei⁸=lelllinlllisslllitdll
2220 5225 2223 5230 ’

29 5301 30 5316 ³
94 5313 151 5364 nou
168 5311 217 5370 est
242 5297 478 5389 irreligiosum
502 5298 690 5380 observare
715 5296 937 5388 prognostica
965 5307 1055 5364 tem·
1131 5315 1133 5320 ·
1206 5279 1390 5336 ⁰²⁰'l‘¹'¹⁰²·
1416 5281 1495 5348 <⁵¹⁰²
1507 5281 1525 5338 ¹·
1541 5291 1567 5336 ‘¹
1588 5287 1682 5348 ⁸¹¹¹¹⁰·)
1702 5284 1769 5354 ²1³¹·
1805 5283 1909 5342 ΜΝ·
1928 5290 1999 5415 ‘gud
2019 5291 2094 5348 (Μ

290 5401 300 5421 ,
363 5401 372 5418 ,
510 5399 519 5418 ,
550 5399 559 5416 ,
650 5399 660 5415 .
979 5396 988 5413 .
1205 5351 1274 5422 Myt.
1312 5351 1398 5422 .t².,
1422 5349 1449 5403 iii
1470 5349 1619 5405 Declamat.
1639 5347 1672 5406 T.
1689 5349 1711 5403 l.
1732 5371 1758 5424 p.
1777 5351 1855 5425 595„
1886 5353 1916 5410 iu
1959 5357 2093 5419 aveinl.

94 5409 260 5488 isurun,
288 5414 337 5474 ita
362 5424 401 5472 iu
424 5402 731 5472 administratione
753 5421 872 5471 rerum
891 5397 1054 5470 couside-
1204 5421 1261 5493 ps
1312 5420 1417 5492 ..put
1432 5417 1559 5478 flamus.
1573 5420 1596 5476 Ι.
1615 5437 1643 5494 p.
1658 5419 1720 5476 stt.

1385 5551 1389 5572 l
