<?xml version="1.0" encoding="UTF-8"?>
<!DOCTYPE html PUBLIC "-//W3C//DTD XHTML 1.0 Transitional//EN"
    "http://www.w3.org/TR/xhtml1/DTD/xhtml1-transitional.dtd">
<html xmlns="http://www.w3.org/1999/xhtml" xml:lang="en" lang="en">
 <head>
  <title>
</title>
<meta http-equiv="Content-Type" content="text/html;charset=utf-8" />
  <meta name='ocr-system' content='tesseract 3.04.00' />
  <meta name='ocr-capabilities' content='ocr_page ocr_carea ocr_par ocr_line ocrx_word'/>
</head>
<body>
  <div class='ocr_page' id='page_1' title='image "./corpusreformato23melagoog/corpusreformato23melagoog_0285.png"; bbox 0 0 4614 5820; ppageno 0'>
   <div class='ocr_carea' id='block_1_1' title="bbox 144 190 2216 326">
    <p class='ocr_par' dir='ltr' id='par_1_1' title="bbox 144 190 2216 326">
     <span class='ocr_line' id='line_1_1' title="bbox 144 190 2216 326; baseline 0.003 -9"><span class='ocrx_word' id='word_1_1' title='bbox 144 190 151 206; x_wconf 79' lang='grc'>’</span> <span class='ocrx_word' id='word_1_2' title='bbox 193 241 269 320; x_wconf 83' lang='lat' dir='ltr'>sn</span> <span class='ocrx_word' id='word_1_3' title='bbox 759 235 922 318; x_wconf 79' lang='lat' dir='ltr'>nucu.</span> <span class='ocrx_word' id='word_1_4' title='bbox 953 237 1028 316; x_wconf 85' lang='lat' dir='ltr'>on</span> <span class='ocrx_word' id='word_1_5' title='bbox 1064 235 1213 314; x_wconf 88' lang='lat' dir='ltr'>omo</span> <span class='ocrx_word' id='word_1_6' title='bbox 1247 235 1663 325; x_wconf 81' lang='lat' dir='ltr'>sorarsrrcns.</span> <span class='ocrx_word' id='word_1_7' title='bbox 2148 250 2216 326; x_wconf 82' lang='lat' dir='ltr'>na</span> 
     </span>
    </p>
   </div>
   <div class='ocr_carea' id='block_1_2' title="bbox 134 407 2228 1226">
    <p class='ocr_par' dir='ltr' id='par_1_2' title="bbox 147 407 2223 817">
     <span class='ocr_line' id='line_1_2' title="bbox 195 407 2219 512; baseline 0 -20"><span class='ocrx_word' id='word_1_8' title='bbox 195 416 364 492; x_wconf 90' lang='lat' dir='ltr'>admirari</span> <span class='ocrx_word' id='word_1_9' title='bbox 380 430 416 489; x_wconf 92' lang='lat' dir='ltr'>et</span> <span class='ocrx_word' id='word_1_10' title='bbox 431 415 470 486; x_wconf 88' lang='lat' dir='ltr'>in</span> <span class='ocrx_word' id='word_1_11' title='bbox 485 413 622 486; x_wconf 89' lang='lat' dir='ltr'>coelum</span> <span class='ocrx_word' id='word_1_12' title='bbox 638 407 767 482; x_wconf 87' lang='lat' dir='ltr'>vehere</span> <span class='ocrx_word' id='word_1_13' title='bbox 783 412 872 484; x_wconf 86' lang='lat' dir='ltr'>tales</span> <span class='ocrx_word' id='word_1_14' title='bbox 887 409 1101 498; x_wconf 70' lang='lat' dir='ltr'>Pseudolus,</span> <span class='ocrx_word' id='word_1_15' title='bbox 1127 410 1189 506; x_wconf 91' lang='lat' dir='ltr'>qui</span> <span class='ocrx_word' id='word_1_16' title='bbox 1238 414 1433 504; x_wconf 90' lang='lat' dir='ltr'>proditoris</span> <span class='ocrx_word' id='word_1_17' title='bbox 1455 429 1655 510; x_wconf 73' lang='lat' dir='ltr'>expectent,</span> <span class='ocrx_word' id='word_1_18' title='bbox 1685 442 1790 512; x_wconf 80' lang='lat' dir='ltr'>quem</span> <span class='ocrx_word' id='word_1_19' title='bbox 1815 418 2015 494; x_wconf 80' lang='lat' dir='ltr'>imitantur.</span> <span class='ocrx_word' id='word_1_20' title='bbox 2065 417 2115 495; x_wconf 92' lang='lat' dir='ltr'>Ut</span> <span class='ocrx_word' id='word_1_21' title='bbox 2135 423 2219 494; x_wconf 87' lang='lat' dir='ltr'>euim</span> 
     </span>
     <span class='ocr_line' id='line_1_3' title="bbox 147 515 2221 614; baseline 0.003 -26"><span class='ocrx_word' id='word_1_22' title='bbox 147 567 155 588; x_wconf 88' lang='lat'><strong>.</strong></span> <span class='ocrx_word' id='word_1_23' title='bbox 195 520 404 614; x_wconf 79' lang='lat' dir='ltr'>flexiloquas</span> <span class='ocrx_word' id='word_1_24' title='bbox 431 515 697 589; x_wconf 87' lang='lat' dir='ltr'>conciliationes</span> <span class='ocrx_word' id='word_1_25' title='bbox 726 515 989 605; x_wconf 88' lang='lat' dir='ltr'>praescribunt,</span> <span class='ocrx_word' id='word_1_26' title='bbox 1027 516 1089 609; x_wconf 92' lang='lat' dir='ltr'>qui</span> <span class='ocrx_word' id='word_1_27' title='bbox 1121 515 1191 584; x_wconf 90' lang='lat' dir='ltr'>cir·</span> <span class='ocrx_word' id='word_1_28' title='bbox 1238 515 1301 586; x_wconf 90' lang='lat' dir='ltr'>ille</span> <span class='ocrx_word' id='word_1_29' title='bbox 1327 519 1488 608; x_wconf 77' lang='lat' dir='ltr'>prodidit</span> <span class='ocrx_word' id='word_1_30' title='bbox 1515 520 1637 592; x_wconf 90' lang='lat' dir='ltr'>osculo</span> <span class='ocrx_word' id='word_1_31' title='bbox 1667 521 1782 592; x_wconf 80' lang='lat' dir='ltr'>filium</span> <span class='ocrx_word' id='word_1_32' title='bbox 1802 519 1888 594; x_wconf 86' lang='lat' dir='ltr'>Dei:</span> <span class='ocrx_word' id='word_1_33' title='bbox 1922 523 1972 592; x_wconf 91' lang='lat' dir='ltr'>ita</span> <span class='ocrx_word' id='word_1_34' title='bbox 1999 519 2221 614; x_wconf 87' lang='lat' dir='ltr'>Evangelinm</span> 
     </span>
     <span class='ocr_line' id='line_1_4' title="bbox 197 617 2223 714; baseline 0.001 -20"><span class='ocrx_word' id='word_1_35' title='bbox 197 621 402 694; x_wconf 87' lang='lat' dir='ltr'>cumvenire</span> <span class='ocrx_word' id='word_1_36' title='bbox 436 632 471 692; x_wconf 90' lang='lat' dir='ltr'>et</span> <span class='ocrx_word' id='word_1_37' title='bbox 504 619 657 690; x_wconf 88' lang='lat' dir='ltr'>obruere</span> <span class='ocrx_word' id='word_1_38' title='bbox 692 617 866 687; x_wconf 73' lang='lat' dir='ltr'>tardiores</span> <span class='ocrx_word' id='word_1_39' title='bbox 902 642 1047 712; x_wconf 89' lang='lat' dir='ltr'>quoquo</span> <span class='ocrx_word' id='word_1_40' title='bbox 1083 618 1190 688; x_wconf 88' lang='lat' dir='ltr'>modu</span> <span class='ocrx_word' id='word_1_41' title='bbox 1240 621 1392 712; x_wconf 88' lang='lat' dir='ltr'>quadam</span> <span class='ocrx_word' id='word_1_42' title='bbox 1408 621 1669 714; x_wconf 86' lang='lat' dir='ltr'>blandaspecie</span> <span class='ocrx_word' id='word_1_43' title='bbox 1685 623 1804 694; x_wconf 85' lang='lat' dir='ltr'>delere</span> <span class='ocrx_word' id='word_1_44' title='bbox 1819 624 1879 696; x_wconf 89' lang='lat' dir='ltr'>isti</span> <span class='ocrx_word' id='word_1_45' title='bbox 1896 639 2083 701; x_wconf 85' lang='lat' dir='ltr'>conantur.</span> <span class='ocrx_word' id='word_1_46' title='bbox 2131 625 2223 698; x_wconf 88' lang='lat' dir='ltr'>Sem-</span> 
     </span>
     <span class='ocr_line' id='line_1_5' title="bbox 197 722 2222 817; baseline 0.005 -31"><span class='ocrx_word' id='word_1_47' title='bbox 197 735 355 817; x_wconf 84' lang='lat' dir='ltr'>possunt.</span> <span class='ocrx_word' id='word_1_48' title='bbox 1240 744 1304 812; x_wconf 90' lang='lat' dir='ltr'>per</span> <span class='ocrx_word' id='word_1_49' title='bbox 1333 722 1552 794; x_wconf 83' lang='lat' dir='ltr'>calumniose</span> <span class='ocrx_word' id='word_1_50' title='bbox 1585 723 1703 814; x_wconf 86' lang='lat' dir='ltr'>legum</span> <span class='ocrx_word' id='word_1_51' title='bbox 1738 727 1943 817; x_wconf 72' lang='lat' dir='ltr'>depravatio</span> <span class='ocrx_word' id='word_1_52' title='bbox 1971 739 2007 798; x_wconf 90' lang='lat' dir='ltr'>et</span> <span class='ocrx_word' id='word_1_53' title='bbox 2035 729 2172 798; x_wconf 77' lang='lat' dir='ltr'>fraudes</span> <span class='ocrx_word' id='word_1_54' title='bbox 2190 729 2222 797; x_wconf 92' lang='lat' dir='ltr'>in</span> 
     </span>
    </p>

    <p class='ocr_par' dir='ltr' id='par_1_3' title="bbox 134 817 2228 1226">
     <span class='ocr_line' id='line_1_6' title="bbox 299 817 2225 919; baseline 0.002 -25"><span class='ocrx_word' id='word_1_55' title='bbox 299 817 702 894; x_wconf 85' lang='lat' dir='ltr'>Delectanturbomines</span> <span class='ocrx_word' id='word_1_56' title='bbox 716 821 957 915; x_wconf 78' lang='lat' dir='ltr'>captionibus,</span> <span class='ocrx_word' id='word_1_57' title='bbox 977 835 1019 894; x_wconf 91' lang='lat' dir='ltr'>nt</span> <span class='ocrx_word' id='word_1_58' title='bbox 1034 821 1192 892; x_wconf 90' lang='lat' dir='ltr'>celebra·</span> <span class='ocrx_word' id='word_1_59' title='bbox 1241 821 1403 908; x_wconf 90' lang='lat' dir='ltr'>iudiciis,</span> <span class='ocrx_word' id='word_1_60' title='bbox 1429 825 1535 907; x_wconf 91' lang='lat' dir='ltr'>etiam</span> <span class='ocrx_word' id='word_1_61' title='bbox 1552 825 1589 896; x_wconf 90' lang='lat' dir='ltr'>in</span> <span class='ocrx_word' id='word_1_62' title='bbox 1613 827 1773 919; x_wconf 91' lang='lat' dir='ltr'>imperiis</span> <span class='ocrx_word' id='word_1_63' title='bbox 1789 829 1963 898; x_wconf 90' lang='lat' dir='ltr'>divinitus</span> <span class='ocrx_word' id='word_1_64' title='bbox 1979 829 2124 919; x_wconf 88' lang='lat' dir='ltr'>punitae</span> <span class='ocrx_word' id='word_1_65' title='bbox 2140 846 2225 911; x_wconf 86' lang='lat' dir='ltr'>sunt,</span> 
     </span>
     <span class='ocr_line' id='line_1_7' title="bbox 198 923 2226 1022; baseline 0.002 -25"><span class='ocrx_word' id='word_1_66' title='bbox 198 939 258 997; x_wconf 92' lang='lat' dir='ltr'>tur</span> <span class='ocrx_word' id='word_1_67' title='bbox 285 923 472 997; x_wconf 85' lang='lat' dir='ltr'>Romanus</span> <span class='ocrx_word' id='word_1_68' title='bbox 498 923 746 1015; x_wconf 80' lang='lat' dir='ltr'>Magistratus,</span> <span class='ocrx_word' id='word_1_69' title='bbox 784 923 848 1016; x_wconf 92' lang='lat' dir='ltr'>qni</span> <span class='ocrx_word' id='word_1_70' title='bbox 877 923 970 1014; x_wconf 84' lang='lat' dir='ltr'>Regi</span> <span class='ocrx_word' id='word_1_71' title='bbox 1002 923 1191 997; x_wconf 90' lang='lat' dir='ltr'>veteraturi</span> <span class='ocrx_word' id='word_1_72' title='bbox 1241 949 1316 994; x_wconf 90' lang='lat' dir='ltr'>non</span> <span class='ocrx_word' id='word_1_73' title='bbox 1331 927 1502 998; x_wconf 91' lang='lat' dir='ltr'>solomin</span> <span class='ocrx_word' id='word_1_74' title='bbox 1517 923 1687 1007; x_wconf 82' lang='lat' dir='ltr'>Ecclesia,</span> <span class='ocrx_word' id='word_1_75' title='bbox 1733 925 1950 1002; x_wconf 90' lang='lat' dir='ltr'>Meministis</span> <span class='ocrx_word' id='word_1_76' title='bbox 1963 925 2141 1022; x_wconf 90' lang='lat' dir='ltr'>sophisma</span> <span class='ocrx_word' id='word_1_77' title='bbox 2153 929 2226 1002; x_wconf 90' lang='lat' dir='ltr'>Cri-</span> 
     </span>
     <span class='ocr_line' id='line_1_8' title="bbox 197 1025 2227 1126; baseline 0.002 -28"><span class='ocrx_word' id='word_1_78' title='bbox 197 1027 291 1098; x_wconf 91' lang='lat' dir='ltr'>belle</span> <span class='ocrx_word' id='word_1_79' title='bbox 309 1027 498 1119; x_wconf 86' lang='lat' dir='ltr'>imposuit,</span> <span class='ocrx_word' id='word_1_80' title='bbox 529 1027 673 1098; x_wconf 91' lang='lat' dir='ltr'>cumin</span> <span class='ocrx_word' id='word_1_81' title='bbox 697 1025 965 1096; x_wconf 88' lang='lat' dir='ltr'>conditionibus</span> <span class='ocrx_word' id='word_1_82' title='bbox 991 1025 1085 1119; x_wconf 88' lang='lat' dir='ltr'>pacis</span> <span class='ocrx_word' id='word_1_83' title='bbox 1110 1050 1192 1096; x_wconf 88' lang='lat' dir='ltr'>curn</span> <span class='ocrx_word' id='word_1_84' title='bbox 1241 1027 1329 1112; x_wconf 88' lang='lat' dir='ltr'>tiae,</span> <span class='ocrx_word' id='word_1_85' title='bbox 1354 1029 1417 1122; x_wconf 90' lang='lat' dir='ltr'>qui</span> <span class='ocrx_word' id='word_1_86' title='bbox 1434 1051 1529 1100; x_wconf 89' lang='lat' dir='ltr'>unus</span> <span class='ocrx_word' id='word_1_87' title='bbox 1543 1043 1619 1102; x_wconf 88' lang='lat' dir='ltr'>erat</span> <span class='ocrx_word' id='word_1_88' title='bbox 1633 1053 1676 1100; x_wconf 79' lang='lat' dir='ltr'>ec</span> <span class='ocrx_word' id='word_1_89' title='bbox 1692 1029 1837 1120; x_wconf 82' lang='lat' dir='ltr'>triginta</span> <span class='ocrx_word' id='word_1_90' title='bbox 1861 1033 1964 1117; x_wconf 91' lang='lat' dir='ltr'>viris,</span> <span class='ocrx_word' id='word_1_91' title='bbox 1990 1032 2053 1126; x_wconf 90' lang='lat' dir='ltr'>qui</span> <span class='ocrx_word' id='word_1_92' title='bbox 2068 1035 2227 1122; x_wconf 82' lang='lat' dir='ltr'>regebant</span> 
     </span>
     <span class='ocr_line' id='line_1_9' title="bbox 134 1123 2228 1226; baseline 0.003 -29"><span class='ocrx_word' id='word_1_93' title='bbox 134 1207 141 1214; x_wconf 46' lang='grc'><strong>,</strong></span> <span class='ocrx_word' id='word_1_94' title='bbox 197 1123 380 1204; x_wconf 86' lang='lat' dir='ltr'>Antiocho</span> <span class='ocrx_word' id='word_1_95' title='bbox 394 1130 505 1200; x_wconf 86' lang='lat' dir='ltr'>factae</span> <span class='ocrx_word' id='word_1_96' title='bbox 519 1128 677 1220; x_wconf 89' lang='lat' dir='ltr'>scripsit,</span> <span class='ocrx_word' id='word_1_97' title='bbox 702 1141 742 1200; x_wconf 92' lang='lat' dir='ltr'>ut</span> <span class='ocrx_word' id='word_1_98' title='bbox 757 1127 946 1198; x_wconf 88' lang='lat' dir='ltr'>dimidium</span> <span class='ocrx_word' id='word_1_99' title='bbox 960 1123 1191 1200; x_wconf 90' lang='lat' dir='ltr'>naviumAn-</span> <span class='ocrx_word' id='word_1_100' title='bbox 1241 1123 1419 1215; x_wconf 80' lang='lat' dir='ltr'>Athenas,</span> <span class='ocrx_word' id='word_1_101' title='bbox 1446 1144 1631 1224; x_wconf 85' lang='lat' dir='ltr'>postquam</span> <span class='ocrx_word' id='word_1_102' title='bbox 1653 1133 2132 1226; x_wconf 85' lang='lat' dir='ltr'>captaeaLacedaemuuiis,</span> <span class='ocrx_word' id='word_1_103' title='bbox 2154 1159 2228 1204; x_wconf 88' lang='lat' dir='ltr'>rur·</span> 
     </span>
    </p>
   </div>
   <div class='ocr_carea' id='block_1_3' title="bbox 72 1224 2228 1330">
    <p class='ocr_par' dir='ltr' id='par_1_4' title="bbox 72 1224 2228 1330">
     <span class='ocr_line' id='line_1_10' title="bbox 72 1224 2228 1330; baseline 0.002 -28"><span class='ocrx_word' id='word_1_104' title='bbox 72 1289 82 1310; x_wconf 90' lang='lat'><strong><em>.</em></strong></span> <span class='ocrx_word' id='word_1_105' title='bbox 198 1224 311 1302; x_wconf 89' lang='lat' dir='ltr'>tiuchi</span> <span class='ocrx_word' id='word_1_106' title='bbox 322 1228 478 1330; x_wconf 82' lang='lat' dir='ltr'>Romani</span> <span class='ocrx_word' id='word_1_107' title='bbox 491 1231 695 1304; x_wconf 88' lang='lat' dir='ltr'>retinerent.</span> <span class='ocrx_word' id='word_1_108' title='bbox 747 1227 1012 1302; x_wconf 84' lang='lat' dir='ltr'>Ilicllomanus</span> <span class='ocrx_word' id='word_1_109' title='bbox 1027 1228 1192 1300; x_wconf 91' lang='lat' dir='ltr'>dissecari</span> <span class='ocrx_word' id='word_1_110' title='bbox 1241 1251 1300 1300; x_wconf 89' lang='lat' dir='ltr'>sus</span> <span class='ocrx_word' id='word_1_111' title='bbox 1318 1255 1437 1321; x_wconf 89' lang='lat' dir='ltr'>pacem</span> <span class='ocrx_word' id='word_1_112' title='bbox 1455 1233 1740 1324; x_wconf 89' lang='lat' dir='ltr'>impetraverant.</span> <span class='ocrx_word' id='word_1_113' title='bbox 1792 1231 1870 1306; x_wconf 88' lang='lat' dir='ltr'>Etsi</span> <span class='ocrx_word' id='word_1_114' title='bbox 1886 1251 2004 1306; x_wconf 91' lang='lat' dir='ltr'>autem</span> <span class='ocrx_word' id='word_1_115' title='bbox 2023 1261 2064 1306; x_wconf 92' lang='lat' dir='ltr'>eo</span> <span class='ocrx_word' id='word_1_116' title='bbox 2080 1249 2228 1328; x_wconf 85' lang='lat' dir='ltr'>tempore</span> 
     </span>
    </p>
   </div>
   <div class='ocr_carea' id='block_1_4' title="bbox 198 1331 2230 1938">
    <p class='ocr_par' dir='ltr' id='par_1_5' title="bbox 198 1331 2230 1938">
     <span class='ocr_line' id='line_1_11' title="bbox 198 1331 2228 1428; baseline 0.002 -26"><span class='ocrx_word' id='word_1_117' title='bbox 198 1355 321 1402; x_wconf 90' lang='lat' dir='ltr'>omnes</span> <span class='ocrx_word' id='word_1_118' title='bbox 347 1355 456 1402; x_wconf 91' lang='lat' dir='ltr'>naves</span> <span class='ocrx_word' id='word_1_119' title='bbox 481 1331 637 1417; x_wconf 85' lang='lat' dir='ltr'>curavit,</span> <span class='ocrx_word' id='word_1_120' title='bbox 667 1345 702 1402; x_wconf 91' lang='lat' dir='ltr'>et</span> <span class='ocrx_word' id='word_1_121' title='bbox 724 1333 840 1402; x_wconf 88' lang='lat' dir='ltr'>trabes</span> <span class='ocrx_word' id='word_1_122' title='bbox 863 1345 972 1402; x_wconf 89' lang='lat' dir='ltr'>sectas</span> <span class='ocrx_word' id='word_1_123' title='bbox 995 1333 1043 1426; x_wconf 87' lang='lat' dir='ltr'>ita</span> <span class='ocrx_word' id='word_1_124' title='bbox 1067 1331 1193 1417; x_wconf 84' lang='lat' dir='ltr'>dividi,</span> <span class='ocrx_word' id='word_1_125' title='bbox 1242 1335 1385 1402; x_wconf 85' lang='lat' dir='ltr'>crebrae</span> <span class='ocrx_word' id='word_1_126' title='bbox 1401 1334 1595 1406; x_wconf 89' lang='lat' dir='ltr'>seditiones</span> <span class='ocrx_word' id='word_1_127' title='bbox 1610 1337 1827 1427; x_wconf 87' lang='lat' dir='ltr'>praebebant</span> <span class='ocrx_word' id='word_1_128' title='bbox 1839 1361 1978 1408; x_wconf 88' lang='lat' dir='ltr'>cansam</span> <span class='ocrx_word' id='word_1_129' title='bbox 1996 1337 2140 1428; x_wconf 89' lang='lat' dir='ltr'>triginta</span> <span class='ocrx_word' id='word_1_130' title='bbox 2153 1339 2228 1423; x_wconf 89' lang='lat' dir='ltr'>illis,</span> 
     </span>
     <span class='ocr_line' id='line_1_12' title="bbox 199 1428 2228 1529; baseline 0.002 -25"><span class='ocrx_word' id='word_1_131' title='bbox 199 1447 239 1504; x_wconf 89' lang='lat' dir='ltr'>ut</span> <span class='ocrx_word' id='word_1_132' title='bbox 252 1434 443 1505; x_wconf 89' lang='lat' dir='ltr'>dimidium</span> <span class='ocrx_word' id='word_1_133' title='bbox 457 1428 922 1529; x_wconf 83' lang='lat' dir='ltr'>relinquereturAntiocbo.</span> <span class='ocrx_word' id='word_1_134' title='bbox 972 1433 1077 1506; x_wconf 85' lang='lat' dir='ltr'>Alius</span> <span class='ocrx_word' id='word_1_135' title='bbox 1092 1435 1191 1529; x_wconf 85' lang='lat' dir='ltr'>qnis-</span> <span class='ocrx_word' id='word_1_136' title='bbox 1242 1447 1283 1504; x_wconf 92' lang='lat' dir='ltr'>ut</span> <span class='ocrx_word' id='word_1_137' title='bbox 1298 1436 1457 1526; x_wconf 86' lang='lat' dir='ltr'>asperius</span> <span class='ocrx_word' id='word_1_138' title='bbox 1474 1438 1650 1510; x_wconf 87' lang='lat' dir='ltr'>saevirent</span> <span class='ocrx_word' id='word_1_139' title='bbox 1671 1438 1710 1506; x_wconf 93' lang='lat' dir='ltr'>in</span> <span class='ocrx_word' id='word_1_140' title='bbox 1733 1438 1846 1524; x_wconf 88' lang='lat' dir='ltr'>cives,</span> <span class='ocrx_word' id='word_1_141' title='bbox 1871 1453 1990 1508; x_wconf 88' lang='lat' dir='ltr'>tamen</span> <span class='ocrx_word' id='word_1_142' title='bbox 2015 1440 2128 1527; x_wconf 87' lang='lat' dir='ltr'>legem</span> <span class='ocrx_word' id='word_1_143' title='bbox 2152 1465 2228 1510; x_wconf 91' lang='lat' dir='ltr'>coo·</span> 
     </span>
     <span class='ocr_line' id='line_1_13' title="bbox 198 1535 2229 1633; baseline 0.002 -27"><span class='ocrx_word' id='word_1_144' title='bbox 198 1535 294 1628; x_wconf 91' lang='lat' dir='ltr'>piam</span> <span class='ocrx_word' id='word_1_145' title='bbox 317 1543 439 1628; x_wconf 88' lang='lat' dir='ltr'>&#39;pactus</span> <span class='ocrx_word' id='word_1_146' title='bbox 461 1535 599 1630; x_wconf 86' lang='lat' dir='ltr'>aliquot</span> <span class='ocrx_word' id='word_1_147' title='bbox 620 1536 760 1606; x_wconf 89' lang='lat' dir='ltr'>dierum</span> <span class='ocrx_word' id='word_1_148' title='bbox 784 1535 1103 1621; x_wconf 76' lang='lat' dir='ltr'>inducias,·nuctu</span> <span class='ocrx_word' id='word_1_149' title='bbox 1128 1561 1193 1628; x_wconf 88' lang='lat' dir='ltr'>po·</span> <span class='ocrx_word' id='word_1_150' title='bbox 1242 1536 1407 1608; x_wconf 85' lang='lat' dir='ltr'>diderant</span> <span class='ocrx_word' id='word_1_151' title='bbox 1428 1539 1516 1630; x_wconf 88' lang='lat' dir='ltr'>ipsi,</span> <span class='ocrx_word' id='word_1_152' title='bbox 1542 1563 1589 1610; x_wconf 91' lang='lat' dir='ltr'>ne</span> <span class='ocrx_word' id='word_1_153' title='bbox 1602 1540 1682 1633; x_wconf 92' lang='lat' dir='ltr'>quis</span> <span class='ocrx_word' id='word_1_154' title='bbox 1695 1563 1737 1610; x_wconf 79' lang='lat' dir='ltr'>ex</span> <span class='ocrx_word' id='word_1_155' title='bbox 1751 1565 1815 1610; x_wconf 90' lang='lat' dir='ltr'>suu</span> <span class='ocrx_word' id='word_1_156' title='bbox 1834 1539 1993 1630; x_wconf 85' lang='lat' dir='ltr'>catalogo</span> <span class='ocrx_word' id='word_1_157' title='bbox 2007 1541 2140 1612; x_wconf 92' lang='lat' dir='ltr'>indicta</span> <span class='ocrx_word' id='word_1_158' title='bbox 2156 1567 2229 1610; x_wconf 74' lang='lat' dir='ltr'>caru</span> 
     </span>
     <span class='ocr_line' id='line_1_14' title="bbox 198 1631 2229 1732; baseline 0.002 -25"><span class='ocrx_word' id='word_1_159' title='bbox 198 1638 391 1732; x_wconf 82' lang='lat' dir='ltr'>palabatur</span> <span class='ocrx_word' id='word_1_160' title='bbox 418 1660 532 1730; x_wconf 82' lang='lat' dir='ltr'>agros.</span> <span class='ocrx_word' id='word_1_161' title='bbox 590 1637 753 1731; x_wconf 89' lang='lat' dir='ltr'>Denique</span> <span class='ocrx_word' id='word_1_162' title='bbox 777 1637 888 1708; x_wconf 91' lang='lat' dir='ltr'>multa</span> <span class='ocrx_word' id='word_1_163' title='bbox 918 1631 1026 1708; x_wconf 92' lang='lat' dir='ltr'>huius</span> <span class='ocrx_word' id='word_1_164' title='bbox 1054 1637 1193 1729; x_wconf 80' lang='lat' dir='ltr'>generis</span> <span class='ocrx_word' id='word_1_165' title='bbox 1241 1661 1279 1708; x_wconf 88' lang='lat' dir='ltr'>sa</span> <span class='ocrx_word' id='word_1_166' title='bbox 1296 1639 1562 1715; x_wconf 82' lang='lat' dir='ltr'>interficeretur.</span> <span class='ocrx_word' id='word_1_167' title='bbox 1612 1639 1704 1711; x_wconf 88' lang='lat' dir='ltr'>Cnm</span> <span class='ocrx_word' id='word_1_168' title='bbox 1727 1641 1836 1732; x_wconf 88' lang='lat' dir='ltr'>igitur</span> <span class='ocrx_word' id='word_1_169' title='bbox 1851 1639 2114 1713; x_wconf 79' lang='lat' dir='ltr'>&#39;Theramenem</span> <span class='ocrx_word' id='word_1_170' title='bbox 2130 1644 2229 1713; x_wconf 86' lang='lat' dir='ltr'>culle-</span> 
     </span>
     <span class='ocr_line' id='line_1_15' title="bbox 198 1739 2230 1836; baseline 0.002 -26"><span class='ocrx_word' id='word_1_171' title='bbox 198 1753 331 1821; x_wconf 89' lang='lat' dir='ltr'>astute,</span> <span class='ocrx_word' id='word_1_172' title='bbox 358 1753 421 1812; x_wconf 93' lang='lat' dir='ltr'>aut</span> <span class='ocrx_word' id='word_1_173' title='bbox 445 1739 550 1812; x_wconf 89' lang='lat' dir='ltr'>etiam</span> <span class='ocrx_word' id='word_1_174' title='bbox 568 1739 785 1810; x_wconf 81' lang='lat' dir='ltr'>calumniose</span> <span class='ocrx_word' id='word_1_175' title='bbox 800 1753 873 1812; x_wconf 91' lang='lat' dir='ltr'>acta</span> <span class='ocrx_word' id='word_1_176' title='bbox 892 1739 1078 1830; x_wconf 88' lang='lat' dir='ltr'>leguntur,</span> <span class='ocrx_word' id='word_1_177' title='bbox 1103 1763 1194 1834; x_wconf 85' lang='lat' dir='ltr'>quae</span> <span class='ocrx_word' id='word_1_178' title='bbox 1242 1763 1322 1830; x_wconf 88' lang='lat' dir='ltr'>gam</span> <span class='ocrx_word' id='word_1_179' title='bbox 1339 1739 1470 1814; x_wconf 89' lang='lat' dir='ltr'>Critias</span> <span class='ocrx_word' id='word_1_180' title='bbox 1485 1744 1636 1815; x_wconf 86' lang='lat' dir='ltr'>interfici</span> <span class='ocrx_word' id='word_1_181' title='bbox 1656 1743 1831 1829; x_wconf 86' lang='lat' dir='ltr'>iussisset,</span> <span class='ocrx_word' id='word_1_182' title='bbox 1858 1743 2025 1836; x_wconf 91' lang='lat' dir='ltr'>implorat</span> <span class='ocrx_word' id='word_1_183' title='bbox 2042 1740 2230 1814; x_wconf 80' lang='lat' dir='ltr'>&#39;l&#39;herame-</span> 
     </span>
     <span class='ocr_line' id='line_1_16' title="bbox 198 1837 2230 1938; baseline 0.002 -26"><span class='ocrx_word' id='word_1_184' title='bbox 198 1842 229 1912; x_wconf 93' lang='lat' dir='ltr'>si</span> <span class='ocrx_word' id='word_1_185' title='bbox 252 1842 291 1913; x_wconf 91' lang='lat' dir='ltr'>in</span> <span class='ocrx_word' id='word_1_186' title='bbox 313 1837 472 1913; x_wconf 84' lang='lat' dir='ltr'>Ecclesia</span> <span class='ocrx_word' id='word_1_187' title='bbox 503 1841 636 1915; x_wconf 88' lang='lat' dir='ltr'>imitari</span> <span class='ocrx_word' id='word_1_188' title='bbox 657 1839 829 1914; x_wconf 91' lang='lat' dir='ltr'>Ductores</span> <span class='ocrx_word' id='word_1_189' title='bbox 859 1841 999 1927; x_wconf 91' lang='lat' dir='ltr'>volent,</span> <span class='ocrx_word' id='word_1_190' title='bbox 1030 1843 1193 1914; x_wconf 84' lang='lat' dir='ltr'>funditus</span> <span class='ocrx_word' id='word_1_191' title='bbox 1243 1867 1306 1912; x_wconf 90' lang='lat' dir='ltr'>nes</span> <span class='ocrx_word' id='word_1_192' title='bbox 1322 1843 1409 1932; x_wconf 89' lang='lat' dir='ltr'>legis</span> <span class='ocrx_word' id='word_1_193' title='bbox 1424 1845 1616 1931; x_wconf 82' lang='lat' dir='ltr'>auxilium,</span> <span class='ocrx_word' id='word_1_194' title='bbox 1640 1846 1747 1938; x_wconf 89' lang='lat' dir='ltr'>petit,</span> <span class='ocrx_word' id='word_1_195' title='bbox 1766 1871 1812 1916; x_wconf 91' lang='lat' dir='ltr'>ne</span> <span class='ocrx_word' id='word_1_196' title='bbox 1831 1845 1964 1918; x_wconf 91' lang='lat' dir='ltr'>indicta</span> <span class='ocrx_word' id='word_1_197' title='bbox 1982 1870 2088 1917; x_wconf 88' lang='lat' dir='ltr'>causa</span> <span class='ocrx_word' id='word_1_198' title='bbox 2105 1847 2230 1916; x_wconf 87' lang='lat' dir='ltr'>interli-</span> 
     </span>
    </p>
   </div>
   <div class='ocr_carea' id='block_1_5' title="bbox 199 1938 2239 2042">
    <p class='ocr_par' dir='ltr' id='par_1_6' title="bbox 199 1938 2239 2042">
     <span class='ocr_line' id='line_1_17' title="bbox 199 1938 2239 2042; baseline 0 -26"><span class='ocrx_word' id='word_1_199' title='bbox 199 1943 377 2016; x_wconf 90' lang='lat' dir='ltr'>delebitnr</span> <span class='ocrx_word' id='word_1_200' title='bbox 405 1942 542 2034; x_wconf 88' lang='lat' dir='ltr'>religio.</span> <span class='ocrx_word' id='word_1_201' title='bbox 610 1941 720 2014; x_wconf 83' lang='lat' dir='ltr'>Venit</span> <span class='ocrx_word' id='word_1_202' title='bbox 739 1938 899 2014; x_wconf 81' lang='lat' dir='ltr'>Athenas</span> <span class='ocrx_word' id='word_1_203' title='bbox 918 1942 1121 2016; x_wconf 88' lang='lat' dir='ltr'>Demetrius</span> <span class='ocrx_word' id='word_1_204' title='bbox 1137 1967 1194 2016; x_wconf 91' lang='lat' dir='ltr'>re·</span> <span class='ocrx_word' id='word_1_205' title='bbox 1243 1945 1374 2016; x_wconf 83' lang='lat' dir='ltr'>riatur:</span> <span class='ocrx_word' id='word_1_206' title='bbox 1423 1949 1616 2039; x_wconf 85' lang='lat' dir='ltr'>respondet</span> <span class='ocrx_word' id='word_1_207' title='bbox 1644 1945 1794 2033; x_wconf 85' lang='lat' dir='ltr'>Critias,</span> <span class='ocrx_word' id='word_1_208' title='bbox 1832 1949 1945 2038; x_wconf 83' lang='lat' dir='ltr'>legem</span> <span class='ocrx_word' id='word_1_209' title='bbox 1976 1947 2078 2042; x_wconf 86' lang='lat' dir='ltr'>loqui</span> <span class='ocrx_word' id='word_1_210' title='bbox 2110 1952 2154 2018; x_wconf 91' lang='lat' dir='ltr'>de</span> <span class='ocrx_word' id='word_1_211' title='bbox 2182 1948 2239 2030; x_wconf 77' lang='lat' dir='ltr'>iis,</span> 
     </span>
    </p>
   </div>
   <div class='ocr_carea' id='block_1_6' title="bbox 103 2041 2235 3873">
    <p class='ocr_par' dir='ltr' id='par_1_7' title="bbox 103 2041 2235 3873">
     <span class='ocr_line' id='line_1_18' title="bbox 143 2041 2231 2141; baseline 0.001 -25"><span class='ocrx_word' id='word_1_212' title='bbox 143 2041 146 2052; x_wconf 74' lang='grc'>’</span> <span class='ocrx_word' id='word_1_213' title='bbox 198 2069 282 2138; x_wconf 89' lang='lat' dir='ltr'>gum</span> <span class='ocrx_word' id='word_1_214' title='bbox 298 2069 382 2116; x_wconf 89' lang='lat' dir='ltr'>snae</span> <span class='ocrx_word' id='word_1_215' title='bbox 395 2047 517 2116; x_wconf 90' lang='lat' dir='ltr'>aetatis</span> <span class='ocrx_word' id='word_1_216' title='bbox 532 2043 802 2118; x_wconf 85' lang='lat' dir='ltr'>florentissimus</span> <span class='ocrx_word' id='word_1_217' title='bbox 817 2041 991 2138; x_wconf 87' lang='lat' dir='ltr'>Antigoni</span> <span class='ocrx_word' id='word_1_218' title='bbox 1015 2045 1129 2131; x_wconf 87' lang='lat' dir='ltr'>filius,</span> <span class='ocrx_word' id='word_1_219' title='bbox 1154 2059 1195 2118; x_wconf 90' lang='lat' dir='ltr'>ut</span> <span class='ocrx_word' id='word_1_220' title='bbox 1243 2071 1397 2141; x_wconf 91' lang='lat' dir='ltr'>quornm</span> <span class='ocrx_word' id='word_1_221' title='bbox 1421 2050 1569 2118; x_wconf 90' lang='lat' dir='ltr'>nomina</span> <span class='ocrx_word' id='word_1_222' title='bbox 1592 2061 1677 2118; x_wconf 90' lang='lat' dir='ltr'>sont</span> <span class='ocrx_word' id='word_1_223' title='bbox 1702 2049 1739 2118; x_wconf 89' lang='lat' dir='ltr'>in</span> <span class='ocrx_word' id='word_1_224' title='bbox 1763 2051 1938 2140; x_wconf 87' lang='lat' dir='ltr'>catalogo,</span> <span class='ocrx_word' id='word_1_225' title='bbox 1969 2073 2006 2120; x_wconf 90' lang='lat' dir='ltr'>se</span> <span class='ocrx_word' id='word_1_226' title='bbox 2030 2052 2231 2120; x_wconf 82' lang='lat' dir='ltr'>antemium</span> 
     </span>
     <span class='ocr_line' id='line_1_19' title="bbox 198 2145 2231 2242; baseline -0.001 -20"><span class='ocrx_word' id='word_1_227' title='bbox 198 2145 395 2222; x_wconf 87' lang='lat' dir='ltr'>Eleusiniis</span> <span class='ocrx_word' id='word_1_228' title='bbox 409 2147 622 2219; x_wconf 86' lang='lat' dir='ltr'>initiaretur.</span> <span class='ocrx_word' id='word_1_229' title='bbox 665 2146 904 2220; x_wconf 81' lang='lat' dir='ltr'>Venitautem</span> <span class='ocrx_word' id='word_1_230' title='bbox 918 2145 1195 2234; x_wconf 90' lang='lat' dir='ltr'>menseMartiu,</span> <span class='ocrx_word' id='word_1_231' title='bbox 1244 2146 1481 2222; x_wconf 82' lang='lat' dir='ltr'>Theramenis</span> <span class='ocrx_word' id='word_1_232' title='bbox 1503 2175 1637 2232; x_wconf 86' lang='lat' dir='ltr'>nomen</span> <span class='ocrx_word' id='word_1_233' title='bbox 1661 2151 1699 2220; x_wconf 92' lang='lat' dir='ltr'>in</span> <span class='ocrx_word' id='word_1_234' title='bbox 1721 2153 1879 2242; x_wconf 81' lang='lat' dir='ltr'>catalogo</span> <span class='ocrx_word' id='word_1_235' title='bbox 1899 2151 2032 2224; x_wconf 87' lang='lat' dir='ltr'>delere.</span> <span class='ocrx_word' id='word_1_236' title='bbox 2087 2150 2141 2222; x_wconf 88' lang='lat' dir='ltr'>lta</span> <span class='ocrx_word' id='word_1_237' title='bbox 2163 2152 2231 2220; x_wconf 91' lang='lat' dir='ltr'>eln-</span> 
     </span>
     <span class='ocr_line' id='line_1_20' title="bbox 103 2245 2232 2345; baseline 0 -23"><span class='ocrx_word' id='word_1_238' title='bbox 103 2309 114 2328; x_wconf 86' lang='grc'>,</span> <span class='ocrx_word' id='word_1_239' title='bbox 199 2274 271 2345; x_wconf 91' lang='lat' dir='ltr'>quo</span> <span class='ocrx_word' id='word_1_240' title='bbox 294 2249 370 2322; x_wconf 87' lang='lat' dir='ltr'>fieri</span> <span class='ocrx_word' id='word_1_241' title='bbox 389 2245 561 2320; x_wconf 89' lang='lat' dir='ltr'>Eleusina</span> <span class='ocrx_word' id='word_1_242' title='bbox 590 2273 666 2322; x_wconf 92' lang='lat' dir='ltr'>nun</span> <span class='ocrx_word' id='word_1_243' title='bbox 689 2249 834 2332; x_wconf 86' lang='lat' dir='ltr'>licebat,</span> <span class='ocrx_word' id='word_1_244' title='bbox 875 2249 1005 2344; x_wconf 89' lang='lat' dir='ltr'>quibus</span> <span class='ocrx_word' id='word_1_245' title='bbox 1030 2249 1192 2322; x_wconf 87' lang='lat' dir='ltr'>attributi</span> <span class='ocrx_word' id='word_1_246' title='bbox 1243 2251 1296 2322; x_wconf 92' lang='lat' dir='ltr'>dit</span> <span class='ocrx_word' id='word_1_247' title='bbox 1312 2251 1424 2342; x_wconf 86' lang='lat' dir='ltr'>legem</span> <span class='ocrx_word' id='word_1_248' title='bbox 1437 2250 1578 2328; x_wconf 75' lang='lat' dir='ltr'>Critias,</span> <span class='ocrx_word' id='word_1_249' title='bbox 1629 2253 1699 2326; x_wconf 85' lang='lat' dir='ltr'>Sed</span> <span class='ocrx_word' id='word_1_250' title='bbox 1724 2245 1832 2324; x_wconf 87' lang='lat' dir='ltr'>huius</span> <span class='ocrx_word' id='word_1_251' title='bbox 1856 2249 1995 2324; x_wconf 87' lang='lat' dir='ltr'>ementi</span> <span class='ocrx_word' id='word_1_252' title='bbox 2014 2247 2232 2344; x_wconf 87' lang='lat' dir='ltr'>sophismatis</span> 
     </span>
     <span class='ocr_line' id='line_1_21' title="bbox 199 2349 2232 2448; baseline 0 -24"><span class='ocrx_word' id='word_1_253' title='bbox 199 2365 300 2424; x_wconf 88' lang='lat' dir='ltr'>erant</span> <span class='ocrx_word' id='word_1_254' title='bbox 331 2373 468 2424; x_wconf 90' lang='lat' dir='ltr'>menses</span> <span class='ocrx_word' id='word_1_255' title='bbox 491 2353 582 2438; x_wconf 90' lang='lat' dir='ltr'>dno,</span> <span class='ocrx_word' id='word_1_256' title='bbox 612 2350 816 2423; x_wconf 82' lang='lat' dir='ltr'>November</span> <span class='ocrx_word' id='word_1_257' title='bbox 837 2363 872 2422; x_wconf 86' lang='lat' dir='ltr'>et</span> <span class='ocrx_word' id='word_1_258' title='bbox 893 2349 1086 2442; x_wconf 86' lang='lat' dir='ltr'>Augustus.</span> <span class='ocrx_word' id='word_1_259' title='bbox 1146 2349 1194 2423; x_wconf 91' lang='lat' dir='ltr'>Ut</span> <span class='ocrx_word' id='word_1_260' title='bbox 1243 2377 1375 2442; x_wconf 85' lang='lat' dir='ltr'>poenas</span> <span class='ocrx_word' id='word_1_261' title='bbox 1395 2355 1513 2426; x_wconf 91' lang='lat' dir='ltr'>statim</span> <span class='ocrx_word' id='word_1_262' title='bbox 1536 2368 1656 2448; x_wconf 88' lang='lat' dir='ltr'>postea</span> <span class='ocrx_word' id='word_1_263' title='bbox 1680 2355 1796 2427; x_wconf 85' lang='lat' dir='ltr'>dedit:</span> <span class='ocrx_word' id='word_1_264' title='bbox 1824 2379 1904 2426; x_wconf 88' lang='lat' dir='ltr'>cnm</span> <span class='ocrx_word' id='word_1_265' title='bbox 1920 2355 2027 2426; x_wconf 89' lang='lat' dir='ltr'>amici</span> <span class='ocrx_word' id='word_1_266' title='bbox 2042 2350 2232 2425; x_wconf 84' lang='lat' dir='ltr'>Therame-</span> 
     </span>
     <span class='ocr_line' id='line_1_22' title="bbox 198 2451 2233 2550; baseline 0 -24"><span class='ocrx_word' id='word_1_267' title='bbox 198 2455 307 2546; x_wconf 89' lang='lat' dir='ltr'>igitur</span> <span class='ocrx_word' id='word_1_268' title='bbox 323 2451 414 2544; x_wconf 84' lang='lat' dir='ltr'>Regi</span> <span class='ocrx_word' id='word_1_269' title='bbox 433 2477 510 2524; x_wconf 91' lang='lat' dir='ltr'>mus</span> <span class='ocrx_word' id='word_1_270' title='bbox 523 2467 718 2545; x_wconf 81' lang='lat' dir='ltr'>gereretur,</span> <span class='ocrx_word' id='word_1_271' title='bbox 751 2478 816 2524; x_wconf 88' lang='lat' dir='ltr'>nec</span> <span class='ocrx_word' id='word_1_272' title='bbox 835 2467 952 2523; x_wconf 88' lang='lat' dir='ltr'>tamen</span> <span class='ocrx_word' id='word_1_273' title='bbox 968 2477 1065 2524; x_wconf 88' lang='lat' dir='ltr'>sacra</span> <span class='ocrx_word' id='word_1_274' title='bbox 1079 2453 1192 2545; x_wconf 90' lang='lat' dir='ltr'>pollui</span> <span class='ocrx_word' id='word_1_275' title='bbox 1243 2454 1300 2524; x_wconf 89' lang='lat' dir='ltr'>nis</span> <span class='ocrx_word' id='word_1_276' title='bbox 1328 2456 1421 2548; x_wconf 90' lang='lat' dir='ltr'>pulsi</span> <span class='ocrx_word' id='word_1_277' title='bbox 1442 2455 1585 2530; x_wconf 87' lang='lat' dir='ltr'>civitate</span> <span class='ocrx_word' id='word_1_278' title='bbox 1605 2453 1786 2550; x_wconf 88' lang='lat' dir='ltr'>Rempub.</span> <span class='ocrx_word' id='word_1_279' title='bbox 1810 2469 2085 2548; x_wconf 86' lang='lat' dir='ltr'>recuperarunt,</span> <span class='ocrx_word' id='word_1_280' title='bbox 2111 2472 2145 2529; x_wconf 90' lang='lat' dir='ltr'>et</span> <span class='ocrx_word' id='word_1_281' title='bbox 2160 2454 2233 2526; x_wconf 90' lang='lat' dir='ltr'>Cri·</span> 
     </span>
     <span class='ocr_line' id='line_1_23' title="bbox 198 2553 2232 2654; baseline 0 -26"><span class='ocrx_word' id='word_1_282' title='bbox 198 2558 425 2643; x_wconf 85' lang='lat' dir='ltr'>riderentur,</span> <span class='ocrx_word' id='word_1_283' title='bbox 452 2555 598 2626; x_wconf 91' lang='lat' dir='ltr'>ioventa</span> <span class='ocrx_word' id='word_1_284' title='bbox 615 2569 666 2627; x_wconf 89' lang='lat' dir='ltr'>est</span> <span class='ocrx_word' id='word_1_285' title='bbox 684 2556 777 2625; x_wconf 90' lang='lat' dir='ltr'>bella</span> <span class='ocrx_word' id='word_1_286' title='bbox 793 2555 896 2626; x_wconf 90' lang='lat' dir='ltr'>ratio.</span> <span class='ocrx_word' id='word_1_287' title='bbox 948 2553 1022 2624; x_wconf 84' lang='lat' dir='ltr'>Lex</span> <span class='ocrx_word' id='word_1_288' title='bbox 1044 2555 1115 2626; x_wconf 88' lang='lat' dir='ltr'>lata</span> <span class='ocrx_word' id='word_1_289' title='bbox 1130 2567 1194 2646; x_wconf 89' lang='lat' dir='ltr'>est,</span> <span class='ocrx_word' id='word_1_290' title='bbox 1244 2555 1348 2638; x_wconf 89' lang='lat' dir='ltr'>tiam,</span> <span class='ocrx_word' id='word_1_291' title='bbox 1374 2573 1409 2628; x_wconf 93' lang='lat' dir='ltr'>et</span> <span class='ocrx_word' id='word_1_292' title='bbox 1429 2559 1603 2652; x_wconf 89' lang='lat' dir='ltr'>quosdam</span> <span class='ocrx_word' id='word_1_293' title='bbox 1625 2559 1733 2644; x_wconf 88' lang='lat' dir='ltr'>alius,</span> <span class='ocrx_word' id='word_1_294' title='bbox 1759 2583 1848 2654; x_wconf 83' lang='lat' dir='ltr'>qrtos</span> <span class='ocrx_word' id='word_1_295' title='bbox 1871 2557 1933 2628; x_wconf 86' lang='lat' dir='ltr'>illu</span> <span class='ocrx_word' id='word_1_296' title='bbox 1949 2558 2169 2630; x_wconf 88' lang='lat' dir='ltr'>crudelitatis</span> <span class='ocrx_word' id='word_1_297' title='bbox 2182 2583 2232 2628; x_wconf 91' lang='lat' dir='ltr'>so·</span> 
     </span>
     <span class='ocr_line' id='line_1_24' title="bbox 199 2653 2233 2752; baseline -0.001 -22"><span class='ocrx_word' id='word_1_298' title='bbox 199 2672 240 2730; x_wconf 91' lang='lat' dir='ltr'>ut</span> <span class='ocrx_word' id='word_1_299' title='bbox 260 2657 435 2728; x_wconf 90' lang='lat' dir='ltr'>mensium</span> <span class='ocrx_word' id='word_1_300' title='bbox 464 2658 611 2728; x_wconf 87' lang='lat' dir='ltr'>nomina</span> <span class='ocrx_word' id='word_1_301' title='bbox 634 2670 868 2728; x_wconf 87' lang='lat' dir='ltr'>mutarentur.</span> <span class='ocrx_word' id='word_1_302' title='bbox 932 2655 1109 2728; x_wconf 89' lang='lat' dir='ltr'>Similima</span> <span class='ocrx_word' id='word_1_303' title='bbox 1138 2680 1195 2728; x_wconf 89' lang='lat' dir='ltr'>res</span> <span class='ocrx_word' id='word_1_304' title='bbox 1244 2653 1523 2746; x_wconf 90' lang='lat' dir='ltr'>ciusbabnerat,</span> <span class='ocrx_word' id='word_1_305' title='bbox 1545 2661 1812 2733; x_wconf 87' lang='lat' dir='ltr'>iuterfecerunt.</span> <span class='ocrx_word' id='word_1_306' title='bbox 1858 2657 2233 2752; x_wconf 79' lang='lat' dir='ltr'>Necillareligionum</span> 
     </span>
     <span class='ocr_line' id='line_1_25' title="bbox 199 2756 2234 2856; baseline -0.001 -24"><span class='ocrx_word' id='word_1_307' title='bbox 199 2785 297 2832; x_wconf 90' lang='lat' dir='ltr'>nunc</span> <span class='ocrx_word' id='word_1_308' title='bbox 325 2760 453 2852; x_wconf 90' lang='lat' dir='ltr'>agitur.</span> <span class='ocrx_word' id='word_1_309' title='bbox 520 2757 658 2830; x_wconf 80' lang='lat' dir='ltr'>Volunt</span> <span class='ocrx_word' id='word_1_310' title='bbox 686 2758 740 2828; x_wconf 92' lang='lat' dir='ltr'>illi</span> <span class='ocrx_word' id='word_1_311' title='bbox 772 2757 1017 2830; x_wconf 88' lang='lat' dir='ltr'>conciliatores</span> <span class='ocrx_word' id='word_1_312' title='bbox 1048 2757 1193 2829; x_wconf 88' lang='lat' dir='ltr'>retineri</span> <span class='ocrx_word' id='word_1_313' title='bbox 1244 2756 1458 2851; x_wconf 84' lang='lat' dir='ltr'>sophismata</span> <span class='ocrx_word' id='word_1_314' title='bbox 1484 2777 1568 2834; x_wconf 89' lang='lat' dir='ltr'>sunt</span> <span class='ocrx_word' id='word_1_315' title='bbox 1593 2763 1800 2846; x_wconf 90' lang='lat' dir='ltr'>incruenta,</span> <span class='ocrx_word' id='word_1_316' title='bbox 1837 2763 2036 2856; x_wconf 87' lang='lat' dir='ltr'>dequibus</span> <span class='ocrx_word' id='word_1_317' title='bbox 2060 2761 2234 2832; x_wconf 89' lang='lat' dir='ltr'>iamdici-</span> 
     </span>
     <span class='ocr_line' id='line_1_26' title="bbox 199 2859 2233 2956; baseline -0 -22"><span class='ocrx_word' id='word_1_318' title='bbox 199 2888 280 2936; x_wconf 89' lang='lat' dir='ltr'>cum</span> <span class='ocrx_word' id='word_1_319' title='bbox 296 2863 365 2932; x_wconf 91' lang='lat' dir='ltr'>alia</span> <span class='ocrx_word' id='word_1_320' title='bbox 381 2862 494 2932; x_wconf 87' lang='lat' dir='ltr'>rnulta</span> <span class='ocrx_word' id='word_1_321' title='bbox 510 2862 654 2946; x_wconf 87' lang='lat' dir='ltr'>deliria,</span> <span class='ocrx_word' id='word_1_322' title='bbox 678 2875 754 2933; x_wconf 89' lang='lat' dir='ltr'>turn</span> <span class='ocrx_word' id='word_1_323' title='bbox 769 2862 875 2932; x_wconf 89' lang='lat' dir='ltr'>etiam</span> <span class='ocrx_word' id='word_1_324' title='bbox 887 2883 1040 2946; x_wconf 91' lang='lat' dir='ltr'>errores,</span> <span class='ocrx_word' id='word_1_325' title='bbox 1064 2859 1195 2954; x_wconf 90' lang='lat' dir='ltr'>quibus</span> <span class='ocrx_word' id='word_1_326' title='bbox 1244 2885 1333 2938; x_wconf 78' lang='lat' dir='ltr'>urus.</span> <span class='ocrx_word' id='word_1_327' title='bbox 1384 2859 1476 2934; x_wconf 88' lang='lat' dir='ltr'>Nam</span> <span class='ocrx_word' id='word_1_328' title='bbox 1493 2863 1521 2934; x_wconf 90' lang='lat' dir='ltr'>si</span> <span class='ocrx_word' id='word_1_329' title='bbox 1539 2864 1589 2956; x_wconf 91' lang='lat' dir='ltr'>pii</span> <span class='ocrx_word' id='word_1_330' title='bbox 1606 2859 1835 2956; x_wconf 86' lang='lat' dir='ltr'>deprehensis</span> <span class='ocrx_word' id='word_1_331' title='bbox 1849 2865 1941 2934; x_wconf 84' lang='lat' dir='ltr'>fucis</span> <span class='ocrx_word' id='word_1_332' title='bbox 1959 2864 2169 2934; x_wconf 80' lang='lat' dir='ltr'>confirmare</span> <span class='ocrx_word' id='word_1_333' title='bbox 2183 2887 2233 2932; x_wconf 88' lang='lat' dir='ltr'>cr·</span> 
     </span>
     <span class='ocr_line' id='line_1_27' title="bbox 199 2957 2234 3060; baseline -0.001 -26"><span class='ocrx_word' id='word_1_334' title='bbox 199 2963 375 3058; x_wconf 90' lang='lat' dir='ltr'>polluitur</span> <span class='ocrx_word' id='word_1_335' title='bbox 389 2961 509 3034; x_wconf 88' lang='lat' dir='ltr'>Coena</span> <span class='ocrx_word' id='word_1_336' title='bbox 526 2963 677 3036; x_wconf 79' lang='lat' dir='ltr'>domini.</span> <span class='ocrx_word' id='word_1_337' title='bbox 736 2957 987 3052; x_wconf 82' lang='lat' dir='ltr'>Adbngamus,</span> <span class='ocrx_word' id='word_1_338' title='bbox 1013 2961 1195 3056; x_wconf 87' lang='lat' dir='ltr'>inquiunt,</span> <span class='ocrx_word' id='word_1_339' title='bbox 1244 2988 1341 3036; x_wconf 86' lang='lat' dir='ltr'>rores</span> <span class='ocrx_word' id='word_1_340' title='bbox 1365 2989 1441 3035; x_wconf 89' lang='lat' dir='ltr'>uon</span> <span class='ocrx_word' id='word_1_341' title='bbox 1471 2965 1612 3051; x_wconf 88' lang='lat' dir='ltr'>volent,</span> <span class='ocrx_word' id='word_1_342' title='bbox 1652 2989 1777 3036; x_wconf 87' lang='lat' dir='ltr'>rursus</span> <span class='ocrx_word' id='word_1_343' title='bbox 1805 2967 2061 3055; x_wconf 89' lang='lat' dir='ltr'>grassabuntur</span> <span class='ocrx_word' id='word_1_344' title='bbox 2098 2961 2234 3060; x_wconf 88' lang='lat' dir='ltr'>tyranni</span> 
     </span>
     <span class='ocr_line' id='line_1_28' title="bbox 198 3058 2233 3162; baseline -0.001 -24"><span class='ocrx_word' id='word_1_345' title='bbox 198 3066 382 3148; x_wconf 86' lang='lat' dir='ltr'>molliores</span> <span class='ocrx_word' id='word_1_346' title='bbox 402 3065 731 3158; x_wconf 88' lang='lat' dir='ltr'>interpretationes,</span> <span class='ocrx_word' id='word_1_347' title='bbox 764 3065 826 3136; x_wconf 91' lang='lat' dir='ltr'>ubi</span> <span class='ocrx_word' id='word_1_348' title='bbox 844 3063 974 3154; x_wconf 91' lang='lat' dir='ltr'>legitur</span> <span class='ocrx_word' id='word_1_349' title='bbox 990 3064 1112 3136; x_wconf 86' lang='lat' dir='ltr'>ollerri</span> <span class='ocrx_word' id='word_1_350' title='bbox 1127 3058 1188 3136; x_wconf 88' lang='lat' dir='ltr'>hu·</span> <span class='ocrx_word' id='word_1_351' title='bbox 1243 3065 1421 3158; x_wconf 87' lang='lat' dir='ltr'>asperius,</span> <span class='ocrx_word' id='word_1_352' title='bbox 1447 3091 1554 3162; x_wconf 87' lang='lat' dir='ltr'>quom</span> <span class='ocrx_word' id='word_1_353' title='bbox 1568 3081 1689 3154; x_wconf 90' lang='lat' dir='ltr'>antea,</span> <span class='ocrx_word' id='word_1_354' title='bbox 1717 3067 1917 3138; x_wconf 86' lang='lat' dir='ltr'>confirmati</span> <span class='ocrx_word' id='word_1_355' title='bbox 1933 3068 2004 3138; x_wconf 89' lang='lat' dir='ltr'>iam</span> <span class='ocrx_word' id='word_1_356' title='bbox 2016 3067 2162 3137; x_wconf 88' lang='lat' dir='ltr'>iudiciis</span> <span class='ocrx_word' id='word_1_357' title='bbox 2175 3061 2233 3136; x_wconf 90' lang='lat' dir='ltr'>ho-</span> 
     </span>
     <span class='ocr_line' id='line_1_29' title="bbox 199 3165 2234 3264; baseline -0 -24"><span class='ocrx_word' id='word_1_358' title='bbox 199 3168 266 3240; x_wconf 91' lang='lat' dir='ltr'>stia</span> <span class='ocrx_word' id='word_1_359' title='bbox 274 3169 318 3239; x_wconf 92' lang='lat' dir='ltr'>ad</span> <span class='ocrx_word' id='word_1_360' title='bbox 328 3166 529 3240; x_wconf 89' lang='lat' dir='ltr'>animarum</span> <span class='ocrx_word' id='word_1_361' title='bbox 544 3167 843 3259; x_wconf 87' lang='lat' dir='ltr'>redemptionem,</span> <span class='ocrx_word' id='word_1_362' title='bbox 867 3165 1106 3257; x_wconf 84' lang='lat' dir='ltr'>intelligamus</span> <span class='ocrx_word' id='word_1_363' title='bbox 1119 3190 1194 3238; x_wconf 91' lang='lat' dir='ltr'>nun</span> <span class='ocrx_word' id='word_1_364' title='bbox 1244 3191 1324 3240; x_wconf 88' lang='lat' dir='ltr'>rum</span> <span class='ocrx_word' id='word_1_365' title='bbox 1339 3169 1631 3255; x_wconf 87' lang='lat' dir='ltr'>conciliatorum,</span> <span class='ocrx_word' id='word_1_366' title='bbox 1656 3193 1810 3264; x_wconf 87' lang='lat' dir='ltr'>quorum</span> <span class='ocrx_word' id='word_1_367' title='bbox 1834 3170 2006 3241; x_wconf 83' lang='lat' dir='ltr'>autoritas</span> <span class='ocrx_word' id='word_1_368' title='bbox 2023 3185 2171 3260; x_wconf 91' lang='lat' dir='ltr'>propter</span> <span class='ocrx_word' id='word_1_369' title='bbox 2185 3191 2234 3238; x_wconf 85' lang='lat' dir='ltr'>sa-</span> 
     </span>
     <span class='ocr_line' id='line_1_30' title="bbox 198 3265 2235 3364; baseline -0.001 -22"><span class='ocrx_word' id='word_1_370' title='bbox 198 3294 296 3344; x_wconf 90' lang='lat' dir='ltr'>nunc</span> <span class='ocrx_word' id='word_1_371' title='bbox 319 3269 441 3342; x_wconf 83' lang='lat' dir='ltr'>offerri</span> <span class='ocrx_word' id='word_1_372' title='bbox 464 3294 485 3341; x_wconf 92' lang='lat' dir='ltr'>a</span> <span class='ocrx_word' id='word_1_373' title='bbox 509 3268 633 3356; x_wconf 84' lang='lat' dir='ltr'>nobis,</span> <span class='ocrx_word' id='word_1_374' title='bbox 664 3271 726 3340; x_wconf 91' lang='lat' dir='ltr'>sed</span> <span class='ocrx_word' id='word_1_375' title='bbox 748 3265 865 3339; x_wconf 91' lang='lat' dir='ltr'>Deum</span> <span class='ocrx_word' id='word_1_376' title='bbox 890 3267 1128 3360; x_wconf 88' lang='lat' dir='ltr'>interpellari,</span> <span class='ocrx_word' id='word_1_377' title='bbox 1154 3283 1195 3342; x_wconf 88' lang='lat' dir='ltr'>ut</span> <span class='ocrx_word' id='word_1_378' title='bbox 1244 3271 1399 3364; x_wconf 87' lang='lat' dir='ltr'>pientiae</span> <span class='ocrx_word' id='word_1_379' title='bbox 1421 3284 1457 3343; x_wconf 92' lang='lat' dir='ltr'>et</span> <span class='ocrx_word' id='word_1_380' title='bbox 1479 3270 1735 3343; x_wconf 85' lang='lat' dir='ltr'>moderationis</span> <span class='ocrx_word' id='word_1_381' title='bbox 1756 3270 1965 3363; x_wconf 90' lang='lat' dir='ltr'>opinionem</span> <span class='ocrx_word' id='word_1_382' title='bbox 1992 3273 2090 3363; x_wconf 91' lang='lat' dir='ltr'>apud</span> <span class='ocrx_word' id='word_1_383' title='bbox 2104 3268 2235 3342; x_wconf 84' lang='lat' dir='ltr'>Princi-</span> 
     </span>
     <span class='ocr_line' id='line_1_31' title="bbox 199 3367 2235 3468; baseline -0.002 -24"><span class='ocrx_word' id='word_1_384' title='bbox 199 3387 345 3466; x_wconf 84' lang='lat' dir='ltr'>propter</span> <span class='ocrx_word' id='word_1_385' title='bbox 372 3368 544 3457; x_wconf 88' lang='lat' dir='ltr'>hostiam,</span> <span class='ocrx_word' id='word_1_386' title='bbox 576 3395 668 3465; x_wconf 83' lang='lat' dir='ltr'>quae</span> <span class='ocrx_word' id='word_1_387' title='bbox 687 3373 734 3442; x_wconf 93' lang='lat' dir='ltr'>ab</span> <span class='ocrx_word' id='word_1_388' title='bbox 753 3369 832 3464; x_wconf 90' lang='lat' dir='ltr'>ipso</span> <span class='ocrx_word' id='word_1_389' title='bbox 853 3367 1026 3442; x_wconf 86' lang='lat' dir='ltr'>Pontifice</span> <span class='ocrx_word' id='word_1_390' title='bbox 1050 3367 1193 3444; x_wconf 88' lang='lat' dir='ltr'>Christo</span> <span class='ocrx_word' id='word_1_391' title='bbox 1243 3396 1304 3464; x_wconf 88' lang='lat' dir='ltr'>pes</span> <span class='ocrx_word' id='word_1_392' title='bbox 1325 3372 1478 3444; x_wconf 89' lang='lat' dir='ltr'>multum</span> <span class='ocrx_word' id='word_1_393' title='bbox 1502 3373 1609 3444; x_wconf 91' lang='lat' dir='ltr'>valet.</span> <span class='ocrx_word' id='word_1_394' title='bbox 1670 3371 1778 3446; x_wconf 89' lang='lat' dir='ltr'>Nulla</span> <span class='ocrx_word' id='word_1_395' title='bbox 1799 3373 1977 3444; x_wconf 90' lang='lat' dir='ltr'>durabilis</span> <span class='ocrx_word' id='word_1_396' title='bbox 2001 3373 2235 3468; x_wconf 87' lang='lat' dir='ltr'>tranquillitas</span> 
     </span>
     <span class='ocr_line' id='line_1_32' title="bbox 200 3468 2235 3566; baseline -0.002 -18"><span class='ocrx_word' id='word_1_397' title='bbox 200 3475 339 3562; x_wconf 89' lang='lat' dir='ltr'>oblata,</span> <span class='ocrx_word' id='word_1_398' title='bbox 363 3487 448 3546; x_wconf 86' lang='lat' dir='ltr'>tnnc</span> <span class='ocrx_word' id='word_1_399' title='bbox 458 3474 607 3546; x_wconf 91' lang='lat' dir='ltr'>redemit</span> <span class='ocrx_word' id='word_1_400' title='bbox 617 3473 772 3554; x_wconf 90' lang='lat' dir='ltr'>animas,</span> <span class='ocrx_word' id='word_1_401' title='bbox 793 3495 860 3544; x_wconf 91' lang='lat' dir='ltr'>nos</span> <span class='ocrx_word' id='word_1_402' title='bbox 872 3473 1045 3546; x_wconf 81' lang='lat' dir='ltr'>exaudiat.</span> <span class='ocrx_word' id='word_1_403' title='bbox 1078 3468 1194 3564; x_wconf 83' lang='lat' dir='ltr'>Aegre</span> <span class='ocrx_word' id='word_1_404' title='bbox 1245 3475 1283 3544; x_wconf 90' lang='lat' dir='ltr'>in</span> <span class='ocrx_word' id='word_1_405' title='bbox 1299 3471 1457 3548; x_wconf 82' lang='lat' dir='ltr'>Ecclesia</span> <span class='ocrx_word' id='word_1_406' title='bbox 1480 3473 1558 3544; x_wconf 90' lang='lat' dir='ltr'>sine</span> <span class='ocrx_word' id='word_1_407' title='bbox 1578 3474 1727 3546; x_wconf 88' lang='lat' dir='ltr'>veritate</span> <span class='ocrx_word' id='word_1_408' title='bbox 1751 3474 1919 3546; x_wconf 86' lang='lat' dir='ltr'>constitui</span> <span class='ocrx_word' id='word_1_409' title='bbox 1943 3485 2071 3566; x_wconf 87' lang='lat' dir='ltr'>potest.</span> <span class='ocrx_word' id='word_1_410' title='bbox 2126 3473 2235 3544; x_wconf 84' lang='lat' dir='ltr'>Pocu-</span> 
     </span>
     <span class='ocr_line' id='line_1_33' title="bbox 200 3573 2234 3662; baseline -0.004 -12"><span class='ocrx_word' id='word_1_411' title='bbox 200 3577 369 3650; x_wconf 92' lang='lat' dir='ltr'>amittunt</span> <span class='ocrx_word' id='word_1_412' title='bbox 382 3575 656 3662; x_wconf 78' lang='lat' dir='ltr'>satisfactiones,</span> <span class='ocrx_word' id='word_1_413' title='bbox 682 3577 741 3646; x_wconf 88' lang='lat' dir='ltr'>sed</span> <span class='ocrx_word' id='word_1_414' title='bbox 759 3575 928 3646; x_wconf 90' lang='lat' dir='ltr'>molliunt</span> <span class='ocrx_word' id='word_1_415' title='bbox 942 3600 1085 3646; x_wconf 86' lang='lat' dir='ltr'>numen.</span> <span class='ocrx_word' id='word_1_416' title='bbox 1119 3573 1193 3648; x_wconf 85' lang='lat' dir='ltr'>l&#39;o-</span> <span class='ocrx_word' id='word_1_417' title='bbox 1244 3601 1301 3648; x_wconf 90' lang='lat' dir='ltr'>sae</span> <span class='ocrx_word' id='word_1_418' title='bbox 1316 3577 1577 3648; x_wconf 88' lang='lat' dir='ltr'>moderationes</span> <span class='ocrx_word' id='word_1_419' title='bbox 1599 3589 1634 3646; x_wconf 92' lang='lat' dir='ltr'>et</span> <span class='ocrx_word' id='word_1_420' title='bbox 1656 3576 1796 3648; x_wconf 86' lang='lat' dir='ltr'>veritati</span> <span class='ocrx_word' id='word_1_421' title='bbox 1819 3578 2021 3660; x_wconf 87' lang='lat' dir='ltr'>nocebunt,</span> <span class='ocrx_word' id='word_1_422' title='bbox 2047 3589 2081 3646; x_wconf 88' lang='lat' dir='ltr'>et</span> <span class='ocrx_word' id='word_1_423' title='bbox 2099 3575 2234 3644; x_wconf 89' lang='lat' dir='ltr'>inflam-</span> 
     </span>
     <span class='ocr_line' id='line_1_34' title="bbox 199 3673 2235 3772; baseline -0.005 -19"><span class='ocrx_word' id='word_1_424' title='bbox 199 3681 280 3753; x_wconf 93' lang='lat' dir='ltr'>lunt</span> <span class='ocrx_word' id='word_1_425' title='bbox 306 3680 425 3750; x_wconf 91' lang='lat' dir='ltr'>vocari</span> <span class='ocrx_word' id='word_1_426' title='bbox 448 3679 693 3768; x_wconf 86' lang='lat' dir='ltr'>castigationes</span> <span class='ocrx_word' id='word_1_427' title='bbox 718 3678 987 3748; x_wconf 68' lang='lat' dir='ltr'>ecetesiauicaa</span> <span class='ocrx_word' id='word_1_428' title='bbox 1043 3675 1194 3749; x_wconf 78' lang='lat' dir='ltr'>&#39;l&#39;alibus</span> <span class='ocrx_word' id='word_1_429' title='bbox 1243 3679 1394 3748; x_wconf 88' lang='lat' dir='ltr'>rnabunt</span> <span class='ocrx_word' id='word_1_430' title='bbox 1410 3678 1604 3750; x_wconf 87' lang='lat' dir='ltr'>discordias</span> <span class='ocrx_word' id='word_1_431' title='bbox 1621 3701 1663 3748; x_wconf 87' lang='lat' dir='ltr'>ac</span> <span class='ocrx_word' id='word_1_432' title='bbox 1679 3677 1885 3758; x_wconf 88' lang='lat' dir='ltr'>saeviciam,</span> <span class='ocrx_word' id='word_1_433' title='bbox 1911 3691 1948 3750; x_wconf 89' lang='lat' dir='ltr'>et</span> <span class='ocrx_word' id='word_1_434' title='bbox 1961 3676 2104 3772; x_wconf 88' lang='lat' dir='ltr'>parient</span> <span class='ocrx_word' id='word_1_435' title='bbox 2121 3673 2235 3748; x_wconf 88' lang='lat' dir='ltr'>inlini-</span> 
     </span>
     <span class='ocr_line' id='line_1_35' title="bbox 198 3777 2234 3873; baseline -0.002 -19"><span class='ocrx_word' id='word_1_436' title='bbox 198 3781 290 3854; x_wconf 82' lang='lat' dir='ltr'>iucis</span> <span class='ocrx_word' id='word_1_437' title='bbox 306 3783 449 3873; x_wconf 88' lang='lat' dir='ltr'>pingere</span> <span class='ocrx_word' id='word_1_438' title='bbox 462 3781 615 3852; x_wconf 90' lang='lat' dir='ltr'>absurda</span> <span class='ocrx_word' id='word_1_439' title='bbox 630 3781 793 3869; x_wconf 85' lang='lat' dir='ltr'>dogmata</span> <span class='ocrx_word' id='word_1_440' title='bbox 807 3793 1001 3864; x_wconf 90' lang='lat' dir='ltr'>conantur,</span> <span class='ocrx_word' id='word_1_441' title='bbox 1023 3802 1086 3847; x_wconf 88' lang='lat' dir='ltr'>ner</span> <span class='ocrx_word' id='word_1_442' title='bbox 1102 3779 1193 3848; x_wconf 89' lang='lat' dir='ltr'>illud</span> <span class='ocrx_word' id='word_1_443' title='bbox 1244 3795 1296 3854; x_wconf 90' lang='lat' dir='ltr'>tas</span> <span class='ocrx_word' id='word_1_444' title='bbox 1325 3779 1574 3872; x_wconf 87' lang='lat' dir='ltr'>dissipationes</span> <span class='ocrx_word' id='word_1_445' title='bbox 1606 3793 1642 3852; x_wconf 91' lang='lat' dir='ltr'>et</span> <span class='ocrx_word' id='word_1_446' title='bbox 1671 3794 1794 3854; x_wconf 86' lang='lat' dir='ltr'>sectas.</span> <span class='ocrx_word' id='word_1_447' title='bbox 1859 3777 1946 3850; x_wconf 91' lang='lat' dir='ltr'>ldeo</span> <span class='ocrx_word' id='word_1_448' title='bbox 1977 3792 2142 3872; x_wconf 89' lang='lat' dir='ltr'>optemus</span> <span class='ocrx_word' id='word_1_449' title='bbox 2166 3791 2234 3850; x_wconf 86' lang='lat' dir='ltr'>tutu</span> 
     </span>
    </p>
   </div>
   <div class='ocr_carea' id='block_1_7' title="bbox 146 3873 2296 4586">
    <p class='ocr_par' dir='ltr' id='par_1_8' title="bbox 146 3873 2296 4586">
     <span class='ocr_line' id='line_1_36' title="bbox 199 3873 2296 3974; baseline -0.001 -20"><span class='ocrx_word' id='word_1_450' title='bbox 199 3899 327 3974; x_wconf 84' lang='lat' dir='ltr'>agunt,</span> <span class='ocrx_word' id='word_1_451' title='bbox 351 3901 393 3954; x_wconf 93' lang='lat' dir='ltr'>ut</span> <span class='ocrx_word' id='word_1_452' title='bbox 407 3905 545 3954; x_wconf 90' lang='lat' dir='ltr'>errores</span> <span class='ocrx_word' id='word_1_453' title='bbox 557 3883 766 3966; x_wconf 85' lang='lat' dir='ltr'>emendent,</span> <span class='ocrx_word' id='word_1_454' title='bbox 790 3893 830 3952; x_wconf 92' lang='lat' dir='ltr'>ut</span> <span class='ocrx_word' id='word_1_455' title='bbox 844 3885 1053 3950; x_wconf 87' lang='lat' dir='ltr'>medeantur</span> <span class='ocrx_word' id='word_1_456' title='bbox 1070 3875 1194 3950; x_wconf 90' lang='lat' dir='ltr'>Eccle-</span> <span class='ocrx_word' id='word_1_457' title='bbox 1245 3895 1404 3973; x_wconf 76' lang='lat' dir='ltr'>pectore,</span> <span class='ocrx_word' id='word_1_458' title='bbox 1427 3879 1574 3952; x_wconf 86' lang='lat' dir='ltr'>utIleus</span> <span class='ocrx_word' id='word_1_459' title='bbox 1589 3897 1685 3972; x_wconf 88' lang='lat' dir='ltr'>regat</span> <span class='ocrx_word' id='word_1_460' title='bbox 1702 3879 1911 3972; x_wconf 87' lang='lat' dir='ltr'>Principum</span> <span class='ocrx_word' id='word_1_461' title='bbox 1926 3881 2096 3966; x_wconf 91' lang='lat' dir='ltr'>consilia,</span> <span class='ocrx_word' id='word_1_462' title='bbox 2121 3873 2234 3952; x_wconf 84' lang='lat' dir='ltr'>etEe·</span> <span class='ocrx_word' id='word_1_463' title='bbox 2295 3897 2296 3964; x_wconf 61' lang='grc' dir='ltr'>ζ</span> 
     </span>
     <span class='ocr_line' id='line_1_37' title="bbox 200 3969 2296 4076; baseline -0.002 -20"><span class='ocrx_word' id='word_1_464' title='bbox 200 3987 282 4058; x_wconf 82' lang='lat' dir='ltr'>siae.</span> <span class='ocrx_word' id='word_1_465' title='bbox 334 3983 406 4057; x_wconf 87' lang='lat' dir='ltr'>Sed</span> <span class='ocrx_word' id='word_1_466' title='bbox 431 3999 472 4058; x_wconf 91' lang='lat' dir='ltr'>nt</span> <span class='ocrx_word' id='word_1_467' title='bbox 491 3983 596 4056; x_wconf 85' lang='lat' dir='ltr'>rruvis</span> <span class='ocrx_word' id='word_1_468' title='bbox 616 3981 854 4076; x_wconf 78' lang='lat' dir='ltr'>praetextibus</span> <span class='ocrx_word' id='word_1_469' title='bbox 875 4003 1004 4051; x_wconf 84' lang='lat' dir='ltr'>nervos</span> <span class='ocrx_word' id='word_1_470' title='bbox 1019 3981 1195 4054; x_wconf 84' lang='lat' dir='ltr'>retineant</span> <span class='ocrx_word' id='word_1_471' title='bbox 1245 3983 1387 4054; x_wconf 85' lang='lat' dir='ltr'>elesiam</span> <span class='ocrx_word' id='word_1_472' title='bbox 1417 3983 1464 4052; x_wconf 86' lang='lat' dir='ltr'>ab</span> <span class='ocrx_word' id='word_1_473' title='bbox 1500 3977 1567 4055; x_wconf 89' lang='lat' dir='ltr'>hac</span> <span class='ocrx_word' id='word_1_474' title='bbox 1596 3977 1786 4074; x_wconf 89' lang='lat' dir='ltr'>sophistica</span> <span class='ocrx_word' id='word_1_475' title='bbox 1817 3983 1965 4068; x_wconf 88' lang='lat' dir='ltr'>liberet,</span> <span class='ocrx_word' id='word_1_476' title='bbox 2003 3995 2044 4054; x_wconf 93' lang='lat' dir='ltr'>ut</span> <span class='ocrx_word' id='word_1_477' title='bbox 2077 3996 2234 4073; x_wconf 81' lang='lat' dir='ltr'>precatur</span> <span class='ocrx_word' id='word_1_478' title='bbox 2295 3969 2296 4060; x_wconf 71' lang='lat' dir='ltr'>l</span> 
     </span>
     <span class='ocr_line' id='line_1_38' title="bbox 200 4081 2234 4178; baseline -0.003 -19"><span class='ocrx_word' id='word_1_479' title='bbox 200 4088 415 4159; x_wconf 88' lang='lat' dir='ltr'>viciosorum</span> <span class='ocrx_word' id='word_1_480' title='bbox 439 4087 610 4158; x_wconf 84' lang='lat' dir='ltr'>cultuum.</span> <span class='ocrx_word' id='word_1_481' title='bbox 668 4083 914 4156; x_wconf 84' lang='lat' dir='ltr'>llocconsiliu</span> <span class='ocrx_word' id='word_1_482' title='bbox 937 4083 1194 4178; x_wconf 85' lang='lat' dir='ltr'>qnaernutilla</span> <span class='ocrx_word' id='word_1_483' title='bbox 1245 4085 1338 4156; x_wconf 81' lang='lat' dir='ltr'>filins</span> <span class='ocrx_word' id='word_1_484' title='bbox 1357 4081 1426 4154; x_wconf 90' lang='lat' dir='ltr'>Dei</span> <span class='ocrx_word' id='word_1_485' title='bbox 1451 4084 1522 4154; x_wconf 89' lang='lat' dir='ltr'>iam</span> <span class='ocrx_word' id='word_1_486' title='bbox 1546 4085 1708 4156; x_wconf 85' lang='lat' dir='ltr'>aditunts</span> <span class='ocrx_word' id='word_1_487' title='bbox 1728 4097 1898 4170; x_wconf 90' lang='lat' dir='ltr'>mortem,</span> <span class='ocrx_word' id='word_1_488' title='bbox 1928 4109 2009 4155; x_wconf 88' lang='lat' dir='ltr'>cum</span> <span class='ocrx_word' id='word_1_489' title='bbox 2031 4083 2097 4154; x_wconf 88' lang='lat' dir='ltr'>ait:</span> <span class='ocrx_word' id='word_1_490' title='bbox 2138 4083 2234 4154; x_wconf 86' lang='lat' dir='ltr'>Pater</span> 
     </span>
     <span class='ocr_line' id='line_1_39' title="bbox 201 4183 2296 4286; baseline -0.005 -23"><span class='ocrx_word' id='word_1_491' title='bbox 201 4184 302 4286; x_wconf 80' lang='grc' dir='ltr'><em>σοφὰ</em></span> <span class='ocrx_word' id='word_1_492' title='bbox 322 4183 524 4286; x_wconf 76' lang='grc' dir='ltr'><strong><em>φάρμακα,</em></strong></span> <span class='ocrx_word' id='word_1_493' title='bbox 549 4203 589 4261; x_wconf 92' lang='lat' dir='ltr'>ut</span> <span class='ocrx_word' id='word_1_494' title='bbox 612 4187 792 4280; x_wconf 87' lang='lat' dir='ltr'>plausibili</span> <span class='ocrx_word' id='word_1_495' title='bbox 810 4187 924 4278; x_wconf 84' lang='lat' dir='ltr'>specie</span> <span class='ocrx_word' id='word_1_496' title='bbox 942 4211 996 4256; x_wconf 90' lang='lat' dir='ltr'>res</span> <span class='ocrx_word' id='word_1_497' title='bbox 1016 4185 1194 4278; x_wconf 83' lang='lat' dir='ltr'>pernicio·</span> <span class='ocrx_word' id='word_1_498' title='bbox 1244 4185 1420 4258; x_wconf 82' lang='lat' dir='ltr'>sanctifica</span> <span class='ocrx_word' id='word_1_499' title='bbox 1440 4209 1500 4255; x_wconf 90' lang='lat' dir='ltr'>eos</span> <span class='ocrx_word' id='word_1_500' title='bbox 1521 4185 1559 4256; x_wconf 94' lang='lat' dir='ltr'>in</span> <span class='ocrx_word' id='word_1_501' title='bbox 1584 4189 1751 4272; x_wconf 86' lang='lat' dir='ltr'>veritate,</span> <span class='ocrx_word' id='word_1_502' title='bbox 1786 4211 1904 4258; x_wconf 64' lang='lat' dir='ltr'>menso</span> <span class='ocrx_word' id='word_1_503' title='bbox 1927 4200 2010 4258; x_wconf 91' lang='lat' dir='ltr'>tuus</span> <span class='ocrx_word' id='word_1_504' title='bbox 2033 4197 2086 4256; x_wconf 90' lang='lat' dir='ltr'>est</span> <span class='ocrx_word' id='word_1_505' title='bbox 2102 4185 2234 4256; x_wconf 82' lang='lat' dir='ltr'>veritas·</span> <span class='ocrx_word' id='word_1_506' title='bbox 2295 4231 2296 4252; x_wconf 54' lang='lat' dir='ltr'>r</span> 
     </span>
     <span class='ocr_line' id='line_1_40' title="bbox 146 4281 2296 4398; baseline -0.003 -36"><span class='ocrx_word' id='word_1_507' title='bbox 146 4365 150 4368; x_wconf 78' lang='grc'><strong>,</strong></span> <span class='ocrx_word' id='word_1_508' title='bbox 200 4294 518 4376; x_wconf 81' lang='lat' dir='ltr'>sascummendent</span> <span class='ocrx_word' id='word_1_509' title='bbox 533 4291 678 4383; x_wconf 89' lang='lat' dir='ltr'>populo.</span> <span class='ocrx_word' id='word_1_510' title='bbox 717 4286 790 4358; x_wconf 85' lang='lat' dir='ltr'>llas</span> <span class='ocrx_word' id='word_1_511' title='bbox 805 4287 1022 4382; x_wconf 88' lang='lat' dir='ltr'>corruptelas</span> <span class='ocrx_word' id='word_1_512' title='bbox 1036 4287 1194 4359; x_wconf 76' lang='lat' dir='ltr'>coelestis</span> <span class='ocrx_word' id='word_1_513' title='bbox 1245 4285 1338 4360; x_wconf 88' lang='lat' dir='ltr'>Orat</span> <span class='ocrx_word' id='word_1_514' title='bbox 1371 4281 1556 4380; x_wconf 88' lang='lat' dir='ltr'>prohiberi</span> <span class='ocrx_word' id='word_1_515' title='bbox 1591 4289 1808 4380; x_wconf 86' lang='lat' dir='ltr'>cormptelas</span> <span class='ocrx_word' id='word_1_516' title='bbox 1844 4288 2013 4398; x_wconf 64' lang='lat' dir='ltr'>veritatis.</span> <span class='ocrx_word' id='word_1_517' title='bbox 2085 4287 2143 4358; x_wconf 81' lang='lat' dir='ltr'>Ad</span> <span class='ocrx_word' id='word_1_518' title='bbox 2176 4281 2233 4354; x_wconf 88' lang='lat' dir='ltr'>bas</span> <span class='ocrx_word' id='word_1_519' title='bbox 2295 4333 2296 4336; x_wconf 55' lang='lat'><em>=</em></span> 
     </span>
     <span class='ocr_line' id='line_1_41' title="bbox 201 4386 2296 4492; baseline -0.002 -30"><span class='ocrx_word' id='word_1_520' title='bbox 201 4393 384 4463; x_wconf 86' lang='lat' dir='ltr'>doctrinae</span> <span class='ocrx_word' id='word_1_521' title='bbox 409 4407 581 4486; x_wconf 85' lang='lat' dir='ltr'>qnantum</span> <span class='ocrx_word' id='word_1_522' title='bbox 611 4390 728 4462; x_wconf 86' lang='lat' dir='ltr'>oderit</span> <span class='ocrx_word' id='word_1_523' title='bbox 749 4386 864 4472; x_wconf 88' lang='lat' dir='ltr'>Deus,</span> <span class='ocrx_word' id='word_1_524' title='bbox 890 4416 958 4460; x_wconf 79' lang='lat' dir='ltr'>vor</span> <span class='ocrx_word' id='word_1_525' title='bbox 986 4389 1048 4482; x_wconf 84' lang='lat' dir='ltr'>illa</span> <span class='ocrx_word' id='word_1_526' title='bbox 1075 4391 1192 4462; x_wconf 89' lang='lat' dir='ltr'>ducet:</span> <span class='ocrx_word' id='word_1_527' title='bbox 1245 4411 1364 4483; x_wconf 84' lang='lat' dir='ltr'>preces</span> <span class='ocrx_word' id='word_1_528' title='bbox 1387 4390 1500 4460; x_wconf 90' lang='lat' dir='ltr'>nostri</span> <span class='ocrx_word' id='word_1_529' title='bbox 1521 4387 1704 4462; x_wconf 84' lang='lat' dir='ltr'>Pontificis</span> <span class='ocrx_word' id='word_1_530' title='bbox 1725 4392 1961 4481; x_wconf 82' lang='lat' dir='ltr'>adiungamus</span> <span class='ocrx_word' id='word_1_531' title='bbox 1983 4403 2017 4460; x_wconf 87' lang='lat' dir='ltr'>et</span> <span class='ocrx_word' id='word_1_532' title='bbox 2041 4403 2232 4460; x_wconf 82' lang='lat' dir='ltr'>nostravo-</span> <span class='ocrx_word' id='word_1_533' title='bbox 2295 4439 2296 4492; x_wconf 69' lang='lat'>,</span> 
     </span>
     <span class='ocr_line' id='line_1_42' title="bbox 200 4485 2296 4586; baseline -0.004 -20"><span class='ocrx_word' id='word_1_534' title='bbox 200 4491 283 4566; x_wconf 91' lang='lat' dir='ltr'>Non</span> <span class='ocrx_word' id='word_1_535' title='bbox 304 4518 461 4566; x_wconf 85' lang='lat' dir='ltr'>assumes</span> <span class='ocrx_word' id='word_1_536' title='bbox 482 4519 611 4563; x_wconf 91' lang='lat' dir='ltr'>nomen</span> <span class='ocrx_word' id='word_1_537' title='bbox 635 4493 783 4563; x_wconf 83' lang='lat' dir='ltr'>Domini</span> <span class='ocrx_word' id='word_1_538' title='bbox 806 4492 875 4562; x_wconf 92' lang='lat' dir='ltr'>Dei</span> <span class='ocrx_word' id='word_1_539' title='bbox 907 4491 959 4562; x_wconf 91' lang='lat' dir='ltr'>tui</span> <span class='ocrx_word' id='word_1_540' title='bbox 983 4515 1083 4562; x_wconf 80' lang='lat' dir='ltr'>vane.</span> <span class='ocrx_word' id='word_1_541' title='bbox 1146 4489 1194 4564; x_wconf 87' lang='lat' dir='ltr'>Et</span> <span class='ocrx_word' id='word_1_542' title='bbox 1244 4507 1297 4576; x_wconf 92' lang='lat' dir='ltr'>ta,</span> <span class='ocrx_word' id='word_1_543' title='bbox 1328 4491 1568 4580; x_wconf 77' lang='lat' dir='ltr'>aufugiamus</span> <span class='ocrx_word' id='word_1_544' title='bbox 1593 4491 1693 4564; x_wconf 90' lang='lat' dir='ltr'>illam</span> <span class='ocrx_word' id='word_1_545' title='bbox 1714 4515 1846 4564; x_wconf 89' lang='lat' dir='ltr'>novam</span> <span class='ocrx_word' id='word_1_546' title='bbox 1866 4486 2095 4586; x_wconf 87' lang='lat' dir='ltr'>sophisticam</span> <span class='ocrx_word' id='word_1_547' title='bbox 2116 4485 2233 4562; x_wconf 84' lang='lat' dir='ltr'>Eccle-</span> <span class='ocrx_word' id='word_1_548' title='bbox 2295 4495 2296 4574; x_wconf 71' lang='grc' dir='ltr'>Ϊ</span> 
     </span>
    </p>
   </div>
   <div class='ocr_carea' id='block_1_8' title="bbox 199 4589 2231 4894">
    <p class='ocr_par' dir='ltr' id='par_1_9' title="bbox 199 4589 2231 4894">
     <span class='ocr_line' id='line_1_43' title="bbox 199 4589 1725 4687; baseline 0.001 -21"><span class='ocrx_word' id='word_1_549' title='bbox 199 4599 359 4668; x_wconf 88' lang='lat' dir='ltr'>minatur</span> <span class='ocrx_word' id='word_1_550' title='bbox 376 4593 472 4668; x_wconf 89' lang='lat' dir='ltr'>Deus</span> <span class='ocrx_word' id='word_1_551' title='bbox 492 4621 529 4664; x_wconf 90' lang='lat' dir='ltr'>se</span> <span class='ocrx_word' id='word_1_552' title='bbox 552 4594 762 4687; x_wconf 89' lang='lat' dir='ltr'>puniturum</span> <span class='ocrx_word' id='word_1_553' title='bbox 785 4620 858 4664; x_wconf 90' lang='lat' dir='ltr'>esse</span> <span class='ocrx_word' id='word_1_554' title='bbox 878 4589 941 4664; x_wconf 90' lang='lat' dir='ltr'>bas</span> <span class='ocrx_word' id='word_1_555' title='bbox 961 4593 1194 4664; x_wconf 84' lang='lat' dir='ltr'>contumelias</span> <span class='ocrx_word' id='word_1_556' title='bbox 1243 4593 1315 4666; x_wconf 85' lang='lat' dir='ltr'>siae</span> <span class='ocrx_word' id='word_1_557' title='bbox 1329 4593 1518 4664; x_wconf 84' lang='lat' dir='ltr'>exitialem.</span> <span class='ocrx_word' id='word_1_558' title='bbox 1723 4661 1725 4668; x_wconf 80' lang='grc'>,</span> 
     </span>
     <span class='ocr_line' id='line_1_44' title="bbox 200 4687 2231 4780; baseline -0.004 -8"><span class='ocrx_word' id='word_1_559' title='bbox 200 4700 254 4772; x_wconf 89' lang='lat' dir='ltr'>sni</span> <span class='ocrx_word' id='word_1_560' title='bbox 289 4699 444 4770; x_wconf 89' lang='lat' dir='ltr'>nominis</span> <span class='ocrx_word' id='word_1_561' title='bbox 475 4711 510 4768; x_wconf 89' lang='lat' dir='ltr'>et</span> <span class='ocrx_word' id='word_1_562' title='bbox 537 4721 639 4766; x_wconf 86' lang='lat' dir='ltr'>verae</span> <span class='ocrx_word' id='word_1_563' title='bbox 666 4695 859 4770; x_wconf 86' lang='lat' dir='ltr'>doctrinae.</span> <span class='ocrx_word' id='word_1_564' title='bbox 922 4692 974 4766; x_wconf 87' lang='lat' dir='ltr'>Ac</span> <span class='ocrx_word' id='word_1_565' title='bbox 1001 4698 1193 4765; x_wconf 86' lang='lat' dir='ltr'>admonere</span> <span class='ocrx_word' id='word_1_566' title='bbox 1345 4695 1422 4766; x_wconf 83' lang='lat' dir='ltr'>Alii</span> <span class='ocrx_word' id='word_1_567' title='bbox 1451 4695 1538 4766; x_wconf 88' lang='lat' dir='ltr'>alias</span> <span class='ocrx_word' id='word_1_568' title='bbox 1566 4718 1688 4766; x_wconf 86' lang='lat' dir='ltr'>causas</span> <span class='ocrx_word' id='word_1_569' title='bbox 1717 4689 1869 4780; x_wconf 87' lang='lat' dir='ltr'>babent,</span> <span class='ocrx_word' id='word_1_570' title='bbox 1902 4719 1967 4765; x_wconf 91' lang='lat' dir='ltr'>cur</span> <span class='ocrx_word' id='word_1_571' title='bbox 1991 4697 2035 4765; x_wconf 91' lang='lat' dir='ltr'>ad</span> <span class='ocrx_word' id='word_1_572' title='bbox 2062 4687 2150 4766; x_wconf 86' lang='lat' dir='ltr'>haec</span> <span class='ocrx_word' id='word_1_573' title='bbox 2179 4715 2231 4760; x_wconf 84' lang='lat' dir='ltr'>sn·</span> 
     </span>
     <span class='ocr_line' id='line_1_45' title="bbox 200 4790 2231 4894; baseline -0.005 -20"><span class='ocrx_word' id='word_1_574' title='bbox 200 4801 359 4894; x_wconf 89' lang='lat' dir='ltr'>singolus</span> <span class='ocrx_word' id='word_1_575' title='bbox 380 4803 424 4870; x_wconf 89' lang='lat' dir='ltr'>de</span> <span class='ocrx_word' id='word_1_576' title='bbox 449 4795 514 4870; x_wconf 84' lang='lat' dir='ltr'>bac</span> <span class='ocrx_word' id='word_1_577' title='bbox 536 4825 621 4870; x_wconf 91' lang='lat' dir='ltr'>vnce</span> <span class='ocrx_word' id='word_1_578' title='bbox 644 4796 732 4881; x_wconf 87' lang='lat' dir='ltr'>Dei,</span> <span class='ocrx_word' id='word_1_579' title='bbox 762 4797 977 4868; x_wconf 86' lang='lat' dir='ltr'>calamitates</span> <span class='ocrx_word' id='word_1_580' title='bbox 1000 4798 1057 4866; x_wconf 89' lang='lat' dir='ltr'>vel</span> <span class='ocrx_word' id='word_1_581' title='bbox 1074 4795 1192 4888; x_wconf 91' lang='lat' dir='ltr'>publi·</span> <span class='ocrx_word' id='word_1_582' title='bbox 1242 4793 1418 4890; x_wconf 88' lang='lat' dir='ltr'>pbismata</span> <span class='ocrx_word' id='word_1_583' title='bbox 1448 4797 1667 4886; x_wconf 79' lang='lat' dir='ltr'>confugiant.</span> <span class='ocrx_word' id='word_1_584' title='bbox 1733 4795 1941 4868; x_wconf 84' lang='lat' dir='ltr'>Adversarii</span> <span class='ocrx_word' id='word_1_585' title='bbox 1972 4799 2138 4888; x_wconf 83' lang='lat' dir='ltr'>prodesse</span> <span class='ocrx_word' id='word_1_586' title='bbox 2170 4790 2231 4862; x_wconf 86' lang='lat' dir='ltr'>sibi</span> 
     </span>
    </p>
   </div>
   <div class='ocr_carea' id='block_1_9' title="bbox 200 4895 2296 4995">
    <p class='ocr_par' dir='ltr' id='par_1_10' title="bbox 200 4895 2296 4995">
     <span class='ocr_line' id='line_1_46' title="bbox 200 4895 2296 4995; baseline -0.007 -15"><span class='ocrx_word' id='word_1_587' title='bbox 200 4929 277 4989; x_wconf 85' lang='lat' dir='ltr'>cae,</span> <span class='ocrx_word' id='word_1_588' title='bbox 303 4901 807 4994; x_wconf 88' lang='lat' dir='ltr'>velprivatorumdebebant,</span> <span class='ocrx_word' id='word_1_589' title='bbox 831 4901 1193 4995; x_wconf 85' lang='lat' dir='ltr'>qnaeprosectosunt</span> <span class='ocrx_word' id='word_1_590' title='bbox 1243 4895 1331 4970; x_wconf 90' lang='lat' dir='ltr'>haec</span> <span class='ocrx_word' id='word_1_591' title='bbox 1355 4898 1503 4970; x_wconf 89' lang='lat' dir='ltr'>consilia</span> <span class='ocrx_word' id='word_1_592' title='bbox 1525 4898 1651 4970; x_wconf 87' lang='lat' dir='ltr'>vident</span> <span class='ocrx_word' id='word_1_593' title='bbox 1670 4900 1713 4968; x_wconf 89' lang='lat' dir='ltr'>ad</span> <span class='ocrx_word' id='word_1_594' title='bbox 1732 4901 1881 4968; x_wconf 88' lang='lat' dir='ltr'>tuendas</span> <span class='ocrx_word' id='word_1_595' title='bbox 1896 4923 2002 4990; x_wconf 91' lang='lat' dir='ltr'>opes,</span> <span class='ocrx_word' id='word_1_596' title='bbox 2035 4898 2130 4968; x_wconf 90' lang='lat' dir='ltr'>docti</span> <span class='ocrx_word' id='word_1_597' title='bbox 2150 4918 2230 4988; x_wconf 89' lang='lat' dir='ltr'>qua·</span> <span class='ocrx_word' id='word_1_598' title='bbox 2295 4945 2296 4950; x_wconf 20' lang='grc' dir='ltr'><strong>κ</strong></span> 
     </span>
    </p>
   </div>
   <div class='ocr_carea' id='block_1_10' title="bbox 198 4997 2229 5507">
    <p class='ocr_par' dir='ltr' id='par_1_11' title="bbox 201 4997 2229 5198">
     <span class='ocr_line' id='line_1_47' title="bbox 201 4997 2229 5098; baseline -0.005 -22"><span class='ocrx_word' id='word_1_599' title='bbox 201 5030 334 5098; x_wconf 89' lang='lat' dir='ltr'>poenae</span> <span class='ocrx_word' id='word_1_600' title='bbox 345 5001 583 5076; x_wconf 88' lang='lat' dir='ltr'>bumanorum</span> <span class='ocrx_word' id='word_1_601' title='bbox 596 5002 829 5091; x_wconf 88' lang='lat' dir='ltr'>flagitiorum,</span> <span class='ocrx_word' id='word_1_602' title='bbox 852 5027 892 5074; x_wconf 89' lang='lat' dir='ltr'>ac</span> <span class='ocrx_word' id='word_1_603' title='bbox 902 5001 1089 5094; x_wconf 88' lang='lat' dir='ltr'>praecipue</span> <span class='ocrx_word' id='word_1_604' title='bbox 1104 5026 1193 5072; x_wconf 90' lang='lat' dir='ltr'>cun·</span> <span class='ocrx_word' id='word_1_605' title='bbox 1243 4998 1680 5082; x_wconf 82' lang='lat' dir='ltr'>lessuntWintoniensis,</span> <span class='ocrx_word' id='word_1_606' title='bbox 1697 4997 1882 5072; x_wconf 89' lang='lat' dir='ltr'>Wicelius</span> <span class='ocrx_word' id='word_1_607' title='bbox 1895 5015 1929 5070; x_wconf 88' lang='lat' dir='ltr'>et</span> <span class='ocrx_word' id='word_1_608' title='bbox 1938 5001 2082 5085; x_wconf 90' lang='lat' dir='ltr'>similes,</span> <span class='ocrx_word' id='word_1_609' title='bbox 2095 5001 2229 5069; x_wconf 86' lang='lat' dir='ltr'>laudern</span> 
     </span>
     <span class='ocr_line' id='line_1_48' title="bbox 202 5096 2229 5198; baseline -0.007 -18"><span class='ocrx_word' id='word_1_610' title='bbox 202 5120 352 5198; x_wconf 91' lang='lat' dir='ltr'>temptus</span> <span class='ocrx_word' id='word_1_611' title='bbox 368 5105 435 5178; x_wconf 88' lang='lat' dir='ltr'>Dei</span> <span class='ocrx_word' id='word_1_612' title='bbox 458 5119 493 5178; x_wconf 91' lang='lat' dir='ltr'>et</span> <span class='ocrx_word' id='word_1_613' title='bbox 508 5107 718 5194; x_wconf 83' lang='lat' dir='ltr'>depravatae</span> <span class='ocrx_word' id='word_1_614' title='bbox 736 5103 929 5193; x_wconf 89' lang='lat' dir='ltr'>religionis.</span> <span class='ocrx_word' id='word_1_615' title='bbox 1242 5103 1379 5194; x_wconf 86' lang='lat' dir='ltr'>ingenii</span> <span class='ocrx_word' id='word_1_616' title='bbox 1400 5103 1576 5174; x_wconf 83' lang='lat' dir='ltr'>ambiunt.</span> <span class='ocrx_word' id='word_1_617' title='bbox 1636 5101 1696 5192; x_wconf 86' lang='lat' dir='ltr'>Sic</span> <span class='ocrx_word' id='word_1_618' title='bbox 1720 5103 1847 5174; x_wconf 88' lang='lat' dir='ltr'>volunt</span> <span class='ocrx_word' id='word_1_619' title='bbox 1871 5129 1892 5172; x_wconf 93' lang='lat' dir='ltr'>a</span> <span class='ocrx_word' id='word_1_620' title='bbox 1913 5099 2076 5193; x_wconf 84' lang='lat' dir='ltr'>Regibus</span> <span class='ocrx_word' id='word_1_621' title='bbox 2097 5096 2229 5194; x_wconf 81' lang='lat' dir='ltr'>praedi·</span> 
     </span>
    </p>

    <p class='ocr_par' dir='ltr' id='par_1_12' title="bbox 198 5197 2229 5507">
     <span class='ocr_line' id='line_1_49' title="bbox 299 5197 2229 5298; baseline -0.003 -20"><span class='ocrx_word' id='word_1_622' title='bbox 299 5205 459 5278; x_wconf 83' lang='lat' dir='ltr'>Nimium</span> <span class='ocrx_word' id='word_1_623' title='bbox 495 5206 563 5276; x_wconf 89' lang='lat' dir='ltr'>sibi</span> <span class='ocrx_word' id='word_1_624' title='bbox 598 5205 834 5278; x_wconf 87' lang='lat' dir='ltr'>blandiuntur</span> <span class='ocrx_word' id='word_1_625' title='bbox 862 5199 1118 5298; x_wconf 87' lang='lat' dir='ltr'>sycophantae,</span> <span class='ocrx_word' id='word_1_626' title='bbox 1161 5205 1192 5276; x_wconf 90' lang='lat' dir='ltr'>si</span> <span class='ocrx_word' id='word_1_627' title='bbox 1241 5205 1331 5290; x_wconf 87' lang='lat' dir='ltr'>cari,</span> <span class='ocrx_word' id='word_1_628' title='bbox 1362 5219 1405 5278; x_wconf 90' lang='lat' dir='ltr'>ut</span> <span class='ocrx_word' id='word_1_629' title='bbox 1430 5197 1656 5298; x_wconf 87' lang='lat' dir='ltr'>Sycophanta</span> <span class='ocrx_word' id='word_1_630' title='bbox 1683 5207 1778 5296; x_wconf 90' lang='lat' dir='ltr'>apud</span> <span class='ocrx_word' id='word_1_631' title='bbox 1811 5203 1998 5276; x_wconf 83' lang='lat' dir='ltr'>Plautum:</span> <span class='ocrx_word' id='word_1_632' title='bbox 2033 5199 2082 5276; x_wconf 91' lang='lat' dir='ltr'>Ut</span> <span class='ocrx_word' id='word_1_633' title='bbox 2110 5227 2174 5293; x_wconf 85' lang='lat' dir='ltr'>ego</span> <span class='ocrx_word' id='word_1_634' title='bbox 2198 5211 2229 5268; x_wconf 73' lang='lat' dir='ltr'>ts</span> 
     </span>
     <span class='ocr_line' id='line_1_50' title="bbox 199 5299 2229 5401; baseline -0.004 -21"><span class='ocrx_word' id='word_1_635' title='bbox 199 5321 326 5401; x_wconf 90' lang='lat' dir='ltr'>putant</span> <span class='ocrx_word' id='word_1_636' title='bbox 346 5332 383 5378; x_wconf 91' lang='lat' dir='ltr'>se</span> <span class='ocrx_word' id='word_1_637' title='bbox 413 5310 560 5400; x_wconf 88' lang='lat' dir='ltr'>impune</span> <span class='ocrx_word' id='word_1_638' title='bbox 584 5308 707 5380; x_wconf 88' lang='lat' dir='ltr'>ludere</span> <span class='ocrx_word' id='word_1_639' title='bbox 739 5299 779 5377; x_wconf 90' lang='lat' dir='ltr'>in</span> <span class='ocrx_word' id='word_1_640' title='bbox 798 5302 977 5390; x_wconf 82' lang='lat' dir='ltr'>Ecclesia,</span> <span class='ocrx_word' id='word_1_641' title='bbox 1008 5307 1192 5378; x_wconf 86' lang='lat' dir='ltr'>involvere</span> <span class='ocrx_word' id='word_1_642' title='bbox 1240 5319 1387 5400; x_wconf 89' lang='lat' dir='ltr'>propter</span> <span class='ocrx_word' id='word_1_643' title='bbox 1397 5305 1581 5393; x_wconf 81' lang='lat' dir='ltr'>perfidiam</span> <span class='ocrx_word' id='word_1_644' title='bbox 1595 5321 1692 5378; x_wconf 91' lang='lat' dir='ltr'>tuam</span> <span class='ocrx_word' id='word_1_645' title='bbox 1709 5331 1811 5392; x_wconf 86' lang='lat' dir='ltr'>amo,</span> <span class='ocrx_word' id='word_1_646' title='bbox 1836 5307 1872 5376; x_wconf 84' lang='lat' dir='ltr'>te</span> <span class='ocrx_word' id='word_1_647' title='bbox 1885 5318 2025 5390; x_wconf 83' lang='lat' dir='ltr'>metuo,</span> <span class='ocrx_word' id='word_1_648' title='bbox 2051 5299 2229 5392; x_wconf 86' lang='lat' dir='ltr'>temagui·</span> 
     </span>
     <span class='ocr_line' id='line_1_51' title="bbox 198 5402 2225 5507; baseline -0.003 -27"><span class='ocrx_word' id='word_1_649' title='bbox 198 5433 254 5482; x_wconf 88' lang='lat' dir='ltr'>res</span> <span class='ocrx_word' id='word_1_650' title='bbox 275 5431 396 5494; x_wconf 85' lang='lat' dir='ltr'>veras,</span> <span class='ocrx_word' id='word_1_651' title='bbox 427 5409 518 5480; x_wconf 83' lang='lat' dir='ltr'>lucis</span> <span class='ocrx_word' id='word_1_652' title='bbox 548 5433 676 5482; x_wconf 83' lang='lat' dir='ltr'>ornare</span> <span class='ocrx_word' id='word_1_653' title='bbox 697 5430 847 5486; x_wconf 87' lang='lat' dir='ltr'>errores.</span> <span class='ocrx_word' id='word_1_654' title='bbox 904 5403 1052 5478; x_wconf 80' lang='lat' dir='ltr'>Exitum</span> <span class='ocrx_word' id='word_1_655' title='bbox 1081 5405 1192 5480; x_wconf 83' lang='lat' dir='ltr'>Iudae</span> <span class='ocrx_word' id='word_1_656' title='bbox 1239 5409 1342 5485; x_wconf 83' lang='lat' dir='ltr'>latio.</span> <span class='ocrx_word' id='word_1_657' title='bbox 1393 5405 1570 5480; x_wconf 90' lang='lat' dir='ltr'>Nonnulli</span> <span class='ocrx_word' id='word_1_658' title='bbox 1585 5421 1683 5481; x_wconf 88' lang='lat' dir='ltr'>metu</span> <span class='ocrx_word' id='word_1_659' title='bbox 1698 5402 1761 5478; x_wconf 95' lang='lat' dir='ltr'>has</span> <span class='ocrx_word' id='word_1_660' title='bbox 1776 5421 1945 5503; x_wconf 86' lang='lat' dir='ltr'>tanquam</span> <span class='ocrx_word' id='word_1_661' title='bbox 1961 5407 2111 5507; x_wconf 78' lang='lat' dir='ltr'>latebras</span> <span class='ocrx_word' id='word_1_662' title='bbox 2126 5427 2225 5500; x_wconf 87' lang='lat' dir='ltr'>quas·</span> 
     </span>
    </p>
   </div>
   <div class='ocr_carea' id='block_1_11' title="bbox 0 0 2319 5812">
    <p class='ocr_par' dir='ltr' id='par_1_13' title="bbox 0 0 2319 5812">
     <span class='ocr_line' id='line_1_52' title="bbox 0 0 2319 5812; baseline 0 0"><span class='ocrx_word' id='word_1_663' title='bbox 0 0 2319 5812; x_wconf 95' lang='lat' dir='ltr'> </span> 
     </span>
    </p>
   </div>
  </div>
 </body>
</html>
