4616 5816
209 229 372 339 ιιι”
530 233 540 246 ‘
697 243 1731 330 occupavissemumuonrunuu
2154 259 2220 338 us

186 430 381 532 podmstis
402 426 515 503 animi
536 425 648 498 robur
670 423 831 496 ermari
845 423 997 496 videtur.
1048 419 1120 496 Sed
1133 445 1200 496 nos
1250 419 1300 498 At
1330 443 1397 494 nos
1422 421 1680 511 adolescentes,
1720 424 1851 520 quibos
1875 447 1982 500 aures
2008 442 2042 502 et
2065 448 2221 523 gemmata
2291 459 2292 520 ι

211 541 257 612 ad
287 533 356 607 boc
387 531 542 604 breviter
573 527 885 620 respondebimus,
917 527 1114 598 Homerum
1136 551 1200 596 vo·
1250 548 1331 596 vasa
1348 549 1423 595 non
1436 538 1530 616 suut,
1548 527 1645 619 quod
1661 528 1984 618 poterimustansen
2001 525 2222 606 Alexandrum

210 641 318 712 luisse
340 638 515 706 celebrare
537 631 637 700 illam
651 630 862 702 ¹senteutiam
877 629 922 698 de
938 629 1201 698 immortalitate
1250 625 1424 718 Magnum
1448 627 1646 713 irritantes,
1676 629 1821 702 interim
1844 631 1884 700 in
1911 653 1986 702 non
2007 635 2112 725 paulo
2132 639 2225 708 nobi·

210 744 428 822 animarum,
452 758 559 829 quam
583 733 743 803 omnium
766 732 964 804 seculorum
985 733 1201 800 cordatiores
1251 729 1353 814 liure,
1378 751 1505 820 nempe
1522 745 1704 822 pectorum
1720 744 1924 804 nostrorum
1940 735 2119 822 scriniolo,
2141 733 2224 810 huuc

210 859 246 916 et
271 839 488 912 honestiores
503 835 575 906 viri
597 847 804 907 tenuerunt:
828 834 983 904 voluisse
1004 833 1200 922 significare
1251 844 1324 901 tam
1358 831 1554 922 preciosum
1591 827 1798 904 thesaurum
1833 835 2047 922 condamus,
2080 851 2115 910 et
2138 839 2224 910 illam

210 949 329 1020 locum
343 967 383 1012 ae
396 941 515 1013 sedem
530 936 687 1030 aliquam
703 960 775 1006 esse
790 949 871 1027 post
884 930 977 1004 hanc
989 936 1112 1020 vitam,
1137 932 1202 1004 ubi
1253 945 1387 1026 partem
1401 933 1691 1023 praestantiorem
1707 959 1747 1004 ac
1763 935 1977 1006 diviniorem
1993 941 2105 1010 nostri
2120 965 2159 1011 eo
2172 966 2227 1034 pa-

211 1051 391 1119 bouorum
406 1040 633 1114 etmalorum
650 1037 788 1108 animae
806 1038 985 1120 viverent,
1011 1037 1115 1106 bonis
1136 1031 1202 1105 ho-
1252 1034 1340 1105 riter
1354 1056 1521 1104 ornemus
1535 1047 1642 1127 atque
1658 1035 1821 1112 ditemrrs.

212 1148 439 1241 nor-quidam
457 1139 664 1226 haberetur,
690 1141 773 1224 mali
794 1140 1040 1230 plecterentur.
1091 1135 1203 1208 Deni-
1339 1133 1440 1223 Quos
1457 1148 1497 1206 ιιι
1512 1130 1810 1225 mihirbessuros,
1835 1161 1923 1232 quas
1938 1140 2082 1214 divitias
2097 1145 2228 1214 narras?

211 1275 280 1346 que
305 1260 443 1319 secutus
466 1259 516 1314 est
538 1243 636 1312 illam
658 1243 843 1326 usitatam,
870 1265 960 1336 qnae
979 1253 1056 1310 tum
1073 1240 1140 1310 luit
1159 1241 1204 1308 de
1254 1236 1347 1306 dicet
1373 1231 1431 1305 hic
1457 1235 1608 1328 aliquis,
1647 1261 1774 1330 nempe
1800 1241 1961 1312 videmus
1987 1257 2022 1314 et
2047 1241 2227 1315 Homerum

212 1349 349 1431 inseris,
374 1344 562 1418 hominurn
576 1343 796 1436 opinionem.
847 1341 930 1412 Nou
940 1365 1046 1422 nova,
1070 1355 1132 1411 ant
1147 1341 1204 1408 in·
1255 1338 1517 1428 egentissimum
1531 1337 1658 1425 luisse,
1682 1364 1762 1409 cum
1779 1341 1925 1426 viveret,
1951 1357 1986 1414 et
2005 1367 2048 1414 er
2062 1347 2229 1438 discipulis

213 1453 353 1538 audita,
376 1463 440 1519 aut
455 1475 474 1518 a
492 1447 673 1516 communi
686 1437 819 1516 iudicio
834 1445 931 1514 illius
948 1444 1055 1514 seculi
1073 1437 1204 1512 abbor·
1255 1441 1329 1510 suis
1343 1433 1462 1508 adhuc
1478 1439 1660 1510 nemiuem
1674 1441 1813 1517 ditasse.
1865 1442 1999 1514 Verum
2018 1440 2085 1516 lroc
2099 1471 2178 1532 esse,
2201 1463 2229 1518 et

213 1555 340 1637 centia,
365 1553 460 1646 quod
477 1541 688 1638 Philosophi
702 1547 879 1631 secernat,
905 1559 1125 1616 commentus
1142 1557 1203 1614 est.
1255 1537 1458 1612 hisuostris
1475 1542 1695 1632 temporibus
1716 1543 1960 1614 uimisverum
1982 1549 2122 1624 scimus.
2170 1549 2229 1620 Sed

214 1661 333 1750 Atque
354 1649 442 1722 haec
466 1665 551 1720 suut
580 1649 641 1718 illa
666 1649 830 1740 capitalia
859 1647 1029 1730 crimina,
1063 1660 1206 1738 propter
1255 1642 1523 1712 meminerimus
1551 1637 1621 1712 boe
1641 1667 1783 1736 quoque
1809 1659 1945 1716 certum
1973 1663 2080 1742 atque
2101 1651 2230 1721 evidens

214 1783 304 1853 qnae
318 1782 343 1826 a
358 1753 505 1824 Platone
520 1749 697 1829 Homerus
718 1749 1046 1833 eriliomulctatur‚
1071 1748 1205 1836 relega·
1256 1757 1504 1834 segramentum
1528 1767 1601 1814 esse
1630 1745 1854 1836 publicarum
1875 1747 2133 1836 calamitatum,
2162 1775 2229 1822 cum

214 1875 276 1933 tur
296 1861 340 1928 ab
363 1857 452 1926 urbe
469 1853 651 1924 Platonica
670 1853 711 1920 in
728 1853 847 1935 nescio
864 1875 952 1944 quas
969 1849 1061 1920 solas
1083 1864 1205 1928 terras,
1255 1847 1323 1916 ista
1340 1844 1456 1916 studia
1478 1844 1526 1913 ita
1540 1847 1718 1916 contemni
1736 1849 1908 1922 videmus.
1962 1849 2038 1920 Nos
2053 1877 2136 1922 vero
2151 1849 2231 1922 nihil

214 1964 260 2033 ad
276 1952 425 2054 Scythas
440 1959 546 2028 credo
562 1968 621 2026 aut
636 1952 886 2036 Garamantes,
910 1973 1024 2044 neque
1042 1951 1078 2019 id
1096 1965 1206 2020 terne-
1256 1949 1342 2018 istae
1371 1945 1561 2015 illiberales
1584 1947 1831 2036 cogitationes,
1865 1963 1899 2020 et
1924 1950 1982 2022 isti
2010 1954 2232 2025 sordidissimi

215 2089 273 2145 re,
299 2084 384 2130 nam
400 2053 674 2153 Chrysostomus
694 2055 793 2126 testis
813 2069 881 2138 est,
907 2055 1011 2124 etiam
1028 2049 1206 2122 Barbaros
1256 2069 1437 2120 sermones
1452 2062 1630 2120 movmnt.
1672 2047 1755 2120 Non
1769 2051 1870 2140 digni
1886 2067 1987 2137 snut,
2012 2055 2075 2148 qui
2092 2051 2145 2125 his
2161 2055 2233 2125 Mu-

215 2180 252 2236 et
278 2162 496 2233 Graecarum
525 2157 793 2247 disciplinarum
827 2158 953 2236 rudes,
994 2155 1206 2244 permulctos
1255 2173 1374 2223 sanim
1391 2147 1500 2218 sacris
1514 2147 1722 2230 initientur,
1747 2165 1809 2222 sut
1825 2153 1864 2220 iu
1882 2149 1950 2224 boc
1971 2149 2195 2228 humanitatis
2206 2169 2234 2228 ct

215 2263 401 2338 Homerici
416 2259 582 2332 carminis
596 2259 799 2346 dulcedine,
823 2259 977 2350 coepisse
993 2252 1084 2326 hane
1098 2277 1206 2326 uuam
1258 2251 1401 2330 virtutis
1422 2249 1589 2320 sacellum
1611 2252 1865 2336 admittantur,
1892 2255 1956 2347 qui
1978 2259 2114 2328 sordidi
2137 2283 2234 2352 queae-

214 2371 266 2440 ols
288 2383 427 2436 causam
444 2359 599 2434 Graecas
619 2360 740 2448 literas
753 2363 957 2448 degustare,
983 2373 1023 2426 ut
1039 2353 1107 2428 hoc
1122 2361 1207 2446 poil-
1256 2367 1332 2423 stus
1353 2350 1463 2441 gratia
1489 2345 1575 2420 baec
1597 2353 1703 2442 long‘e
1721 2357 1977 2446 praestantiora
1993 2359 2089 2428 bona
2105 2363 2234 2450 adsper-

216 2495 274 2540 ma
288 2467 486 2560 perdiscere
501 2475 654 2555 possent,
680 2475 716 2532 ct
729 2465 822 2552 apud
842 2459 950 2530 indos
967 2461 1004 2529 id
1024 2461 1128 2528 etiam
1145 2461 1207 2526 de·
1257 2468 1402 2526 uantur.
1448 2449 1529 2522 Non
1547 2452 1718 2526 distendit
1733 2479 1935 2526 crumenam
1950 2481 2037 2530 auro
2053 2475 2088 2531 et
2102 2476 2233 2551 argento

217 2569 354 2642 cantari
378 2567 533 2637 solitum.
585 2559 644 2633 Ad
668 2586 923 2655 quamcunque¹
940 2562 1048 2651 igitur
1069 2573 1206 2649 gentem
1258 2554 1454 2633 Homerus,
1489 2574 1563 2621 uon
1587 2569 1747 2624 ventrem
1771 2557 2007 2648 pinguedine,
2038 2585 2114 2632 non
2138 2563 2235 2650 cingit

217 2669 410 2744 eGroecia
433 2690 496 2736 sua
522 2665 732 2754 relegaverit
754 2661 950 2734 Honrerurn
974 2661 1095 2746 Plato,
1131 2683 1206 2729 eam
1255 2656 1390 2746 digitos
1411 2655 1596 2744 gemmus
1611 2657 1771 2728 annulis:
1796 2672 1831 2728 at
1847 2672 1939 2728 certe
1959 2677 2132 2744 mentem,
2158 2685 2235 2756 quae

218 2775 317 2844 veluit
333 2769 400 2840 Dei
416 2767 565 2838 alicuius
579 2769 737 2836 adventu
750 2765 868 2838 statim
883 2764 1067 2836 cultiorem
1082 2759 1208 2833 huma·
1258 2757 1512 2850 praestantior,
1528 2780 1627 2848 ¹qnare
1642 2758 1852 2830 immortalis
1868 2783 1947 2852 pars
1965 2765 2078 2834 nostri
2096 2779 2161 2846 est,
2185 2765 2235 2833 iu-

218 2863 1098 2966 nioremqucusuipsiusetconsuetndiuefecerit.
1137 2861 1208 2934 Sed
1258 2859 1423 2950 gentibus
1447 2880 1490 2926 ae
1513 2857 1619 2947 louge
1640 2859 1891 2942 nobilioribus,
1919 2866 2140 2959 aeternisque
2154 2866 2236 2935 divi·

216 2997 400 3070 ,opponere
419 2994 486 3042 nos
504 2971 609 3042 etiam
633 2992 848 3060 possumus,
862 2966 1024 3038 Platonis
1038 2961 1156 3035 hacin
1171 2987 1209 3033 re
1256 2961 1319 3032 tiis
1334 2958 1500 3043 mmulat,
1525 2974 1641 3044 ornat,
1663 2961 1832 3055 ditatque.
1864 2962 1946 3033 Non
1964 2989 2029 3034 nos
2047 2970 2237 3051 absterreat,

218 3076 419 3164 autoritati,
443 3095 658 3144 consensum
677 3071 839 3142 omniurn
860 3069 1075 3162 optimorum
1098 3079 1131 3136 et
1153 3087 1209 3133 sa·
1258 3063 1355 3156 quod
1376 3082 1498 3148 effluis,
1523 3063 1620 3152 quand
1643 3077 1864 3154 contemptus
1882 3065 1951 3136 luit
1968 3065 2145 3140 Homerus
2167 3091 2237 3138 eum

219 3177 522 3274 pientissimorum
553 3169 762 3256 hominum,
800 3171 863 3266 qui
890 3171 1059 3240 omnibus
1083 3166 1209 3237 secrrlis
1260 3164 1407 3244 viveret,
1433 3163 1529 3254 quod
1548 3177 1797 3250 egentessunt,
1820 3168 1881 3258 qui
1899 3162 2237 3258 lrocgenusstudio·

149 3308 152 3320 ·
220 3294 300 3374 post
318 3277 467 3348 Homeri
491 3289 660 3358 aetatem,
678 3275 840 3362 ingenii,
867 3271 1066 3350 doctrinae,
1093 3269 1208 3338 virtu·
1260 3289 1341 3334 rum
1366 3262 1497 3332 colunt.
1549 3263 1760 3336 Communis
1781 3261 2114 3342 haec'estcouditio
2132 3293 2237 3341 rerum

219 3386 284 3464 ris,
310 3393 373 3450 aut
389 3377 580 3470 sapientiae
598 3377 701 3445 laude
714 3378 922 3444 floruerunt.
972 3369 1029 3442 Ex,
1043 3367 1099 3440 his
1114 3369 1208 3439 euim
1256 3367 1496 3457 optimarum,
1523 3377 1562 3434 nt
1578 3365 1648 3434 siut
1668 3381 1894 3457 contemptae
1916 3369 1954 3438 in
1978 3366 2044 3441 hac
2068 3376 2189 3442 misera
2209 3385 2239 3441 et

138 3549 144 3558 ,
219 3509 325 3556 nemo
347 3481 435 3564 luit,
460 3479 522 3572 qui
540 3501 614 3547 non
633 3477 737 3568 pleno
752 3499 813 3546 ore
827 3474 975 3545 Homeri
993 3489 1115 3564 poema
1130 3473 1209 3540 lau·
1257 3469 1364 3560 plena
1389 3489 1548 3534 errorum
1570 3489 1617 3536 ac
1636 3467 1812 3538 caecitatis
1834 3471 1917 3542 vita.
1970 3470 2239 3546 Conclonatores

219 3591 338 3668 daret,
364 3605 440 3652 nou
463 3581 751 3672 amplecteretur,
783 3592 817 3648 et
838 3579 936 3648 velut
957 3577 1120 3646 divinum
1140 3597 1210 3642 nu-
1261 3568 1363 3639 verbi
1374 3566 1508 3652 divini,
1530 3568 1688 3641 ministri
1701 3583 1862 3641 aeternae
1877 3573 2017 3659 salutis,
2044 3577 2108 3666 qui
2121 3577 2239 3646 libere·

218 3712 303 3760 men
327 3687 503 3756 adoraret.
556 3675 783 3752 Archesilaus
799 3680 955 3771 optimus
972 3691 1007 3748 ct
1022 3675 1211 3768 sapientis·
1260 3671 1395 3741 tionem
1412 3681 1577 3754 amorre,
1603 3685 1802 3761 spectato,
1828 3674 1874 3742 ab
1889 3679 2040 3746 aeternis
2053 3676 2238 3748 inferorum
2291 3687 2292 3768 ι

219 3792 329 3862 simus
353 3785 612 3878 Spartanorum
630 3780 726 3870 Her,
760 3803 945 3873 utinquam
968 3780 1129 3850 cubitum
1148 3777 1211 3860 ire,
1262 3771 1496 3850 cruciatibus,
1529 3771 1576 3839 ab
1600 3773 1767 3842 omnibus
1786 3772 1890 3844 malis
1912 3780 2150 3863 annunciant,
2178 3799 2238 3869 qun

219 3913 403 3983 nunquam
419 3911 498 3958 cum
513 3909 533 3955 e
548 3885 638 3954 lecto
653 3881 869 3964 surrexisset,
891 3879 1048 3972 prodire,
1067 3891 1129 3947 aut
1145 3877 1212 3946 ali·
1262 3873 1317 3942 illi
1334 3872 1500 3940 modoab
1520 3872 1630 3964 impio
1644 3887 1679 3944 ct
1701 3875 1941 3965 ingratissimo
1957 3883 2093 3950 mundo
2116 3897 2241 3968 semper

220 3994 308 4090 quid
335 4013 436 4080 agere
465 3989 617 4070 solebat,
652 3985 740 4079 quin
765 3983 864 4076 prius
884 3981 985 4074 quasi
1016 3979 1212 4050 solenniter
1261 3973 1396 4064 accepti
1417 3973 1805 4066 tractatiqueluerunt,
1831 4003 1902 4072 quo
1926 3983 2032 4049 modo
2050 3977 2156 4051 hodie
2176 3995 2240 4049 tra·

220 4092 358 4187 aliquid
375 4116 416 4161 ex
428 4089 585 4160 Homero
601 4087 791 4170 lectitaret,
818 4098 852 4155 et
866 4079 1211 4176 quotiesancgociis
1262 4073 1428 4146 etantur?
1478 4073 1560 4144 Nou
1577 4077 1681 4145 uobis
1696 4079 1827 4148 mirum
1845 4079 1949 4150 valde
1968 4095 2029 4151 aut
2050 4107 2180 4152 novum
2194 4077 2241 4148 vi·
2291 4099 2292 4176 ι

221 4219 371 4267 vacuum
387 4207 524 4282 tempus
540 4191 700 4274 dabatur,
721 4187 839 4258 statim
855 4188 899 4254 ad
915 4183 1111 4254 Homerum
1129 4205 1213 4273 pro·
1263 4176 1341 4248 deri
1363 4177 1488 4261 debet,
1517 4175 1548 4244 si
1571 4201 1627 4246 res
1650 4179 1765 4250 bonae
1789 4181 2036 4270 negliguntur,
2062 4183 2240 4254 deteriores
2291 4177 2292 4252 l

220 4299 378 4394 perabat,
398 4295 443 4364 ad
460 4293 630 4362 amasium
648 4291 857 4382 pullumque
873 4311 976 4358 suum
992 4286 1043 4356 ire
1058 4309 1094 4355 se
1108 4285 1213 4354 dicti·
1264 4291 1387 4350 contra
1409 4279 1529 4368 magni
1557 4278 1663 4364 liant,
1691 4295 1794 4352 vetus
1816 4278 1883 4352 hoc
1905 4295 1956 4353 est
1980 4285 2018 4352 iu
2040 4287 2191 4368 mundo,
2213 4293 2241 4348 et
2291 4281 2292 4326 ἶ

221 4417 311 4474 taus.
361 4395 485 4488 Neque
508 4396 667 4483 ignotum
685 4405 756 4475 est,
781 4403 998 4483 quantopere
1012 4387 1214 4457 Alexander
1264 4380 1519 4450 cousuetudine
1536 4403 1642 4470 prava
1661 4381 1732 4451 iam
1745 4405 1837 4474 pene
1850 4384 2019 4456 usitatum
2037 4409 2111 4456 esse
2129 4381 2241 4473 coepit
2291 4449 2292 4472 ,

129 4551 131 4556 -
222 4501 373 4576 Macedo
391 4498 581 4568 delectatus
598 4493 643 4562 sit
659 4491 809 4562 Homeri
834 4503 1005 4581 poemate.
1056 4485 1214 4558 Cnisive
1264 4480 1761 4572 Noseoutrasiccogitemus,
1788 4509 1861 4556 non
1879 4487 1989 4556 seruit
2003 4487 2161 4581 quaestui
2174 4483 2241 4554 Ho·
2291 4543 2292 4586 ,

221 4606 324 4686 seria,
350 4625 411 4674 seu
429 4599 524 4668 iocos
539 4609 721 4678 tractaret,
747 4594 852 4664 etiam
867 4617 947 4662 curn
963 4603 1160 4661 armaretur
1174 4587 1212 4655 in
1266 4607 1401 4666 merus,
1433 4607 1475 4652 eo
1498 4583 1644 4654 melior:
1672 4587 1885 4676 dedignatur
1907 4588 2002 4658 enim
2029 4590 2159 4673 virtus,
2189 4588 2242 4654 de-
2291 4597 2292 4610 ¹

221 4706 377 4790 hostem,
402 4701 557 4772 carmina
579 4694 728 4766 Homeri
753 4693 932 4764 decantari
952 4694 1129 4762 solebant:
1156 4687 1213 4758 cui
1265 4686 1461 4776 dignantur·
1481 4683 1607 4756 Musae
1632 4702 1808 4776 prostare,
1834 4677 1927 4758 etin
1941 4703 2108 4783 quaestu,
2131 4703 2169 4760 ut
2191 4686 2243 4754 ille

222 4835 302 4883 cum
318 4832 359 4878 er
374 4803 498 4898 spoliis
508 4797 739 4892 Babylonicis
752 4796 905 4886 ingentis
921 4793 1030 4886 precii
1042 4790 1214 4862 scrinium
1266 4789 1332 4866 ait,
1367 4809 1433 4876 pro
1459 4789 1705 4858 meretricibus
1724 4791 1856 4864 sedere.
1916 4789 2149 4862 Meminerint
2170 4807 2242 4857 vcro

222 4937 264 4984 er
280 4935 366 4982 auro
389 4921 423 4978 et
444 4902 596 4996 ,gemmis
618 4913 708 4970 esset
728 4899 907 4982 oblatum,
932 4909 967 4966 et
982 4893 1110 4966 caeteri
1124 4893 1216 4962 alius
1267 4889 1342 4974 illi,
1368 4887 1430 4986 qui
1456 4890 1501 4958 ad
1526 4889 1715 4959 utilitatem
1735 4915 1833 4960 saram
1851 4892 1972 4962 omnia
1992 4894 2166 4977 referunt,
2190 4885 2241 4981 qui
2291 4969 2292 4982 χ

222 5015 284 5083 alii
303 5011 383 5083 usui
402 5011 447 5080 ad
469 5028 524 5076 res
546 5003 724 5096 preciosas
746 4999 983 5069 adservandos
1005 4999 1043 5068 id
1059 4995 1216 5066 destina·
1269 4991 1488 5082 possessione
1521 4991 1697 5060 bonorum
1728 4994 1893 5062 fortunae
1925 4995 2149 5066 foelicitatem
2179 5011 2244 5059 rne-

222 5129 322 5198 rent,
346 5108 533 5204 'respondit
555 5105 771 5176 Alexander:
804 5099 906 5171 Nulli
929 5099 981 5169 rei
1003 5098 1115 5190 magis
1137 5095 1216 5166 ido·
1268 5093 1411 5164 tiuntur
1443 5093 1607 5184 amplecti
1638 5115 1674 5160 se
1706 5094 1844 5183 fragilia
1874 5108 1908 5165 et
1935 5093 2244 5168 inconstantissimo

223 5239 326 5282 neam
342 5237 414 5283 esse
429 5235 505 5282 eam
530 5207 705 5290 arculam,
731 5225 837 5296 quam
850 5198 1044 5271 Homerico
1057 5198 1217 5292 poe‘mati
1269 5197 1381 5276 bona,
1409 5207 1515 5287 atque
1535 5193 1605 5284 ipsi
1629 5193 1734 5264 etiarn
1757 5197 1948 5286 possessori
1970 5221 2070 5289 saepe
2093 5191 2245 5270 exitialia,

224 5315 452 5383 asservando:
480 5308 702 5381 nobilissimo
719 5305 814 5384 enirn
825 5298 994 5375 &esaum
1006 5325 1082 5372 non
1099 5299 1218 5368 minus
1268 5297 1450 5390 uniusque
1469 5292 1617 5364 buculae
1633 5311 1812 5367 neomento
1827 5299 2027 5368 universam
2043 5300 2138 5368 illam
2155 5291 2245 5363 sorli-

227 5413 347 5482 nobile
364 5414 566 5496 vasculum,
592 5409 716 5505 inquo
741 5417 992 5497 reponeretur,
1015 5400 1218 5473 convenire.
1270 5397 1437 5478 citataru,
1468 5421 1575 5490 seque
1597 5400 1685 5468 adeo
1714 5397 1810 5489 ipsos
1833 5399 1994 5471 funditus
2018 5399 2124 5470 everti
2143 5413 2243 5488 posse·
