4688 5826
70 245 138 322 aut
531 231 691 312 DECL.
718 229 818 308 ·u1t
842 224 1179 307 -DlGNlTA'l'E
1207 217 1662 332 asuttouostau.
1904 318 1908 326 ι
2019 223 2108 304 m

61 423 217 522 Cyrstti,
244 414 446 517 quemcum
462 406 703 486 Athenienses
714 409 858 479 drumm
871 406 959 478 utile
972 428 1061 476 con·
1112 407 1230 474 altram
1244 397 1427 472 ,noticiam
1443 419 1532 478 esse,
1562 397 1624 468 sed
1640 395 2101 494 addiderant-'ethmun-

71 526 210 617 silium²
249 525 310 594 sed
344 517 593 600 inhonestum,
632 511 810 604 lapidibus
841 509 1060 591 obruissent,
1113 515 1186 574 tere
1197 502 1321 574 utilem
1337 502 1382 572 ad
1400 500 1509 572 vitam
1523 518 1615 572 esses
1639 499 1688 572 ita
1700 499 1765 590 e'go
1782 513 1964 596 utrunque
1978 504 2101 598 dispo.

69 630 233 702 mulieres
250 605 355 698 eliam
369 615 605 692 Athenienses
617 614 696 684 eius
713 635 859 686 uxorem
880 611 1060 703 lapidare-
1112 605 1206 689 tabo,
1224 618 1258 674 et
1269 625 1386 674 veram
1396 625 1469 672 esse
1478 603 1676 676 doctrinam
1687 604 1730 673 de
1745 603 1955 676 coelestibus
1967 605 2101 678 effecti„

70 748 166 804 fflsslt
195 744 332 802 taniam
353 747 427 794 0⁸⁸0
443 723 516 789 vim
536 715 729 788 bont-'stalla
743 710 983 788 Athenienses
996 733 1057 781 vo·
1109 707 1177 778 bus
1192 721 1227 776 et
1249 727 1394 794 megarae
1408 707 1453 776 ad
1472 705 1581 774 vitam
1604 704 1773 774 utilitates
1791 703 1928 779 afferre.
1980 706 2100 802 Atque
2154 781 2157 786 ι

70 837 229 918 luerunt,
257 844 298 904 ut
311 822 406 898 novo
422 821 582 914 exemplo
604 831 770 912 putarent
786 819 825 886 in
844 815 924 886 eurir
942 816 1058 884 anim·
1111 805 1168 879 hic
1179 807 1364 900 ‘principio
1379 831 1399 876 a
1416 805 1517 876 vobis
1532 819 1630 896 peto,
1658 808 1754 900 quod
1771 806 2021 900 aequissimum
2039 827 2101 898 est,

70 941 254 1006 adversum
272 953 365 1016 esse,
396 926 459 1022 qui
481 924 669 996 utilitatem
694 921 958 1000 anteferendam
986 939 1058 986 esse
1110 934 1155 980 ue
1178 909 1365 981 conferatis
1387 909 1424 976 in
1440 921 1553 1010 artem
1568 921 1683 978 errata
1700 907 1891 994 artificum,
1916 935 1987 1003 qua
2000 913 2045 982 de
2058 923 2099 985 're

71 1041 258 1110 iudicasset
272 1029 459 1103 honestati.
507 1023 611 1095 Talia
626 1037 834 1094 ornamenta
850 1033 928 1112 apte
943 1033 1057 1089 trans-
1110 1013 1251 1102 longius
1267 1006 1355 1083 milri
1371 1011 1562 1080 dicendum
1580 1021 1686 1094 esset,
1720 1009 1791 1078 nisi
1812 1013 1907 1102 apud
1931 1015 2097 1086 eruditis„

70 1143 133 1212 lata
145 1130 628 1232 linlnostrsm-orationem,
665 1149 739 1194 non
766 1126 874 1194 modo
899 1121 1058 1213 gratiam,
1109 1116 1216 1184 simos
1240 1109 1402 1182 homines
1430 1108 1617 1182 haberetur
1646 1112 1773 1183 oratio.
1832 1109 1904 1182 Sed
1923 1115 2021 1186 aliud
2046 1133 2098 1190 est

70 1247 125 1314 sed
148 1243 257 1313 etiam
279 1235 504 1308 autoritatem
525 1229 729 1300 conciliant.
781 1225 896 1318 Supra
915 1223 991 1294 dixi
1013 1225 1056 1292 de
1109 1217 1260 1302 crimen,
1293 1215 1516 1308 quodetiam
1540 1215 1634 1304 apud
1662 1215 1784 1286 doctos
1808 1209 1964 1287 detrahit
1991 1219 2096 1290 fidem

70 1346 183 1416 verbis
205 1335 241 1413 et
263 1335 448 1411 sententiis
469 1331 715 1422 excerpendis5
741 1322 826 1397 haec
841 1351 925 1396 vero
944 1325 1058 1394 maior
1109 1320 1194 1402 arti,
1220 1321 1314 1412 quod
1333 1317 1495 1386 videlicet
1519 1315 1557 1384 in
1574 1310 1639 1384 hac
1657 1315 1794 1388 infinita
1810 1339 1953 1388 casuum
1970 1315 2099 1392 huma-

68 1449 131 1518 erit
148 1445 305 1528 utilitas,
332 1441 488 1528 integros
508 1436 604 1504 locos
621 1430 748 1502 ordine
763 1451 993 1520 cognoscere,
1024 1440 1057 1494 et
1111 1445 1237 1494 norum
1261 1419 1447 1502 varietate,
1483 1431 1539 1488 ars
1563 1417 1635 1508 ipsa
1660 1441 1735 1488 uon
1765 1419 1946 1509 praevidet
1967 1425 2098 1495 omnia.

70 1574 189 1622 eorum
202 1550 335 1616 formas
351 1555 482 1624 tenere,
501 1559 587 1630 quas
601 1534 657 1604 vel
674 1533 866 1616 imitemur,
881 1531 937 1600 vel
952 1551 1055 1598 usur·
1109 1522 1246 1613 Negant
1261 1523 1370 1611 igitur
1388 1515 1549 1590 homines
1565 1519 1658 1588 acuti
1681 1533 1816 1608 artem,¹
1835 1514 1903 1592 hoc
1920 1535 1992 1607 est,
2015 1527 2098 1596 unt.

69 1673 189 1746 pemus
207 1669 289 1718 cum
304 1667 393 1738 opus
410 1643 497 1720 erit,
523 1638 606 1732 quia
623 1659 702 1705 cum
720 1633 840 1704 omnia
858 1633 1001 1723 negocia
1018 1631 1054 1699 in
1110 1626 1278 1695 versalem
1297 1637 1331 1694 et
1346 1635 1549 1714 perpetuam
1564 1621 1761 1690 doctrinam
1779 1622 1929 1700 existere,
1941 1635 2042 1716 posse
2057 1651 2097 1698 α

70 1758 136 1824 vita
160 1753 367 1821 referuntur
386 1746 431 1814 ad
455 1742 542 1814 tales
565 1740 678 1822 locos,
704 1758 845 1806 necesse
866 1748 917 1804 est
938 1747 978 1805 ut
996 1759 1053 1802 co·
1110 1726 1381 1820 particularibus
1402 1747 1595 1816 paucorum
1622 1737 1813 1794 eventuum
1839 1725 2098 1800 observationi-

68 1859 163 1950 piose
180 1855 372 1922 instructos
387 1862 492 1940 atque
506 1855 647 1934 paratos
663 1835 864 1922 habeamus,
890 1861 930 1906 ac
944 1835 1055 1906 sicubi
1111 1832 1186 1910 bus,
1208 1828 1307 1920 quasi
1323 1849 1405 1896 vero
1423 1839 1483 1896 aut
1492 1823 1678 1896 Medicina
1692 1827 1836 1896 morbos
1852 1841 1953 1900 curet
1965 1853 2098 1918 ornnes,

70 1962 216 2028 dcemnt
237 1949 304 2022 hae
325 1971 426 2042 opes,
459 1947 489 2015 is
514 1943 651 2014 nullam
674 1963 814 2010 causam
837 1963 951 2032 neque
965 1951 1056 2008 recte
1110 1945 1169 2002 aut
1192 1930 1333 2022 politica
1349 1927 1519 2020 sapientia
1536 1949 1659 1996 omnes
1674 1925 1897 2020 Rerumpub.
1911 1941 2099 2023 tempesta-

9 2043 14 2054 ’
70 2060 241 2141 iudicare,
265 2076 380 2147 neque
395 2051 489 2120 clare
501 2067 675 2138 exponere
692 2041 833 2134 poterit.
887 2039 980 2114 Dixi.
1111 2049 1160 2106 tes
1179 2033 1395 2124 prospicere,
1419 2029 1554 2100 mederi
1575 2029 1743 2098 omnibus
1760 2029 1995 2102 incommodis
2016 2043 2099 2126 p'os-

1108 2135 1164 2206 sit.
1204 2131 1252 2204 Et
1271 2148 1388 2204 tamen
1410 2133 1674 2202 concedendum
1692 2143 1761 2210 est,
1788 2134 1898 2204 inulta
1914 2135 2098 2230 utriusque

77 2249 1056 2312 -n--ss--w-fflffl
1109 2237 1194 2308 artis
1205 2259 1284 2304 vera
1292 2249 1325 2306 et
1339 2235 1438 2304 firma
1454 2247 1636 2324 praecepta
1654 2255 1737 2313 esse,
1752 2245 1786 2302 et
1799 2235 1964 2306 advitam
1982 2239 2096 2314 utilia.

85 2417 114 2488 N
171 2411 220 2486 35
895 2421 931 2460 m
964 2399 1045 2462 1535
1112 2339 1164 2410 lta
1187 2351 1270 2408 sunt
1295 2333 2098 2431 huiusdivinatricisveraequaedametper'·

82 2443 259 2543 gmg·
879 2445 1055 2518 ..μ-ψ’
1111 2457 1233 2533 petrrae
1263 2437 1552 2528 significationes,
1588 2435 1772 2526 pauciores
1801 2436 1967 2524 fortasse,
2003 2437 2097 2514 niltil

292 2611 362 2702 Di
439 2607 467 2690 ‚t
548 2601 717 2686 amolo
753 2598 824 2682 iae
1110 2543 1204 2614 enim
1220 2540 1423 2620 dissimulo,
1450 2561 1556 2632 quarn
1574 2535 1817 2624 Medicomm3
1841 2551 1923 2610 uam
1941 2536 2098 2616 haecars

360 2635 447 2732 gill
468 2633 519 2690 αθ
715 2625 749 2716 9
825 2659 835 2682 ·
942 2697 947 2708 .
1108 2656 1269 2714 versatur
1288 2643 1328 2714 in
1352 2643 1457 2714 rebus
1482 2640 1605 2730 procul
1629 2639 1788 2731 positisa
1809 2655 1930 2716 nostro
1950 2665 2098 2738 conspe-

137 2788 217 2870 md
236 2787 400 2872 &braya
425 2781 604 2904 ⁹'⁴¹⁸⁸qll²’
635 2777 664 2831 tn
682 2771 833 2830 nentina.
855 2771 923 2829 ΤΛ.
949 2771 1057 2844 p.sta„
1109 2761 1183 2831 ctn;
1217 2758 1251 2816 et
1285 2767 1364 2815 cum
1390 2738 1578 2812 hominum
1613 2753 1887 2832 temperamenta
1913 2769 2098 2842 moresque

88 2927 94 2944 Ι
169 2867 288 2921 serves.
305 2859 338 2915 T·
353 2859 374 2912 t.
393 2853 495 2926 affl·
513 2861 541 2906 τι
584 2848 685 2934 utart.
704 2845 738 2898 Τ·
751 2841 774 2898 ¹·
793 2861 819 2916 t·
831 2841 892 2896 ⁴⁷³·
1109 2847 1278 2918 diiudicet
1300 2858 1333 2916 et
1353 2845 1564 2914 vaticinetur
1587 2844 1632 2914 de
1653 2843 1784 2916 futuris
1801 2845 2034 2920 maximarum
2058 2851 2097 2920 in

1109 2950 1178 3019 vita
1196 2972 1314 3018 rerum
1336 2945 1609 3029 mutationibus,
1637 2944 1806 3018 divinitas
1829 2949 2001 3040 quaedam
2016 2931 2099 3024 'esse

75 3137 230 3208 araone
255 3127 528 3222 assessorum
563 3137 587 3185 a
618 3107 783 3184 ¹0⁶0⁵⁰
815 3103 1052 3192 M⁶²⁵⁰l²³⁰2
1108 3053 1263 3224 lilii
1277 3047 2100 3241 aadsultat?tttttttlt‘tllt:

362 3245 460 3296 “mm
482 3221 533 3291 Μ·
547 3213 763 3288 D‘XXXV·
1109 3281 1187 3326 rum
1205 3254 1356 3332 artium,
1381 3252 1465 3322 artis
1482 3247 1551 3319 boo
1568 3251 1804 3340 magnitudini
1820 3253 2008 3326 tribuatur.
2050 3254 2099 3331 Et

73 3375 215 3479 Optime
243 3375 446 3448 institutum
475 3383 544 3454 est,
576 3381 617 3436 ut
641 3368 680 3435 in
708 3359 763 3433 his
786 3359 992 3456 spectaculis
1013 3359 1056 3428 de
1109 3358 1254 3451 quidem
1275 3379 1316 3425 eo
1335 3355 1466 3424 maiore
1484 3375 1567 3424 eura
1585 3353 1940 3450 qraantulumcunque
1961 3371 2013 3428 est
2030 3353 2098 3430 ltu-

72 3489 240 3580 dignitate
273 3481 402 3550 artium
437 3488 472 3544 et
501 3475 544 3542 de
571 3469 741 3537 virtutum
773 3465 878 3532 laude
910 3461 1056 3543 dicatur,
1110 3461 1164 3529 ius
1194 3458 1299 3535 artis,
1336 3458 1432 3548 qarod
1460 3453 1577 3547 superi
1609 3469 1852 3526 monstrarunt
1879 3454 2098 3542 hominibus,

71 3593 161 3688 quod
179 3611 219 3658 ea
233 3581 348 3654 oratio
364 3603 444 3650 cum
461 3577 504 3646 ad
528 3571 713 3641 lormanda
737 3567 868 3638 iudicia
891 3563 1051 3630 inventu·
1109 3558 1310 3630 conservari
1338 3561 1463 3647 debet,
1493 3581 1534 3626 eo
1565 3557 1700 3628 maiore
1730 3557 1848 3628 studio
1880 3559 2098 3635 intendenda

70 3697 128 3776 tis,
153 3706 243 3763 tum*
259 3687 304 3756 ad
325 3679 567 3753 accendendos
589 3661 727 3744 animos
750 3670 796 3738 ad
816 3689 973 3736 amorem
993 3665 1055 3732 bo-
1109 3685 1206 3732 mens
1228 3675 1280 3731 est
1308 3660 1346 3728 in
1371 3654 1433 3728 has
1462 3657 1754 3745 significationes,
1786 3683 1877 3752 quas
1899 3677 2099 3754 compertae
2117 3665 2132 3679 ’
2189 3731 2192 3738 ,

71 3817 194 3864 narum
219 3811 357 3870 rerum,
392 3801 556 3870 magnam
579 3777 650 3842 vim
670 3768 788 3842 habet.
841 3765 918 3838 Etsi
941 3781 1055 3836 autern
1109 3777 1203 3849 siant,
1228 3787 1310 3832 narn
1325 3757 1452 3830 hortun
1468 3783 1610 3853 quoque
1625 3761 1777 3831 maxima
1794 3760 1846 3830 vis
1864 3775 1926 3843 est,
1949 3777 1984 3836 et
2000 3767 2095 3837 mul.

71 3897 254 3990 praccipue
278 3889 367 3958 solet
388 3887 431 3952 acl
453 3877 646 3950 iuventutis
668 3875 856 3944 utilitatem
882 3864 951 3940 hoe
978 3869 1055 3938 loco
1108 3868 1217 3958 tiplex
1235 3865 1271 3934 in
1288 3863 1357 3934 vita
1373 3863 1518 3934 utilitas.
1554 3859 1634 3932 Non
1647 3863 1762 3932 solum
1777 3861 1901 3954 inepti,
1917 3867 1979 3935 sed
1994 3869 2105 3938 etiarn

72 3991 326 4070 accommodari
353 3985 487 4070 oratio,
519 3968 637 4050 tamen
669 4000 714 4044 ne
746 3973 891 4044 caeteris
912 3971 1054 4064 quidem
1110 3967 1264 4059 improbi
1277 3977 1377 4048 stant,
1403 3965 1464 4058 qui
1481 3964 2100 4054 falsispersuasionibusornareaut

70 4103 175 4170 ullam
191 4117 353 4167 acroama
371 4104 423 4160 est
439 4083 642 4166 iucundius,
668 4101 773 4172 qtranr
790 4076 917 4145 artium
934 4088 968 4142 st
985 4072 1055 4140 vir·
1108 4070 1322 4161 amplificare
1338 4082 1429 4136 artes
1445 4079 1629 4140 coutantur.
1660 4062 1734 4156 Ego
1751 4065 1904 4156 ingenue
1919 4071 2098 4160 profiteor,

71 4219 181 4274 tutum
196 4185 378 4278 encomia,
404 4198 544 4284 qnas'ut
558 4185 708 4278 quisque
724 4177 907 4266 intelligit,
933 4177 979 4246 ita
996 4197 1057 4242 ve-
1109 4197 1181 4240 non
1208 4169 1369 4238 omnium
1392 4182 1582 4236 eventuum
1608 4166 1881 4255 significationes
1903 4185 2098 4264 compertas

72 4300 332 4376 hamentissime
353 4292 563 4364 admiratur.
615 4283 736 4373 Quare
758 4281 822 4352 etsi
850 4276 964 4348 oratio
989 4299 1048 4344 no·
1109 4295 1200 4357 esse,
1227 4275 1285 4339 sed
1306 4271 1398 4338 idem
1415 4269 1552 4340 allirmo
1570 4269 1697 4338 multas
1714 4292 1787 4354 esse
1803 4284 1915 4344 certas
1933 4275 2099 4354 minime-

73 4423 135 4478 stra
154 4405 273 4498 aptior
295 4401 415 4472 lutura
432 4406 506 4462 crat
528 4385 724 4470 iuventuti,
748 4397 868 4454 tamen
889 4402 935 4450 ne
958 4377 1055 4446 vobis
1108 4399 1175 4469 que
1199 4374 1339 4442 fallaces
1361 4371 1651 4461 significationes,
1678 4393 1763 4465 quas
1785 4372 1815 4444 si
1832 4373 1913 4467 quis
1935 4375 2099 4450 animarat.
2134 4459 2138 4464 Ι

73 4509 209 4604 quidem
227 4507 403 4594 ingratam
418 4497 494 4566 fore
509 4489 662 4571 conlido,
689 4509 840 4580 quorum
856 4508 927 4576 quo
944 4479 1056 4548 maior
1109 4476 1270 4554 verterit,
1305 4495 1473 4562 magnum
1496 4475 1539 4542 ad
1564 4476 1752 4562 regendam
1778 4487 1942 4546 naturam
1968 4493 2002 4552 et
2024 4482 2100 4572 pla-
2202 4515 2204 4520 ·

74 4627 119 4681 est
141 4609 297 4680 eruditio
317 4617 351 4675 et
372 4595 583 4693 prudentia,
613 4615 654 4662 eo
678 4588 789 4676 magis
801 4579 977 4666 'delectari
995 4605 1056 4650 sos
1108 4602 1235 4672 rosque
1258 4577 1420 4646 fortunae
1440 4575 1592 4666 impetus
1608 4576 1877 4663 gubernandos,
1899 4581 2101 4654 adminicu-

73 4713 280 4804 rogitatione
294 4708 369 4799 ipsa
388 4701 518 4772 artium
535 4695 700 4764 arbitror.
738 4687 863 4758 Dicam
880 4697 998 4758 autem
1013 4685 1055 4754 de
1109 4683 1182 4756 lum
1205 4673 1323 4752 habet.
1376 4679 1555 4750 Extenuat
1584 4671 1683 4746 hane
1699 4690 1811 4748 artem
1843 4692 1877 4750 et
1900 4677 2099 4758 Favorinus

75 4837 108 4883 ea
129 4829 227 4906 parte
246 4803 486 4893 Astrologiae,
514 4820 604 4891 quae
618 4797 663 4864 de
688 4793 852 4886 syderum
874 4788 1056 4861 effectibus
1108 4787 1200 4874 apud
1217 4779 1395 4869 Gellium,
1423 4791 1457 4849 et
1479 4779 1566 4850 dicit
1582 4801 1690 4867 pauca
1709 4781 1883 4873 quaedam
1896 4787 2099 4876 praevideri

75 4913 108 4983 in
128 4931 254 4988 natura
277 4908 448 4982 inferiore
462 4903 630 4992 disputat.
683 4893 793 4986 ldque
810 4903 1054 4979 argumentum
1108 4879 1445 4978 παχυμερέστερον,
1482 4905 1556 4954 nou
1582 4881 1698 4950 solum
1723 4905 1798 4950 non
1824 4905 2002 4974 repugno,
2035 4891 2098 4960 sed

77 4987 262 5110 eo‘sumpst
284 5009 473 5092 libentius,
499 5001 582 5098 quia
609 4992 698 5070 milri
711 5005 785 5064 non
804 4993 842 5062 iu
863 4993 964 5063 turba
989 4991 1056 5058 im-
1107 4990 1212 5058 'ctiam
1228 4988 1391 5078 plausum
1406 4985 1466 5067 do,
1491 4985 1587 5076 quod
1601 4983 1651 5054 ait
1666 4979 1998 5080 παχυμερέστερον,
2014 5000 2102 5060 'am-

79 5121 263 5208 peritorum
274 5109 300 5195 ‚'
317 5115 377 5183 sed
401 5109 496 5200 apud
519 5101 680 5174 homines
703 5101 827 5168 doctos
842 5109 877 5166 et
892 5088 1055 5164 Philoso-
1110 5086 1471 5181 plissimopraeconio
1488 5086 1627 5158 ornavit
1642 5100 1771 5166 artem,
1796 5086 1971 5179 siquidem
1989 5113 2099 5185 quae.

79 5213 173 5310 plriae
201 5219 360 5300 deditos,
389 5209 581 5280 dicendum
609 5225 682 5272 esse
708 5198 958 5289 intelligebam·
1008 5189 1056 5266 Ut
1107 5191 1242 5260 damin
1260 5204 1384 5260 natura
1399 5197 1460 5284 aut
1480 5188 1640 5258 moribus
1657 5187 1843 5278 praecipua
1864 5189 2101 5268 animaduerti

82 5335 185 5391 autem
205 5317 336 5392 Graeci
360 5309 537 5386 Rhetores
558 5315 696 5377 summa
718 5301 908 5395 prudentia
930 5297 968 5366 in
992 5297 1055 5364 de-
1109 5317 1211 5386 posse
1233 5292 1367 5384 inquit:
1393 5285 1444 5360 At
1459 5313 1500 5360 ear
1516 5285 1572 5359 his
1595 5283 1757 5358 homines
1776 5311 1915 5380 sagaces
1942 5294 2097 5384 plurima

76 5421 230 5495 ¹finitione
254 5421 341 5494 artis
355 5417 522 5488 dixemnt
545 5419 655 5480 artem
671 5427 746 5476 nou
761 5405 876 5476 solum
894 5411 1056 5493 oportere
1108 5409 1226 5504 postea
1250 5394 1433 5566 iudicanlt.⁷
1441 5486 1462 5528 ῃ
1472 5389 1610 5504 Videtis
1631 5392 1669 5460 in
1690 5391 1851 5467 moribus
1863 5417 1971 5487 quam
1984 5397 2097 5474 mult,

74 3035 197 3104 (trotio
222 3023 270 3098 de
287 2983 480 3116 dignitate
498 3011 746 3106 astrologiae,
774 3001 881 3076 dicta
906 3008 947 3076 in
969 3023 1055 3094 pro·
