4718 5828
227 183 280 292 sr‘
669 209 832 290 ouer.
869 212 946 288 nn
986 171 1213 290 srunro
1251 177 1606 290 nocrutuan
1646 207 1810 291 raon
2229 219 2284 292 co

230 411 301 482 quo
312 385 516 458 discrimine
531 385 607 479 ipse
622 385 765 480 quidem
781 379 849 456 hoc
863 387 943 458 loco
959 388 1129 474 dicerem,
1152 379 1224 458 nisi
1276 399 1351 456 tum
1376 385 1469 456 male
1495 385 1655 458 consciae
1676 389 1806 460 mentis
1822 411 1953 481 pavor,
1977 389 2109 486 quibus
2128 391 2292 485 qnando

93 559 98 570 ,
229 485 479 562 dehortaretur
500 490 699 578 argumenti
723 489 920 562 difficultas.
980 489 1129 571 Verum,
1156 486 1224 561 hoc
1277 512 1400 574 cremo,
1425 501 1466 560 ut
1488 485 1641 576 Paulus,
1671 494 1855 578 medetur,
1880 515 1955 562 non
1971 506 2023 564 est
2044 495 2294 564 curalterius

119 621 133 638 ν
232 591 339 661 velim
367 591 535 662 omnibus
558 587 770 660 Christianis
800 593 979 662 mentibus
1004 579 1224 684 persuasum,
1275 591 1453 660 desideres
1483 593 1625 682 epodas.
1684 590 1775 662 Nam
1803 593 2016 666 saevientem
2042 596 2292 687 cupiditatem

231 715 375 788 prorsus
391 693 488 764 alind
505 715 578 762 esse
588 687 917 774 Christianismum,
943 719 1049 787 quam
1064 695 1120 763 vel
1137 688 1224 764 Phi·
1275 692 1336 761 alii
1358 715 1421 783 per
1450 691 1545 782 leges
1567 687 1754 766 cohercere
1783 696 1938 768 student.
1997 693 2068 768 Hic
2087 692 2292 770 Christum

232 790 449 887 losophiam,
474 795 531 864 vel
546 807 749 863 nostrorum
775 788 962 866 hominum
979 791 1223 886 Theologiam.
1275 793 1376 864 illum
1392 808 1553 866 nostrum
1570 789 1732 881 exhibet,
1757 796 1820 889 qui
1843 796 1882 866 in
1903 792 1971 868 hoc
1985 822 2127 870 carnem
2143 799 2292 885 induit,

231 895 315 968 Alia
329 898 373 966 ad
389 896 555 966 virtutem
571 896 627 964 via
642 909 713 980 est,
736 895 827 966 alius
841 897 1019 968 bonomm
1035 897 1133 983 linis,
1153 899 1224 967 alia
1276 908 1316 966 ut
1339 897 1507 988 expiaret.
1563 894 1687 990 Neque
1707 897 1877 990 praecipit
1898 901 2005 970 modo
2023 901 2291 992 imperandum

232 994 388 1070 hominis
401 991 590 1090 εὐθυμία,
610 1021 715 1090 quam
731 999 936 1088 praescribit
947 997 1098 1084 Paulus,
1118 1023 1224 1093 quarn
1276 995 1418 1084 auimo,
1442 999 1504 1066 sed
1520 999 1794 1084 sumostendit,
1820 1001 1884 1094 qui
1900 999 1993 1070 vires
2006 1003 2112 1072 addat
2127 1003 2290 1094 pericli-

230 1123 322 1194 quae
342 1093 645 1190 Philosophorum
674 1093 805 1168 scholis
832 1103 990 1190 dpcetur.
1055 1101 1225 1172 Miseram
1276 1098 1379 1174 tanti.
1436 1095 1511 1168 lam
1541 1123 1625 1170 vero
1656 1101 1712 1170 vol
1733 1125 1847 1172 unum
1872 1103 1992 1193 proles
2013 1103 2076 1196 qui
2099 1104 2291 1189 docuerit,

229 1199 410 1292 Rempub.
433 1196 693 1286 Christianam,
729 1225 819 1295 quae
851 1203 925 1294 ipsa
948 1201 1005 1272 sui
1024 1204 1153 1284 oblita,
1186 1203 1223 1272 in
1276 1201 1456 1294 quomodo
1480 1200 1572 1270 male
1594 1203 1770 1270 consciam
1785 1217 1960 1294 mentem,
1987 1205 2023 1274 id
2040 1209 2138 1296 quod
2156 1206 2288 1298 pluri-

231 1303 366 1374 alienas
386 1297 524 1374 scholas
546 1304 688 1382 detrusa
713 1315 784 1388 est,
817 1303 890 1374 imo
914 1328 1004 1398 quae
1026 1305 1123 1376 iuxta
1139 1303 1243 1374 scria
1278 1325 1375 1370 mum
1392 1301 1430 1369 in
1446 1301 1553 1372 rebus
1565 1298 1779 1372 Christianis
1793 1305 1918 1384 rciert,
1942 1307 2146 1376 consoleris.
2193 1306 2288 1378 Non

231 1418 391 1496 pturam,
424 1404 659 1475 contubernio
683 1401 944 1490 Moabitidum,
976 1405 1128 1476 alienam
1154 1406 1227 1476 lin·
1277 1426 1367 1493 nego
1399 1402 1613 1490 casalonos,
1647 1405 1778 1496 quibus
1811 1406 1987 1476 adflictam
2020 1408 2288 1478 conscientiam

232 1529 357 1598 guam,
387 1505 498 1576 oblita
522 1507 672 1596 patriae,
703 1505 842 1578 didicit.
903 1505 1022 1596 Quam
1046 1508 1226 1578 calamita·
1277 1504 1469 1576 consoleris
1500 1505 1596 1576 etin
1627 1507 1775 1600 reliquis
1795 1507 1988 1600 scripturae
2014 1511 2288 1595 voluminibus,

233 1621 305 1679 tem
333 1631 407 1676 non
440 1608 543 1677 video
567 1609 626 1678 cui
647 1608 856 1692 debeamus,
895 1610 965 1678 nisi
991 1609 1125 1678 insanis
1151 1610 1226 1680 istis
1277 1609 1338 1676 sed
1363 1606 1616 1688 subobscuros,
1649 1621 1682 1678 et
1705 1633 1857 1702 quorum
1880 1609 2001 1680 nullus
2023 1633 2107 1681 usus
2130 1612 2287 1682 tuturus

233 1707 416 1800 Magistris
442 1711 591 1794 nostris,
631 1710 693 1804 qui
727 1733 764 1780 se
798 1711 981 1801 imperitae
999 1697 1247 1804 'plebeculae,‚
1278 1721 1371 1792 erat,
1403 1709 1473 1778 uisi
1497 1731 1516 1778 a
1540 1705 1653 1778 Paulo
1678 1711 1845 1781 illustrati
1866 1725 1991 1780 esseut.
2045 1709 2088 1782 ln
2104 1707 2317 1784 humanis¹

234 1811 403 1882 ementito
426 1811 609 1882 doctrinae
633 1811 759 1898 titolo,
792 1812 989 1888 venditant.
1041 1811 1226 1886 Praetereo
1278 1809 1450 1882 doctrinis
1479 1831 1570 1898 nego
1599 1812 1741 1880 esseio
1775 1811 2001 1897 uuiversum,
2042 1814 2106 1905 qui
2134 1815 2287 1884 sauciae

234 1936 342 2007 quaro
357 1914 522 1984 adcurate
534 1915 663 1984 formet
681 1912 812 1984 Pardus
827 1937 950 1986 omnes
965 1909 1152 1986 bominum
1167 1939 1228 1984 or·
1277 1911 1389 1982 menti
1406 1912 1539 1980 mederi
1556 1913 1677 2001 possit.
1729 1911 1805 1982 lmo
1828 1913 1916 2006 quid
1930 1927 2038 2002 agunt
2053 1916 2151 1986 aliud
2167 1911 2286 1986 scho-

234 2014 355 2100 dines,
405 2013 609 2106 Principes,
659 2010 871 2108 Episcopos‚
912 2016 1076 2103 invenes,
1117 2041 1228 2102 senes,
1278 2013 1337 2082 lici
1366 2012 1582 2095 doctorculi,
1610 2037 1719 2106 quam
1749 2027 1789 2084 ut
1812 2015 1989 2095 adflictam
2017 2018 2285 2088 conscientiam

233 2130 432 2188 matronas:
471 2140 554 2212 narn
584 2111 670 2187 haec
707 2118 855 2188 fortasse
884 2121 1088 2212 communia
1120 2115 1229 2190 habet
1277 2137 1422 2206 prorsus
1445 2113 1692 2186 excarnilscent
1711 2128 1745 2185 et
1762 2116 1933 2186 enecent?
1962 2116 2000 2186 id
2015 2120 2111 2211 quod
2127 2133 2181 2188 est
2201 2143 2286 2190 cer-

234 2242 315 2288 cum
341 2219 422 2288 aliis
449 2219 557 2287 sacris
575 2219 844 2311 scriptoribus..
875 2217 978 2290 Hanc
1000 2223 1071 2294 sibi
1085 2222 1227 2292 laudem
1278 2241 1362 2300 nere
1387 2217 1425 2285 in
1448 2217 1613 2286 formulis
1635 2241 1798 2301 castrum,
1826 2219 1995 2304 summis,
2027 2243 2115 2312 quas
2131 2234 2285 2302 vocant,

234 2321 381 2412 proprie
406 2320 580 2405 vindicat,
613 2323 709 2413 quod
732 2322 863 2412 gratiae
887 2323 1061 2412 originem
1084 2349 1125 2394 ac
1143 2347 1228 2415 pro·
1277 2319 1315 2388 in
1332 2317 1608 2388 satisfactionum
1624 2319 1854 2404 adversariis,
1876 2320 2042 2392 etnescio
2058 2322 2192 2414 quibus
2206 2347 2285 2394 nu-

237 2423 481 2513 pagationem,
506 2423 664 2515 adeoque
678 2425 809 2515 peccati
826 2437 859 2494 et
874 2424 960 2512 legis
977 2426 1049 2494 vim
1067 2425 1227 2503 excussit,
1277 2422 1330 2509 gis
1345 2419 1435 2494 aliis.
1487 2417 1657 2490 Sauciant
1672 2435 1708 2492 et
1727 2422 1819 2492 male
1834 2444 1939 2490 sanae
1954 2420 2167 2494 Pontificum
2184 2449 2284 2494 con·

236 2548 327 2616 quos
356 2522 577 2615 potissimum
608 2526 704 2594 locos
736 2526 781 2594 ab
808 2548 850 2594 eo
881 2525 1051 2618 requires.
1107 2523 1228 2618 Atque
1278 2522 1501 2605 stitutiones,
1535 2535 1575 2590 ut
1590 2522 1684 2590 iures
1700 2523 1817 2592 verius
1832 2523 2004 2612 sanguine
2016 2524 2162 2616 scriptas
2174 2525 2283 2596 Pon-

220 2610 322 2696 'hacc
343 2625 482 2708 omnia,
514 2649 620 2717 quam
641 2626 758 2714 gravi,
793 2651 898 2718 quam
920 2628 1094 2712 dilucida,
1121 2651 1226 2720 qnam
1279 2623 1434 2706 tibrum,
1460 2646 1565 2716 quam
1581 2620 1756 2693 Draconis
1774 2620 2002 2694 Atheniensis
2017 2626 2120 2716 leges.
2161 2625 2281 2715 Quod

237 2727 388 2816 eleganti
412 2725 572 2796 oratione
597 2727 841 2822 persequitur?
891 2726 1054 2801 Breviter
1069 2729 1227 2826 quidem,
1278 2747 1387 2815 genus
1417 2726 1603 2794 doctorum
1638 2739 1718 2814 apte
1757 2741 1858 2798 vocat
1890 2724 2089 2798 Hieremias
2121 2730 2281 2820 aspides,

237 2829 297 2897 sed
313 2829 361 2898 ita
383 2842 424 2898 ut
444 2821 537 2896 nihil
552 2829 663 2914 desit,
687 2844 727 2900 ut
749 2853 922 2923 nusquam
940 2853 1013 2900 non
1029 2831 1228 2900 satisfaciat.
1278 2849 1367 2920 quae
1400 2826 1502 2896 nullo
1528 2827 1683 2896 carurine
1717 2828 1813 2896 vinci
1844 2842 1986 2920 queant.
2054 2829 2279 2923 Quanquam

237 2929 384 3000 Periclis
400 2931 596 3000 orationem
609 2930 711 3002 aiunt
725 2931 913 3001 solitarniu
930 2933 1133 3002 auditorum
1150 2933 1228 3002 ani·
1278 2931 1370 2998 bone
1400 2923 1513 3011 Deus,
1541 2952 1715 3019 nusquam
1745 2930 1926 3000 meliorem
1956 2953 2102 3002 navasse
2126 2957 2279 3023 operam

237 3033 305 3102 mis
330 3045 468 3102 tenaces
495 3023 666 3124 quosdam
691 3033 831 3102 aculeos
861 3034 1078 3126 relinquere:
1122 3028 1229 3104 huius
1278 3031 1345 3100 sibi
1362 3024 1513 3098 scholica
1523 3025 1719 3119 'l'heologia
1731 3032 1889 3115 ridetur,
1914 3055 2019 3122 quam
2036 3032 2278 3102 inconscien-

238 3133 308 3204 dici
330 3157 404 3203 non
428 3145 564 3226 potest,
596 3147 637 3204 ut
659 3133 790 3220 flectat,
823 3149 864 3208 ut
885 3149 1017 3220 verset,
1042 3135 1229 3226 utrapiat,
1279 3134 1346 3203 tiae
1362 3152 1519 3204 censura.
1566 3129 1723 3200 Proinde
1738 3133 1883 3202 iuvenes
1897 3129 2279 3224 Christo‘iuaugurati,

237 3250 277 3306 ut
294 3235 490 3305 inllammet
506 3235 653 3322 legentis
666 3237 837 3306 animum.
883 3237 987 3308 Dolet
1004 3236 1228 3320 conscientia,
1278 3233 1448 3304 Paulinae
1470 3229 1722 3324 Philosophiae
1745 3235 1885 3304 animos
1908 3235 2080 3320 addicite,
2105 3237 2175 3305 nisi
2196 3259 2278 3306 non

237 3336 458 3408 consolatur:
492 3337 659 3408 sollicitat
679 3339 854 3428 cupiditas
876 3339 1043 3428 genialis,
1068 3338 1228 3410 vocatiu
1278 3348 1330 3406 est
1350 3333 1453 3404 vobis
1473 3334 1568 3404 salus
1584 3347 1698 3404 vestra
1719 3359 1835 3408 curae.
1884 3333 1980 3405 Hinc
1994 3337 2145 3406 sormam
2162 3335 2278 3408 Chri·

238 3441 353 3522 viam,
381 3438 510 3511 retinet
539 3461 584 3507 ne
612 3441 710 3510 frena
742 3441 836 3510 laxes
864 3441 1076 3529 aegrescenti
1098 3441 1228 3521 animo,
1277 3435 1535 3520 stianaevitae,
1561 3431 1645 3506 hinc
1660 3437 1862 3508 animorum
1883 3438 2026 3523 solatia,
2051 3434 2135 3508 hinc
2151 3463 2277 3510 rerum

238 3542 340 3612 illum
364 3539 479 3630 ipsum
503 3553 654 3612 ostentat
672 3537 870 3622 Christum,
895 3543 954 3636 qui
979 3556 1105 3614 servet.
1156 3539 1225 3613 De·
1277 3539 1438 3608 omnium
1462 3551 1537 3608 tum
1563 3538 1764 3608 divinarum
1774 3589 1786 3624 ,
1823 3553 1896 3610 tum
1920 3534 2156 3610 humanarum
2174 3541 2276 3612 iudi-

239 3646 348 3737 nique
377 3641 544 3734 quicquid
582 3644 789 3713 morborum
823 3645 982 3712 arsinuun
1013 3645 1155 3734 fatigat,
1183 3645 1228 3714 ab
1278 3642 1370 3710 cium
1391 3639 1507 3730 petite.
1559 3637 1702 3708 Etenim
1722 3641 1939 3728 iuventutem
1959 3641 1995 3708 iu
2013 3642 2136 3730 primis
2154 3645 2277 3726 relect,

239 3741 307 3816 hoc
327 3757 405 3834 pete
430 3758 719 3833 praesentaneum
743 3747 951 3820 renuentium.
1009 3745 1133 3836 Neque
1155 3747 1228 3814 ulla
1278 3739 1370 3810 nibil
1388 3740 1587 3831 antiquius,
1613 3737 1707 3810 nihil
1727 3741 1825 3830 prius
1849 3745 1976 3812 ducere
1993 3738 2197 3814 Christiana
2214 3746 2275 3814 di-

239 3861 311 3918 tam
327 3842 609 3914 efficaxl‘auacea
626 3860 818 3938 est,quam
831 3845 981 3916 Paulina
994 3847 1125 3930 oratio,
1147 3847 1227 3914 nul·
1278 3842 1447 3934 sciplina,
1473 3865 1492 3908 e
1515 3865 1582 3933 qua
1608 3866 1671 3910 ceu
1689 3843 1858 3912 viaticum
1876 3844 2048 3914 foeliciter
2072 3847 2275 3935 transigen-

239 3951 314 4020 lum
339 3948 505 4016 adversus
522 3947 687 4018 veneficia
706 3961 778 4018 tam
801 3947 953 4019 salutare
971 3947 1091 4043 Moly,
1124 3972 1227 4040 quam
1279 3943 1577 4032 daeviraeparu.
1628 3943 1753 4036 Neque
1773 3945 1868 4012 enim
1884 3947 1958 4014 lieri
1975 3960 2105 4037 potest,
2126 3961 2166 4017 ut
2184 3973 2273 4039 pro-

238 4053 406 4122 advcrsus
430 4048 541 4116 animi
565 4050 707 4120 morbos
724 4047 825 4120 Pauli
844 4049 1017 4124 doctrina.
1067 4047 1228 4120 Platoni·
1278 4047 1322 4116 be
1353 4044 1517 4117 instituas
1545 4044 1685 4130 viram,
1707 4059 1747 4116 ut
1772 4047 1945 4116 foeliciter
1975 4049 2164 4136 transigas,
2197 4049 2272 4118 nisi

239 4177 320 4222 cum
349 4143 565 4218 Charmideu
595 4153 739 4238 morbo,
773 4150 890 4221 nescio
923 4176 1015 4244 quo,
1050 4152 1228 4220 levaturus
1278 4145 1437 4218 Paulinis
1468 4145 1598 4228 literis,
1637 4149 1823 4218 adversum
1853 4149 2001 4219 insidias
2031 4150 2273 4240 pertinacissi-

239 4254 421 4330 Socrates,
448 4239 576 4340 duplex
599 4253 729 4324 iudicat
746 4254 960 4336 remedium,
986 4268 1019 4324 et
1034 4253 1226 4322 radiculam
1280 4271 1420 4320 morum
1443 4241 1597 4316 hostium
1619 4247 1769 4320 Satanae
1794 4252 1971 4325 etcaruis.
2021 4250 2194 4346 Reliquas
2211 4276 2272 4322 ar-

239 4355 417 4449 quandam
451 4365 486 4422 et
521 4352 840 4438 incantamentum,
877 4368 1065 4448 censetque
1104 4379 1227 4444 parum
1279 4365 1330 4422 tes
1359 4349 1496 4419 omneis
1525 4349 1580 4418 vel
1611 4346 1836 4420 contemnere
1860 4353 1958 4420 licet:
2000 4349 2169 4438 Paulina,
2198 4352 2271 4424 nisi

160 4479 164 4488 ·
214 4459 460 4550 profuturnm
482 4454 675 4524 radiculam
699 4458 786 4526 citra
811 4457 1132 4539 incantamentum,
1156 4479 1229 4539 seu,
1278 4475 1377 4544 spem
1398 4475 1539 4522 omnem
1567 4452 1690 4522 salutis
1716 4454 1894 4537 abiecisti,
1928 4454 2059 4544 negligi
2083 4479 2157 4524 uon
2185 4480 2271 4548 pos-

238 4573 278 4630 ut
292 4554 477 4628 Platonico
491 4570 571 4625 utar
586 4559 714 4640 verbo,
740 4558 826 4628 citra
845 4560 993 4648 epoden.
1043 4555 1155 4628 Porro
1171 4581 1228 4626 ra-
1278 4568 1373 4626 sunt.
1423 4547 1472 4622 Et
1486 4547 1682 4644 Episcopos
1695 4555 1807 4624 adniti
1827 4557 1992 4640 decebat,
2014 4571 2055 4626 ut
2070 4552 2155 4626 baec
2170 4573 2272 4630 tene·

239 4661 394 4731 dirutam
410 4657 663 4746 interpretatur
684 4659 967 4750 temperantiam:
995 4661 1132 4752 epodeu
1148 4653 1228 4748 phi·
1279 4667 1373 4739 rent,
1399 4677 1473 4722 non
1490 4653 1597 4723 modo
1620 4656 1682 4748 qui
1700 4656 1850 4727 studiosi
1873 4669 2062 4740 vocantur,
2086 4661 2145 4728 sed
2158 4659 2271 4752 plane

237 4756 456 4854 losophicam
490 4761 710 4844 doctrinam,
748 4763 824 4832 sine
852 4783 940 4856 qua,
981 4785 1228 4854 quamcunque
1278 4758 1483 4829 universum
1503 4750 1747 4828 Christianum
1766 4758 1903 4846 vulgus.
1961 4755 2269 4832 DecebatAcade-

238 4866 331 4934 vitae
356 4861 528 4933 rationem
554 4861 670 4948 ineas,
696 4865 864 4932 incertam
887 4875 923 4932 et
943 4862 1143 4932 instabilem
1161 4885 1228 4951 pu·
1276 4859 1366 4928 mias
1397 4851 1490 4926 nihil
1511 4859 1645 4927 maiore
1673 4881 1756 4928 cura
1780 4882 1820 4928 ac
1839 4859 1957 4928 studio
1980 4861 2127 4948 docere,
2161 4887 2268 4957 quarn

238 4980 289 5042 tat
319 4968 486 5036 loturam.
552 4961 697 5051 Quanto
726 4965 878 5055 amplius
912 4965 1070 5053 precium
1101 4986 1228 5051 operae
1277 4957 1346 5031 hoc
1362 4977 1472 5050 genus
1488 4959 1716 5051 piasliteras,
1741 4985 1829 5053 quas
1844 4961 1993 5032 barbara
2009 4965 2268 5035 etconlusanen

236 5071 394 5139 facturus
416 5089 470 5148 es,
501 5063 529 5132 si
551 5066 686 5136 morbis
705 5067 824 5138 animi
839 5066 1091 5148 medicaturus,
1125 5064 1227 5134 Pauli
1277 5061 1483 5153 disciplina,
1504 5056 1770 5152 Philosophiam
1797 5061 1855 5133 isti
1879 5064 2047 5136 ementito
2071 5067 2176 5137 titulo
2199 5091 2269 5138 vo-

238 5171 400 5240 doctrina
422 5183 540 5250 utare,
565 5180 662 5238 tanto
679 5169 863 5263 quibusvis
884 5167 1005 5257 epodis
1022 5167 1227 5251 ellicaciore,
1276 5177 1374 5236 cant:
1408 5163 1609 5234 forensibus
1621 5163 1707 5234 item
1723 5163 1867 5250 litibus,
1900 5167 2268 5261 etsordidaquadam

238 5268 496 5366 quautodivini
513 5269 740 5358 spiritusvia,
764 5265 930 5342 humanis
943 5261 1095 5362 praestat
1108 5268 1226 5338 omni·
1276 5259 1529 5356 Philosophiae
1550 5266 1709 5352 aemula,
1742 5261 1958 5358 Theologia,
1982 5267 2133 5340 maiores
2156 5267 2267 5342 nostri

236 5373 315 5447 bus.
375 5371 468 5445 Sunt
496 5370 608 5440 animi
632 5373 771 5460 morbi,
802 5386 879 5445 tucn
904 5371 1019 5444 carnis
1041 5371 1226 5465 cupiditas,
1274 5378 1478 5455 mutarunt,
1517 5363 1677 5459 χαλκέα,
1721 5367 1750 5438 si
1788 5368 1858 5439 diis
1897 5369 2031 5462 placet,
2068 5365 2265 5468 χρυσείων.
