4614 5820
70 272 135 346 su
741 265 902 346 ouon.
944 233 1019 342 on
1055 263 1385 348 aunsosro.
1646 356 1649 362 ,
2009 291 2085 371 sm

67 445 100 514 in
123 439 261 534 publica
284 461 441 511 censura.
498 437 638 512 Profuit
664 455 779 512 autern
803 439 934 534 Reipu.
957 433 1043 511 haec
1092 441 1178 510 urbs
1204 437 1340 528 Roma,
1379 445 1464 514 dum
1492 447 1581 520 iusta
1609 453 1700 526 bella
1728 473 1879 550 gereret,
1918 486 1958 535 ac
1983 468 2083 538 dorni

66 543 233 616 Ambrosii
257 542 419 633 gravitas.
477 539 567 612 Nam
588 555 708 634 postea
726 538 968 629 Theodosius,
1002 557 1043 613 ut
1092 541 1333 632 disciplinam,
1360 546 1472 618 bonos
1490 564 1522 621 et
1537 567 1649 624 castos
1665 583 1796 647 mores,
1822 578 1856 635 et
1870 579 2004 639 veteres
2024 595 2081 640 re-

65 645 256 727 iracundiae
288 643 389 736 quasi
421 643 561 713 frenum
596 643 775 726 iniiceret,
812 647 923 734 Iegem
960 645 1042 715 tulit
1091 643 1241 731 ligiones
1265 657 1433 718 tueretur.
1491 650 1595 723 Nunc
1621 661 1805 732 ruentibus
1836 669 2014 757 moribus,
2047 686 2081 743 et

64 771 140 841 quac
161 759 251 816 extat
280 745 316 811 in
331 741 461 814 Codice
477 747 522 814 de
545 745 687 836 poenis,
712 759 753 814 ut
774 761 852 836 post
875 749 1041 817 mandata
1091 744 1262 832 religione
1276 761 1428 834 mutata,
1454 753 1541 822 urbs
1557 780 1629 826 nna
1644 763 1807 839 concidit.

64 849 242 939 Principis,
275 868 339 936 per
356 845 501 933 triginta
524 846 600 914 dics
626 846 838 916 differantur
858 847 1041 938 supplicia.
1191 843 1289 916 Haec
1304 851 1419 920 oratio
1437 856 1670 946 popularibus
1696 875 1731 932 ct
1758 867 2006 955 plausibilibus
2022 897 2081 944 ar·

64 947 144 1018 llaec
161 949 215 1017 Iex
238 947 392 1016 servavit
412 947 542 1016 deinde
556 942 816 1016 Antiochenam
840 949 1041 1019 multitudi-
1090 948 1266 1034 gumeutis
1281 949 1463 1039 instructa,
1489 970 1523 1026 et
1539 960 1769 1035 confirmabat
1784 967 1922 1060 impios,
1949 987 1984 1044 et
1999 999 2079 1066 per-

64 1076 148 1134 nem,
172 1071 280 1144 quarn
298 1047 408 1116 simili
430 1050 537 1118 modo
558 1048 706 1119 iusserat
721 1046 916 1140 Imperator
931 1050 1041 1120 truci·
1090 1048 1256 1117 turbabat
1273 1049 1466 1124 imbecilles
1484 1056 1577 1128 inter
1592 1062 1679 1150 pios.
1725 1063 1844 1154 Quare
1859 1095 1997 1145 necesse
2011 1077 2079 1148 fuit

63 1152 141 1236 dari,
164 1163 313 1243 propter
327 1161 478 1219 statuam
494 1147 662 1218 Flacillae
687 1150 849 1241 coniugis
871 1174 1040 1220 eversam.
1089 1171 1270 1240 opponere
1291 1175 1429 1234 veram,
1463 1157 1701 1251 luculentam,
1736 1189 1877 1258 gravem
1905 1188 1938 1245 et
1959 1180 2079 1248 erudi-

63 1251 119 1322 Hic
134 1277 211 1322 cum
226 1251 367 1320 veniret
389 1250 564 1344 quispiam
589 1265 668 1341 post
691 1251 785 1320 edita
807 1255 972 1322 mandata
995 1253 1039 1322 ad
1088 1263 1161 1320 tant
1183 1251 1393 1340 apologiam.

62 1353 249 1446 praefectos,
278 1376 318 1421 ac
334 1351 558 1428 iuberetdici
577 1349 803 1444 Imperatori,
829 1377 874 1424 ne
895 1367 1040 1445 propter
1190 1347 1308 1423 Erant·
1337 1355 1469 1426 similes
1494 1359 1715 1436 defensiones
1740 1385 1774 1442 ct
1801 1387 1901 1444 antea
1930 1379 2077 1470 scriptae

61 1469 201 1524 mortuae
226 1453 389 1542 coniugis
410 1453 621 1542 imaginem,
655 1455 753 1522 vivas
776 1451 845 1522 Dei
867 1455 1038 1544 imagines
1089 1448 1289 1533 alustin0‚
1324 1451 1566 1548 Athenagora,
1603 1463 1847 1560 Tertulliano,
1880 1475 2076 1559 Lactantio.

61 1557 203 1631 violaret.
257 1553 473 1646 Imperator,
507 1555 589 1648 quia
607 1554 678 1625 iam
697 1555 952 1646 deflagraverat
973 1555 1037 1637 ira,
1088 1549 1155 1622 His
1183 1549 1392 1625 Ambrosius
1419 1582 1518 1629 suanr
1545 1565 1681 1640 adiecit.
1732 1567 1889 1669 Ecquis
1916 1581 2003 1650 utile
2027 1599 2077 1656 est

61 1660 206 1728 mandata
223 1655 442 1728 retractavit.
1087 1653 1192 1723 bonis
1208 1654 1246 1722 in
1265 1671 1453 1748 conspectu
1472 1657 1601 1735 habere
1617 1687 1834 1764 argumenta,
1861 1703 1951 1772 quae
1965 1685 2076 1774 pieta.

143 1759 325 1832 Hactenus
341 1755 506 1849 exposui,
535 1757 715 1850 quomodo
731 1751 942 1826 Ambrosius
956 1779 1035 1827 cum
1087 1769 1158 1826 tem
1180 1756 1368 1826 inanimis
1391 1763 1617 1850 confirmant,
1643 1771 1755 1863 capita
1772 1799 1912 1872 rerum,
1935 1784 1980 1852 de
1996 1790 2076 1880 qni·

62 1863 269 1954 Principibus
285 1859 510 1930 conflictatus
526 1859 581 1939 sit,
599 1881 695 1928 nunc
710 1859 922 1928 recensenda
936 1872 1037 1929 erant
1088 1857 1153 1925 hus
1171 1857 1312 1929 disserit
1324 1854 1555 1947 Ambrosius,
1580 1869 1736 1943 breviter
1753 1873 1953 1968 recensebo,
1980 1911 2074 1958 earu-

62 1965 172 2056 praelia
200 1987 285 2034 curn
312 1956 515 2045 haereticis,
556 1982 646 2052 quae
671 1972 791 2032 extant
819 1959 858 2028 in
884 1959 1034 2050 scriptis.
1086 1980 1155 2051 que
1173 1963 1560 2052 commemorationem,
1587 1983 1618 2038 et
1641 1987 1786 2067 propter
1800 2003 1855 2049 res
1878 1983 1970 2074 ipsas
1994 2011 2075 2078 gra.
2190 2039 2192 2044 .

62 2062 191 2138 Obstitit
214 2063 315 2134 velut
344 2083 469 2130 murus
493 2055 630 2130 Ariano
663 2061 778 2130 furori
802 2062 972 2150 grassami
996 2061 1035 2130 in
1085 2071 1157 2128 tam
1181 2059 1256 2128 lore
1280 2062 1502 2136 auditoribus
1525 2069 1704 2160 existimo,
1730 2083 1823 2149 etad
1848 2081 1970 2156 laudes
1986 2087 2074 2160 Am.

64 2163 211 2250 Oriente,
243 2189 292 2243 ne
318 2174 522 2256 penetraret
550 2161 589 2230 in
616 2157 867 2246 Occidentem,
900 2162 1033 2232 semina
1085 2160 1195 2229 brosii
1212 2162 1387 2252 pertinere
1403 2166 1532 2248 iudico,
1553 2165 1964 2274 hincenim'intelligetis
1980 2195 2074 2262 mut.

62 2269 227 2360 impietatis
249 2287 373 2357 sparsa
397 2264 442 2334 ab
462 2261 660 2342 Auxentio.
692 2263 754 2354 qui
777 2285 813 2332 se
835 2259 1035 2334 Constantii
1084 2261 1197 2352 tiplici
1214 2264 1433 2351 eruditione,
1460 2281 1493 2338 et
1506 2272 1726 2366 antiquitatis
1749 2283 1950 2370 cognitione
1972 2271 2073 2381 prae.

63 2365 361 2461 temperentur,
387 2361 1035 2454 advoluntaternPrincipisinflexe—
1085 2363 1175 2432 clare
1203 2363 1412 2435 instructum
1439 2369 1556 2440 fuisse.
1607 2371 1655 2444 Et
1681 2381 1847 2454 studiosis
1874 2395 2073 2484 exemplum

63 2485 119 2554 rat,
146 2469 330 2563 oppressit.
393 2465 548 2538 Dimicat
578 2477 719 2536 etcum
743 2463 968 2538 Marcionitis
993 2487 1033 2538 ac
1084 2464 1245 2557 prodest,
1271 2479 1310 2538 ut
1335 2471 1534 2542 eruditione
1552 2497 1591 2545 ac
1614 2477 1725 2550 literis
1749 2481 1785 2550 in
1803 2481 1959 2562 Ecclesia
1983 2519 2071 2588 opus

64 2570 256 2644 Nominis,
1085 2589 1158 2638 esse
1179 2568 1345 2658 cogitent.
1410 2655 1412 2662 Α
1761 2631 1764 2640 ,

139 2673 286 2746 ReIutat
317 2665 572 2767 Symmachum
605 2685 802 2743 senatorem
829 2667 1031 2745 hortantem
1199 2667 1358 2766 Utraque
1391 2697 1499 2747 manu
1534 2673 1739 2776 hypothesis
1768 2691 1970 2785 accipienda
2003 2715 2072 2789 est,

63 2772 218 2865 Romanos
252 2774 462 2865 Principes,
501 2785 542 2842 ut
570 2787 723 2844 veterem
758 2769 1032 2867 εἰδωλομανίαν
1084 2771 1196 2840 solam
1231 2795 1307 2840 eam
1338 2775 1545 2866 religionem
1571 2809 1690 2856 veram
1716 2773 1820 2876 esses
1839 2821 1928 2888 quae
1957 2802 2069 2891 prima

62 2879 232 2959 restituant,
259 2891 297 2948 et
312 2876 439 2946 callide
453 2874 691 2962 disputantem
706 2877 957 2948 vetustissimas
974 2901 1031 2946 re.
1073 2878 1144 2946 est.
1198 2869 1400 2944 Ideoenim
1423 2880 1583 2954 condidit
1603 2883 1708 2958 Deus·
1727 2886 1921 2966 humanum
1951 2923 2070 2990 genus,

62 2976 401 3066 ligionesvcrissImas
417 2997 503 3054 esse.
553 2973 645 3045 Curn
664 2977 759 3045 enim
775 2979 947 3070 quaedam
963 2975 1030 3048 Dei
1081 2987 1120 3043 ut
1137 2987 1225 3044 essct
1241 2974 1359 3070 aliqua
1374 2973 1550 3068 Ecclesia,
1575 2985 1613 3054 in
1630 3013 1698 3080 qua
1718 3017 1798 3062 vcra
1814 2995 1923 3087 ipsius
1938 3004 2068 3076 noticia

19 3129 20 3132 ,
63 3081 166 3152 noticia
195 3076 367 3152 humanis
398 3076 527 3146 animis
557 3076 782 3158 innascatur,
814 3101 953 3148 necesse
979 3092 1030 3150 est
1081 3075 1233 3159 luceret,
1265 3100 1378 3171 eoque
1402 3103 1438 3150 se
1462 3085 1625 3172 patefecit
1647 3112 1719 3160 non
1740 3117 1815 3164 uno
1839 3103 1965 3188 modo,
2000 3105 2069 3176 im-

18 3203 19 3244 1
62 3181 168 3270 primos
182 3179 360 3264 hormines,
381 3176 483 3271 quasi
500 3178 665 3268 propiore
679 3179 889 3267 cognatione
905 3182 1030 3248 condi·
1080 3177 1206 3268 pressit
1220 3179 1381 3248 omnium
1398 3185 1577 3258 urentibus
1594 3207 1775 3264 nascentes
1794 3200 1978 3272 nobiscum
2002 3231 2069 3279 no-

18 3335 19 3340 .
62 3293 149 3352 torem
163 3285 276 3356 Deum
302 3282 535 3370 attingentes,
561 3291 596 3348 et
618 3279 788 3368 sapientia
810 3280 1029 3367 excellentes,
1078 3277 1194 3362 ticias,
1221 3280 1422 3351 deacterna
1439 3299 1559 3358 mente
1585 3292 1709 3382 opifice
1732 3319 1850 3368 rerum
1879 3316 1913 3372 et
1937 3307 2067 3393 guber-

18 3377 19 3402 ³
62 3376 110 3452 hac
128 3386 197 3456 luce
216 3385 388 3456 excitatos
414 3401 488 3452 esse
509 3381 554 3450 ad
574 3376 690 3450 Deum
713 3379 968 3472 inquirendum
995 3396 1029 3454 et
1077 3379 1211 3447 natrice
1227 3373 1374 3451 humani
1390 3387 1537 3474 generis,
1560 3390 1603 3460 de
1619 3394 1822 3467 discrimine
1838 3396 2065 3478 honestorum

63 3481 285 3561 invocandum,
1077 3492 1112 3548 et
1129 3480 1307 3570 turpium,
1333 3497 1368 3552 et
1390 3485 1475 3558 alias
1499 3490 1638 3563 multas.
1688 3494 1838 3568 Addidit
1853 3517 1888 3573 ει
1906 3529 1988 3576 voce
2004 3532 2067 3580 sua

18 3573 20 3624 ῗ
137 3587 271 3659 Deinde
286 3610 367 3658 cum
389 3581 623 3675 imperiorum
639 3579 864 3661 constitutio,
890 3605 1025 3673 poenae
1071 3581 1293 3664 doctrinam,
1321 3607 1388 3674 qua
1411 3590 1564 3658 ostendit
1589 3599 1767 3684 quomodo
1789 3599 1947 3673 invocari
1969 3609 2065 3685 velit.

63 3685 241 3760 iniustarum
266 3688 448 3769 caedium,
473 3683 627 3776 denique
640 3707 709 3752 vox
729 3683 962 3754 conscientiae
987 3684 1026 3751 in
1075 3675 1176 3749 Nihil
1195 3681 1301 3770 igitur
1317 3685 1465 3755 dubium
1489 3703 1559 3780 est,
1588 3691 1671 3763 inde
1687 3721 1797 3792 usque
1820 3703 1864 3773 ab
1883 3705 1987 3778 initio
2005 3733 2065 3800 ge-

63 3787 180 3876 singulis
211 3788 421 3862 hominibus
456 3797 628 3856 testentur
654 3781 730 3853 Deo
758 3807 895 3876 semper
921 3809 1025 3854 curae
1075 3775 1345 3870 nerishumani,
1372 3811 1470 3856 veras
1484 3791 1618 3886 aliquas
1634 3797 1821 3888 religiones
1835 3805 1953 3884 fnisse.
1986 3807 2064 3884 Hoc

62 3887 142 3960 luisse
158 3915 265 3983 genus
281 3888 493 3962 humanum.
546 3879 778 3978 Symmachus
796 3887 1025 3956 contenderat
1074 3896 1255 3954 teneamus
1273 3884 1426 3958 incensa
1442 3903 1608 3986 tanquam
1622 3897 1827 3976 καθολικὸν
1843 3905 2037 4004 θεώρημα.

63 4013 175 4077 prorsus
196 3996 348 4065 delirare
370 4013 451 4078 eos,
485 3985 688 4080 quiveram
712 3986 919 4074 religionem
941 3987 1042 4085 uni-¹
1181 3983 1252 4055 Sed
1274 3986 1364 4056 illud
1383 3997 1623 4082 quaerendum
1647 4015 1715 4080 est,
1740 4028 1828 4095 quae
1852 4009 2002 4100 fuerint,
2028 4030 2062 4086 et

63 4113 138 4164 verso
159 4097 274 4186 generi
299 4091 477 4174 humano,
502 4111 542 4157 ac
565 4087 770 4176 praesertim
786 4088 830 4154 iis
846 4089 1022 4176 gentibus,
1072 4108 1119 4154 an
1135 4089 1229 4176 apud
1246 4110 1367 4156 omnes
1382 4092 1607 4186 incorruptae
1621 4105 1840 4176 manserint?
1869 4107 2060 4198 Quomodo

18 4189 19 4192 ’
63 4195 162 4282 quibus
175 4201 273 4270 Deus
297 4193 448 4286 imperia
471 4187 638 4273 tradidit,
663 4203 717 4258 tot
734 4187 895 4256 millibus
909 4213 1024 4260 anno-
1071 4210 1154 4254 vera
1180 4201 1214 4258 et
1238 4189 1396 4260 coelestis
1419 4193 1579 4266 doctrina
1615 4219 1821 4294 propagata,
1856 4231 2059 4288 conservata

63 4315 122 4363 rum
143 4315 237 4372 antea
262 4301 425 4390 ignotam
450 4291 576 4374 fuisse,
600 4311 641 4358 ac
667 4312 763 4357 nunc
789 4290 932 4359 demum
959 4314 1022 4380 per
1071 4300 1104 4356 ει
1119 4287 1279 4360 restituta
1294 4290 1363 4358 sit?
1391 4289 1594 4384 Eritigitur
1610 4295 1677 4370 hoc
1700 4293 1932 4400 κρινόμενον,
1961 4311 2059 4410 Apu-

62 4416 162 4483 pancos
197 4403 366 4474 obscuros
405 4390 568 4466 homines
604 4403 639 4460 et
673 4412 817 4459 errones
848 4389 1021 4462 divinitus
1069 4389 1212 4458 stolicae
1226 4413 1289 4475 ne,
1312 4416 1357 4461 au
1374 4391 1576 4484 Romanae,
1597 4423 1740 4490 graecae
1756 4423 1816 4479 aut
1830 4411 1962 4486 similes
1979 4421 2059 4512 opi·
2133 4457 2137 4478 ·

63 4505 228 4578 monstrari,
1062 4489 1194 4560 -niones
1215 4494 1260 4561 de
1281 4493 1350 4562 diis
1367 4499 1574 4570 vetustiores
1589 4504 1686 4575 sint?
1732 4505 1806 4579 Nec
1830 4513 1984 4590 difficilis
2007 4537 2058 4592 est

139 4603 247 4692 Quid,
271 4601 371 4698 quod
387 4591 562 4667 mirandIs
579 4590 772 4675 eventibus,
800 4593 947 4663 veritate
963 4593 1019 4662 di·
1069 4592 1291 4668 diiudicatio.

64 4698 251 4779 vinationum
270 4702 396 4798 poeuIs
419 4697 631 4789 impiorum,
655 4693 842 4766 faelicitate
865 4695 1019 4786 piorum,
1176 4693 1336 4765 Primum
1371 4715 1567 4774 monstrosa
1603 4707 1802 4783 absurditas
1835 4741 1923 4810 quae
1956 4722 2057 4812 fingit

64 4815 186 4878 vetustae
199 4807 387 4899 religiones
404 4799 631 4871 confirmatae
647 4794 864 4866 viderentur.
903 4793 1018 4867 Rexc-
1067 4797 1322 4882 multosdeos,
1362 4813 1509 4873 testatur
1536 4802 1627 4876 hanc
1650 4812 1856 4902 opinionem
1878 4843 1951 4889 non
1981 4846 2055 4894 esse

64 4919 126 4976 runt
140 4911 299 4981 exercitus
323 4920 358 4979 et
374 4899 524 4974 consilia
537 4895 677 4986 Regum
693 4897 785 4964 veris
806 4897 1017 4986 praedictio·
1066 4897 1233 4985 primam,
1260 4915 1393 4990 pugnat
1410 4905 1504 4974 enim
1521 4931 1600 4978 cum
1615 4909 1675 4980 illa
1692 4913 1766 5004 ipsa
1783 4921 1936 4989 naturali
1958 4927 2053 4994 noti-

65 5003 152 5094 nibus,
174 5008 407 5104 Amphiaraus
415 5001 569 5092 Argivos
584 4998 757 5090 proiectos
772 5000 816 5068 ad
834 5005 1017 5089 oppugna·
1067 4999 1139 5081 cia,
1161 5023 1251 5091 qnae
1265 4995 1357 5070 haud
1374 5005 1500 5086 dubie,
1526 5031 1605 5078 cum
1620 5013 1803 5084 nobiscnm
1817 5024 1971 5109 nata'sit,
1995 5027 2054 5095 di..

65 5103 166 5180 bonam
184 5111 406 5185 Thebarum:
441 5099 590 5175 Chalcas
614 5101 776 5182 classem,
803 5123 893 5193 quae
912 5102 1017 5169 navi·
1066 5099 1198 5168 vinitus
1224 5101 1262 5168 in
1279 5125 1345 5171 nos
1361 5108 1552 5194 transfusa,
1580 5127 1672 5182 certa
1688 5130 1721 5185 et
1744 5117 1976 5194 immutabilis
1991 5141 2053 5202 est.

66 5209 134 5290 gavit
147 5216 184 5282 ad
199 5213 358 5287 Troiam:
386 5205 597 5280 Aristander
617 5204 741 5272 ducem
761 5200 1014 5272 Alexandrum.
1066 5196 1211 5269 Etiamsi
1230 5226 1265 5271 se
1282 5221 1448 5294 rumpant
1468 5213 1609 5299 patroni
1625 5218 1913 5305 superstitionum
1933 5222 2053 5298 ethni-

38 5311 41 5322 '
66 5297 98 5376 Et
113 5311 237 5390 luerunt
262 5339 317 5388 res
340 5310 521 5384 secundae
536 5305 597 5390 iis,
630 5305 693 5398 qui
718 5302 846 5374 Vatum
871 5304 1016 5372 monitis
1065 5327 1194 5382 carum,
1218 5315 1335 5372 tamen
1351 5301 1456 5378 huius
1471 5315 1668 5400 argumenti
1682 5328 1776 5388 tanta
1791 5315 1842 5392 est
1857 5329 2051 5420 perspicui-

68 5415 214 5504 parcbant,
239 5433 271 5490 et
282 5415 474 5505 religiones
488 5408 759 5478 venerabantur.
796 5404 914 5478 Crevit
931 5400 1016 5474 haec
1065 5418 1134 5488 tas,
1155 5417 1194 5474 ut
1208 5429 1252 5472 ne
1265 5407 1393 5476 mutire
1410 5411 1551 5502 quidem
1567 5429 1685 5487 contra
1700 5421 1845 5510 possint.

101 5517 251 5594 lIrrasrrr.
270 5527 375 5592 Orra-
404 5519 487 5583 vor.
504 5515 569 5584 XI.
1369 5509 1418 5578 37
