4704 5826
97 283 185 360 977

592 274 755 352 nucu
804 269 880 350 nu
912 245 1192 351 uersuta
1224 259 1382 342 uuor
1415 257 1671 343 ennean.

2063 263 2138 349 iit

101 453 383 526 inconstantiam
400 469 527 519 rerum
550 437 809 524 humanarum,
841 449 875 508 et
894 457 1017 530 caoms
1041 455 1096 502 ca-
1123 461 1128 548 y
1252 425 1378 500 Postea
1398 425 1547 523 Syrmm
1573 426 1670 498 unde
1692 421 1826 522 Syrmii
1855 427 2045 521 adpellatio
2071 435 2136 520 est,

91 560 325 638 tangentum,
364 566 399 626 et
428 560 525 618 nsetu
552 567 746 638 poenarum
776 554 810 612 et
834 537 958 608 iudicii
982 533 1096 606 divini
1150 525 1401 628 Lysimachum
1431 528 1587 598 vicinum
1619 553 1735 618 regem
1767 530 1879 624 cepit,
1918 555 1998 622 erga
2029 557 2135 627 quem

104 660 247 730 flectere
260 657 399 726 animos
416 653 462 722 ad
476 647 702 730 modestiam,
729 658 762 716 et
777 643 820 713 ad
835 638 1097 716 invocationem

103 757 188 830 Dei.
222 758 326 833 Hanc
343 754 532 828 utilitatem
548 763 583 820 et
596 773 665 817 vor
680 745 801 814 divina
817 743 915 814 iubet
929 765 970 810 ex
987 733 1099 810 histo-

106 863 172 952 piis
189 862 271 954 peti.
323 855 369 930 Et
386 853 531 949 quidem
547 875 626 921 cum
641 847 805 920 universa
821 841 1028 914 Pannoniae
1041 833 1099 908 hi-

107 967 235 1049 storia,
259 975 335 1032 tum
352 981 434 1028 vero
452 954 563 1048 ipsius
576 945 749 1022 Matthiae
771 947 913 1018 iortuna
937 955 971 1014 et
988 940 1100 1014 actio-

93 1090 171 1152 ¹nes
187 1087 349 1153 magnam
368 1059 553 1132 continent
568 1051 807 1144 exemplorum
823 1046 1041 1119 varietatem.

211 1165 417 1236 Dolendum
433 1172 485 1232 est
505 1169 640 1234 autem,
666 1153 760 1246 quod
785 1173 864 1218 cum
886 1147 1023 1240 aliquot
1045 1166 1100 1212 se-

109 1269 199 1340 culis
219 1265 340 1336 nullus
358 1285 480 1353 regum
504 1253 768 1327 munificentior
784 1249 891 1320 suerit
914 1271 995 1338 erga
1020 1244 1101 1314 lite-

109 1393 183 1456 ras,
218 1391 324 1460 quam
342 1357 532 1441 Matthias,
562 1370 680 1427 tamen
704 1353 841 1424 nullam
865 1363 981 1420 extare
1008 1347 1101 1416 inte·

109 1497 208 1564 gram
229 1465 412 1538 historiam
426 1483 547 1542 rerum
571 1457 711 1550 abipso
734 1466 927 1544 gestarum,
952 1473 1031 1519 cum
1047 1459 1102 1516 ta-

111 1599 194 1642 men
209 1573 383 1665 quaedam
399 1567 474 1636 eius
491 1559 659 1634 victoriae
686 1558 857 1628 salutares
878 1552 1012 1622 luerint
1036 1549 1100 1622 toti

110 1673 288 1766 Europae.
339 1668 496 1742 Tantum
513 1662 614 1733 initia
635 1659 735 1750 regni
752 1655 926 1748 descripta
940 1663 1042 1738 sunt,
1068 1663 1103 1722 et

96 1790 232 1868 ¹postea
250 1774 307 1842 vix
324 1773 448 1842 breves
465 1764 580 1846 tituli,
603 1775 643 1832 ut
658 1760 746 1830 olim
763 1761 801 1828 in
821 1751 1000 1848 trophaeis
1015 1752 1101 1822 scri-

112 1879 310 1964 bebantur,
331 1869 492 1947 annotati
507 1877 601 1940 sunt.
653 1859 706 1932 Ex
725 1855 780 1932 his
794 1873 912 1930 tamen
928 1877 1024 1926 nunc
1043 1866 1101 1924 nt·

97 2003 254 2073 cunque
281 1973 523 2048 narrationem
549 1978 793 2050 contexemus,
831 1959 870 2030 in
897 1983 968 2054 qua
991 1955 1103 2028 multa

111 2081 241 2154 loslieii
269 2076 384 2148 divini
416 2069 637 2154 testimonia,
678 2064 791 2134 multa
821 2057 892 2134 Dei
923 2057 1103 2138 beneficia,

114 2187 227 2256 merita
244 2182 416 2252 virtutum
434 2171 610 2266 exempla,
633 2165 789 2260 conspici
804 2175 982 2258 poterunt.

219 2283 323 2355 Prius
337 2293 454 2352 autem
470 2297 579 2370 pauca
596 2273 639 2345 de
652 2265 859 2340 Pannoniae
878 2264 1045 2354 nomine,
1071 2271 1106 2332 et

114 2388 230 2482 gentis
254 2385 363 2476 stirpe
382 2381 548 2450 dicemus.
607 2371 681 2444 Nec
701 2385 741 2442 ut
765 2369 804 2441 in
825 2367 957 2439 iudicio
979 2363 1105 2436 finium

114 2489 357 2582 regundorum
380 2479 558 2554 subtiliter
579 2477 624 2548 de
646 2471 801 2564 regionis
828 2469 1001 2541 limitibus
1031 2464 1108 2534 dis·

96 2593 263 2688 putabo.
314 2579 554 2656 Vetustissimi
580 2577 738 2650 Paeones
763 2561 933 2666 paulatim
964 2592 982 2639 a
1004 2565 1106 2659 Stry-

116 2718 224 2767 mone
247 2687 422 2784 progressi
447 2683 601 2752 vicinam
624 2677 804 2768 regionem
827 2673 921 2742 inter
948 2668 1105 2763 illyriam

117 2814 153 2870 et
168 2792 372 2886 longissima
386 2788 466 2880 iuga
482 2775 651 2874 Carpathi
674 2773 806 2846 montis
829 2775 874 2846 ad
893 2770 1021 2844 Istrum
1043 2767 1108 2842 'oc-

101 2909 304 2992 cuparum.
351 2889 508 2964 Nomino
539 2883 650 2974 igitur
675 2875 901 2950 Pannoniam
927 2872 1107 2962 regionem

99 3071 104 3078 .
119 3025 209 3096 quae
225 2998 319 3070 inter
331 2989 397 3064 bos
412 2987 543 3060 limites
556 2980 727 3078 aSyrmio
745 3001 858 3073 usque
872 2977 915 3048 ad
925 2971 1108 3048 Sabariam

119 3099 338 3182 extenditur,
363 3093 464 3164 cuius
477 3089 585 3162 situm
609 3095 643 3156 et
662 3081 880 3154 fertilitatem
901 3089 936 3148 et
956 3072 1111 3148 salubri-

118 3218 226 3278 tatem
240 3193 368 3272 nostis:
396 3208 430 3266 et
445 3191 605 3264 scribunt
621 3183 751 3263 Graeci
765 3175 1110 3252 nomeoPannoniae

118 3309 250 3377 factum
274 3323 348 3370 esse
371 3321 411 3368 ex
433 3289 607 3374 Paeonia,
633 3285 730 3382 quod
750 3282 901 3353 maxime
925 3290 1124 3362 consents,

119 3430 228 3480 neum
248 3416 312 3478 est.
361 3398 543 3472 Paeonum
567 3402 684 3460 autem
706 3385 840 3454 mentio
861 3382 902 3452 fis
922 3381 1017 3472 apud
1033 3376 1111 3448 Ho-

120 3531 279 3592 merum,
305 3493 541 3594 Aeschylum,
564 3487 794 3585 Euripidem,
822 3497 856 3556 et
875 3483 964 3555 alios
978 3481 1111 3552 multos

121 3614 321 3704 scriptores.

224 3707 272 3782 Et
291 3683 436 3803 quidem
452 3693 643 3790 Euripides
657 3705 770 3763 terrae
781 3685 955 3760 Paeoniae
970 3682 1111 3776 glebam
1175 3745 1177 3752 ,

101 3781 241 3908 'inquit
258 3833 331 3880 esse
347 3814 549 3895 argenteam
569 3811 604 3868 et
625 3815 790 3878 auream,
815 3789 1015 3880 significans
1033 3785 1112 3878 opi-

121 3941 191 3988 nor
207 3915 258 3984 ibi
271 3902 563 4001 locupletissimas
577 3898 684 3969 fuisse
701 3913 808 3966 venas
825 3890 903 3962 auri
917 3903 951 3960 et
967 3887 1113 3982 argenti.

122 4020 196 4090 Nec
218 4014 376 4088 Paeones
395 4002 633 4076 ¹barbaricum
662 4019 773 4088 genus
804 3995 966 4064 fuerunt:
1003 3991 1061 4058 sed
1094 4015 1113 4058 a

1151 633 1309 706 iusticiae
1323 645 1359 702 et
1371 631 1563 702 modestiae
1579 633 1758 724 specimen
1774 632 1951 722 egregium
1968 635 2136 707 ostendit.

1151 734 1240 806 Nam
1255 733 1411 828 pepercit
1424 747 1547 826 capto,
1572 757 1638 800 nec
1655 733 1753 806 aliud
1776 735 1821 804 ab
1840 757 1880 802 eo
1897 734 2040 826 petivit,
2065 736 2137 806 nisi

1151 854 1192 908 ut
1205 837 1325 931 aequis
1340 835 1476 922 legibus
1493 835 1618 904 foedus
1634 857 1750 904 secssm
1772 836 1916 916 faceret,
1943 849 1982 906 ut
2007 821 2137 908 vicinia

1151 951 1224 1010 tota
1241 937 1434 1034 tranquilla
1450 949 1550 1017 esset,
1570 951 1604 1008 et
1620 936 1766 1006 remisso
1782 937 1820 1006 in
1836 960 2003 1026 regnum,
2026 939 2138 1008 filiam

1152 1041 1251 1112 dedit
1277 1062 1433 1110 uxorem.
1499 1033 1596 1108 Haec
1622 1038 1819 1108 moderatio
1844 1039 1882 1106 in
1903 1039 2050 1112 victoria
2075 1065 2141 1112 nc·

1153 1165 1328 1236 quaquam
1358 1138 1541 1210 barbarica
1571 1140 1732 1210 ducenda
1762 1153 1823 1216 est.
1889 1138 1961 1210 Nec
1989 1143 2140 1214 obscura

1152 1259 1236 1314 sunt
1264 1240 1397 1312 indicia
1424 1239 1566 1312 virtutis
1587 1241 1625 1308 in
1654 1254 1756 1331 gente
1780 1240 2003 1328 Pannonica,
2043 1225 2141 1337 quod

1152 1341 1337 1436 Evangelii
1365 1367 1485 1412 vocem
1508 1342 1626 1412 statim
1642 1340 1898 1433 Apostolorum
1920 1359 2079 1436 tempore
2095 1347 2142 1416 li·-

1153 1447 1276 1518 lsenter
1292 1445 1452 1538 amplexa
1468 1457 1530 1528 est,
1555 1445 1722 1536 quodque
1736 1445 1893 1516 nonalia
1909 1447 2006 1538 regio
2020 1447 2142 1540 plures

1154 1547 1381 1643 imperatores
1408 1543 1591 1618 Romanos
1621 1544 1767 1636 peperit.
1833 1543 2017 1620 Postremo
2046 1573 2145 1622 nuuc

1155 1673 1296 1744 quoque
1320 1660 1355 1718 et
1370 1643 1546 1718 Ecclesias
1565 1641 1633 1716 Dei
1656 1647 1826 1716 beneficio
1848 1663 1942 1722 recte
1965 1637 2143 1724 institutas

1155 1745 1262 1820 habet
1277 1749 1467 1840 plurimas,
1491 1747 1676 1842 inquibus
1693 1761 1726 1816 et
1750 1762 1852 1820 sonat
1877 1775 1943 1820 vox
1955 1747 2145 1842 Evangelii

1154 1853 1380 1944 incorrupta,
1407 1865 1440 1919 et
1459 1849 1529 1918 viri
1547 1847 1742 1920 doctissimi
1766 1849 1932 1936 uoniam
1958 1877 2040 1924 suos
2063 1867 2145 1924 tan-
2240 1847 2241 1850 ¹

1155 1969 1229 2026 tum
1246 1967 1364 2024 coetus
1380 1951 1561 2038 erudiunt,
1586 1951 1646 2020 sed
1663 1949 1769 2022 etiam
1783 1951 1936 2024 vicinam
1946 1953 2145 2042 Graeciam,

1156 2057 1258 2126 editis
1272 2052 1418 2126 Graecis
1434 2051 1572 2146 scriptis
1588 2039 1728 2125 docent.

1258 2187 1312 2260 De
1328 2184 1386 2259 his
1398 2187 1617 2260 ornamentis
1631 2201 1769 2258 tantum
1793 2189 1873 2259 ideo
1891 2193 2087 2261 verecunde
2111 2207 2146 2264 et

1157 2291 1312 2365 breviter
1334 2291 1451 2360 dicere
1473 2289 1593 2375 volui,
1624 2303 1665 2360 ut
1688 2290 1861 2382 imperitis
1887 2315 2041 2364 errorem
2071 2295 2147 2364 eri·
2215 2315 2218 2322 ·

1159 2419 1269 2479 mam,
1293 2418 1366 2489 quo
1383 2391 1501 2462 nescio
1521 2393 1617 2460 unde
1633 2415 1652 2459 a
1667 2387 1841 2476 Caucaso,
1867 2396 2022 2468 educunt
2040 2393 2147 2466 Hun-

1158 2520 1269 2590 garos.
1320 2491 1399 2568 Etsi
1419 2493 1515 2564 enim
1531 2493 1723 2586 aliquando
1746 2507 1781 2564 et
1802 2497 2006 2586 peregrinae
2028 2513 2147 2588 gentes

1158 2596 1406 2691 appetiverunt
1427 2593 1664 2684 Hungariam,
1696 2607 1739 2665 ut
1767 2593 1907 2690 lazyges
1931 2596 2058 2669 lunum
2087 2625 2149 2670 co·

1159 2700 1275 2782 lunia,
1300 2691 1572 2781 nostriGotthi,
1598 2707 1631 2767 et
1651 2708 1769 2786 postea
1779 2693 1924 2782 Hunni,
1948 2715 1987 2769 ut
2003 2702 2148 2772 caeteris

1160 2802 1324 2892 gentibus
1347 2799 1451 2870 etiam
1478 2797 1877 2888 peregrinae-admixtae
1899 2801 2060 2894 suerunt,
2093 2818 2149 2875 ta-

1160 2927 1243 2973 men
1258 2913 1393 2970 veteres
1408 2893 1554 2968 Paeonii
1571 2910 1739 2992 tanquam
1764 2896 1951 2991 indigenae
1970 2917 2006 2975 et
2022 2929 2151 2975 verna..

1162 3005 1241 3075 cnla
1263 3001 1454 3073 multitudo
1476 2999 1513 3070 in
1540 3021 1601 3069 sua
1624 3001 1706 3069 sede
1727 3017 1944 3075 manserunt.
2001 3003 2059 3075 Ad
2083 3003 2150 3076 hos

1163 3107 1280 3195 potius
1293 3103 1466 3174 celeratur
1480 3101 1599 3192 origo,
1625 3123 1706 3171 cum
1720 3103 1764 3170 de
1778 3102 1905 3197 stirpe,
1930 3105 1979 3174 de·
1997 3105 2150 3197 ingeniis

1162 3223 1197 3279 et
1212 3209 1257 3278 de
1272 3204 1460 3298 disciplina
1476 3204 1552 3274 eius
1565 3203 1681 3293 gentis
1697 3203 1841 3280 dicitur.
1907 3209 1916 3264 Γ
1938 3269 1939 3272 ,

1265 3339 1431 3411 Delector
1445 3351 1479 3410 et
1499 3338 1655 3410 nomine.
1706 3335 1796 3409 Nam
1812 3325 1936 3414 notos
1951 3357 2001 3415 est
2021 3343 2151 3418 seriens

1164 3443 1259 3538 quod
1275 3456 1308 3513 et
1322 3437 1485 3534 Apollini
1503 3443 1541 3510 in
1563 3441 1670 3512 sacris
1685 3434 1828 3535 hymnis
1854 3445 2064 3515 attributum
2089 3463 2151 3534 est,

1163 3559 1197 3618 et
1209 3557 1327 3638 postea
1343 3543 1381 3613 in
1393 3537 1670 3636 triumphalibus
1697 3543 1915 3614 carminibus
1943 3563 2151 3640 usurpatum

1165 3663 1233 3733 est,
1258 3662 1298 3718 ut
1315 3645 1409 3717 scitis
1426 3643 1563 3714 Paeana
1581 3644 1653 3712 dici
1670 3639 1885 3736 triumphale
1903 3670 2055 3718 carmen.
2087 3647 2152 3724 ‚lta

1164 3749 1349 3842 paeoniam
1361 3759 1454 3818 recte
1465 3745 1779 3838 interpretabimur
1787 3747 1964 3818 victricem
1979 3765 2012 3820 et
2024 3751 2152 3824 trium-

1165 3847 1318 3947 phalem.
1367 3845 1421 3920 Ac
1437 3849 1543 3918 talem
1561 3847 1624 3918 diu
1640 3843 1747 3918 fnisse
1760 3871 1815 3918 res
1829 3851 1994 3926 ostendit.

1265 3983 1357 4058 Nam
1371 3998 1412 4056 ut
1426 3985 1469 4054 ad
1494 3984 1659 4076 propiora
1677 3983 1834 4070 veniam,
1861 4008 1966 4077 quem
1985 3982 2073 4056 mihi
2089 3957 2153 4058 da-

122 4121 263 4191 Paeone
278 4109 443 4199 Herculis
460 4103 600 4182 comite,
625 4098 816 4170 multitudo
832 4119 872 4164 ex
891 4092 1040 4165 Graecia
1056 4092 1114 4160 iu-
1167 4089 1250 4158 bitis
1265 4110 1381 4178 regem
1398 4099 1459 4156 aut
1476 4086 1600 4154 ducem
1615 4083 1736 4154 moltis
1756 4084 1883 4154 seculis
1898 4087 2152 4160 conterendum

124 4223 246 4294 stituta
263 4212 411 4286 honesta
426 4205 634 4298 disciplina,
659 4201 796 4290 legibus
813 4211 848 4268 et
867 4197 1000 4268 artibus
1026 4192 1114 4264 civi·
1165 4191 1210 4261 ad
1224 4185 1417 4260 Huniaden
1428 4181 1603 4256 Matthiae
1619 4199 1753 4276 patrem
1770 4185 1935 4258 comitem
1944 4185 2153 4264 Bistricien-

102 4311 221 4394 'libus
243 4319 282 4388 in
297 4318 358 4388 illa
375 4310 573 4386 loca-ducta
591 4317 660 4383 est,
687 4324 776 4406 quae
800 4298 944 4390 quidem
970 4309 1115 4389 propter
1166 4317 1253 4370 sem.
1301 4287 1365 4362 Bis
1384 4289 1422 4358 in
1438 4287 1639 4378 interregno
1659 4288 1828 4357 adversus
1849 4289 1940 4358 duos
1961 4265 2154 4366 assdacissi-

107 4422 317 4512 ¹iustitiam,
351 4409 637 4486 beneficentiam,
669 4399 914 4474 fortitudinem
943 4412 977 4470 et
1006 4398 1115 4468 indu·-
1167 4415 1243 4464 mos
1264 4403 1298 4462 et
1325 4389 1569 4462 foelicissimos
1594 4386 1766 4460 Turcicos
1795 4402 1966 4482 tyrannos
1999 4389 2153 4466 Amura-

107 4525 249 4622 'seriam
269 4523 338 4590 late
361 4535 507 4610 regnare
529 4511 572 4580 ad
600 4505 827 4600 Strymonem
856 4515 891 4572 et
914 4502 959 4571 ad
987 4499 1114 4568 istrum
1167 4489 1254 4588 then
1279 4506 1313 4564 et
1327 4486 1573 4564 Mahometum
1595 4492 1751 4582 primum
1777 4490 1898 4562 divina
1919 4517 2006 4586 ope,
2032 4512 2153 4586 postea

127 4626 254 4718 coepit.
305 4618 411 4716 Apud
429 4601 830 4702 hosregnavitRhesus,
857 4603 1115 4696 quinonesset
1167 4593 1475 4668 Huniadaeducis
1509 4593 1710 4676 laboribus,
1751 4605 1786 4662 et
1813 4592 1945 4668 virtute
1966 4593 2152 4670 Pannonia

126 4732 243 4802 dietus
267 4723 361 4794 filius
376 4717 503 4790 Musae
520 4703 793 4804 Terpsichores,
818 4706 889 4779 uisi
906 4703 942 4772 in
963 4704 1005 4772 iis
1030 4701 1115 4772 locis
1168 4699 1311 4768 defensa
1334 4709 1404 4782 est,
1434 4695 1571 4789 luitque
1590 4688 1650 4766 hic
1672 4693 1746 4779 vir,
1779 4717 1855 4764 non
1879 4697 2004 4778 modo,
2045 4713 2086 4770 ut
2107 4697 2150 4770 ds

109 4829 291 4916 ‚doctrina
320 4823 511 4902 virtutum,
550 4809 737 4904 disciplina
768 4801 916 4877 honesta
940 4817 975 4878 et
997 4803 1116 4896 aliqua
1169 4795 1310 4872 Achille
1329 4795 1507 4868 Homerus
1531 4797 1665 4890 inquit,
1690 4790 1931 4883 Achivorum,
1962 4800 2021 4868 sed
2043 4803 2153 4875 totius

126 4933 259 5006 artium
275 4922 430 5015 cognitio
444 4919 578 4988 inisset.
633 4911 803 4980 Videmus
823 4921 858 4978 et
872 4903 1115 4976 Alexandrum
1169 4902 1326 4994 reliquae
1348 4895 1515 4990 Europae
1538 4921 1682 4980 murus,
1716 4921 1780 4968 nec
1801 4898 1913 4970 animi
1937 4903 2153 4990 magnitudo,

127 5039 174 5107 de
196 5029 374 5127 equitibus
390 5017 554 5094 Paeoniis
579 5014 757 5108 praeclare
778 5009 942 5094 sensisse,
968 5031 1048 5078 cum
1070 5009 1116 5076 ad
1170 5027 1234 5074 nec
1248 5003 1356 5088 vires,
1377 5025 1423 5070 ne
1439 4999 1637 5070 occasiones
1651 4999 1793 5094 quidem
1809 5001 1955 5072 deerant
1975 5000 2154 5077 velAmu-

126 5133 343 5232 periculosas
357 5144 492 5220 pugnas
507 5141 585 5190 cam
600 5116 760 5210 equitum
779 5126 930 5183 turmam
947 5109 1116 5180 delectam
1169 5099 1283 5188 rathi,
1315 5103 1372 5172 vel
1394 5096 1599 5173 Mahometo
1625 5105 1669 5170 ad
1695 5103 1935 5192 occupandam
1960 5099 2097 5176 ltaliam
2110 5116 2154 5180 ‘et

127 5234 303 5328 singulari
318 5225 468 5302 consilio
485 5243 588 5312 saepe
609 5217 734 5302 mittit.
785 5211 1118 5310 Taliseorumvir-
1170 5205 1421 5290 Germaniam,
1447 5203 1517 5274 uisi
1534 5197 1640 5274 huius
1655 5204 1763 5274 unius
1787 5202 1855 5272 viri
1871 5201 2060 5278 Huniadae
2081 5210 2158 5279 vir.

128 5359 187 5416 tus
208 5358 281 5410 esse
307 5355 381 5403 non
400 5322 537 5422 potuit,
565 5317 636 5390 nisi
658 5331 694 5390 et
712 5314 904 5390 domestica
929 5310 1117 5406 disciplina
1169 5324 1225 5382 tos
1242 5321 1276 5379 et
1288 5305 1460 5379 foelicitas
1476 5305 1572 5377 velut
1588 5305 1725 5377 obiecta
1741 5303 1870 5387 moles,
1894 5307 2027 5378 flumen
2045 5318 2157 5382 exun-

1170 5414 1259 5484 dans
1280 5407 1510 5503 repressisset.
1563 5405 1636 5480 Nec
1650 5406 1837 5501 quisquam
1862 5429 1982 5501 regum
2001 5426 2062 5485 aut
2087 5415 2156 5486 dss-

127 5435 310 5540 probabili
322 5423 514 5507 adsuefacti
530 5431 659 5494 essent.
1452 5509 1502 5583 6²

182 5541 369 5616 Msssrr'm
397 5537 502 5603 Orsa.
527 5523 613 5599 Vos.
639 5523 702 5592 x1.
