4616 5816
78 287 141 362 493
435 325 442 362 t
561 279 726 364 unct..
758 279 833 358 DE
866 274 1311 360 RESTITUENDIS
1343 275 1604 360 SCHOLIS.
2023 289 2100 384 494

211 459 313 548 thue
328 465 404 528 altos
418 456 525 528 etii'ele
538 467 698 548 relligione
713 461 867 544 donarant,
1105 453 1200 526 iuter
1225 475 1314 548 quos
1343 475 1400 522 me
1428 473 1570 550 quoqne
1597 455 1699 530 vobis
1729 461 1951 536 commendo.
2007 458 2099 532 Nam

266 565 430 650 contiguas
444 569 540 650 pietas
554 569 642 630 inuit
656 567 766 630 habere
780 567 898 632 domos.
1106 569 1140 628 et
1155 556 1259 626 fidem
1276 579 1317 626 ac
1329 554 1551 646 diligentiam
1566 560 1762 649 praestabo,
1786 574 1820 632 et
1835 585 1947 657 genus
1963 563 2096 634 doctri-

75 658 153 734 Cnm
172 673 291 741 autem
313 661 497 754 Principes
521 663 594 734 sint
618 663 780 734 custodes
800 659 976 734 humanae
994 683 1052 732 so·
1104 682 1170 728 nae
1195 657 1295 750 pium
1318 657 1497 749 profiteor.
1549 656 1757 752 Amplector
1780 663 1877 733 enim
1900 688 1983 736 vere
2004 680 2095 738 etex

74 760 211 847 cientis,
245 777 338 834 certe
362 759 430 834 hoc
454 765 592 836 efficere
608 765 758 850 debent,
791 777 962 859 quantum
984 762 1054 855 ipsi
1103 759 1223 832 animo
1258 781 1468 830 consensum
1509 756 1703 834 catholicae
1737 760 1916 836 Ecclesiae
1946 761 2094 852 Christi,

73 879 227 958 possunt,
260 878 301 936 ut
322 861 425 936 Deus
442 880 535 938 recte
558 866 766 941 celebretur.
817 863 1053 938 Armentariis
1102 856 1172 932 hoc
1187 875 1251 946 est,
1276 862 1475 932 doctrinam
1492 857 1627 935 Christi
1645 879 1680 936 ct
1697 860 1960 956 Apostolorum,
1985 881 2019 938 et
2033 891 2094 963 es-

74 967 143 1036 satis
157 979 226 1052 est,
252 967 447 1057 pecudibus
466 969 637 1060 pabulum
653 991 788 1043 curare.
839 965 889 1038 Hi
905 968 966 1062 qni
985 962 1053 1038 ho·
1103 964 1329 1056 plicationem
1363 964 1528 1034 traditam
1563 965 1603 1034 in
1635 964 1832 1060 Symbolis,
1863 967 2095 1062 ¹Apostolico,

73 1068 197 1138 minum
214 1083 336 1138 coctus
357 1081 503 1160 regunt,
529 1093 604 1142 non
625 1083 764 1142 tantum
785 1072 947 1142 custodes
969 1081 1053 1140 sunt
1103 1064 1238 1136 Niceno
1253 1077 1288 1136 et
1301 1059 1558 1141 Athanasiauo.
1591 1061 1639 1139 Et
1654 1091 1735 1138 cum
1751 1067 1943 1144 inciderint
1958 1071 2095 1144 discor-

72 1169 153 1240 vitae
166 1192 370 1261 corporum,
386 1172 446 1240 sed
459 1171 546 1260 legis
560 1195 600 1242 ac
613 1171 838 1262 disciplinaet
863 1171 943 1242 ideo
955 1165 1053 1242 Deus
1103 1167 1203 1254 diae,
1235 1167 1347 1238 fateor
1372 1191 1429 1236 me
1457 1166 1588 1238 sentire
1616 1191 1697 1240 cum
1717 1165 1909 1259 Ecclesiis,
1941 1197 2094 1267 quamm

73 1272 116 1342 eis
135 1271 294 1365 impertit
316 1270 518 1346 societatem
534 1273 590 1344 sui
608 1272 785 1360 nominis,
809 1287 850 1344 nt
864 1271 933 1344 Dei
947 1273 1052 1358 dona,
1103 1282 1196 1340 extat
1210 1267 1385 1340 confessio
1400 1265 1617 1358 Augustana,
1643 1284 1678 1342 et
1692 1267 1758 1344 has
1771 1273 1890 1344 iudico
1904 1275 1995 1346 tueri
2012 1299 2094 1368 per-

12 1431 13 1436 ,
73 1372 105 1443 id
126 1385 192 1457 est,
223 1372 456 1463 religionem,
489 1373 683 1460 iusticiam,
709 1373 953 1466 disciplinam,
985 1397 1052 1465 pa·
1103 1381 1249 1462 petuum
1270 1392 1480 1442 consensum
1502 1395 1604 1442 verae
1625 1367 1804 1446 Ecclesiae
1823 1376 1984 1448 omniurn
2004 1390 2094 1448 tem-

73 1499 137 1544 cem
159 1474 255 1544 inter
274 1469 440 1546 homines
462 1490 633 1570 tanquam
644 1475 771 1576 ¹vicarii
785 1473 855 1548 Dei
875 1489 1053 1548 tueantur.
1104 1495 1251 1563 porum,
1290 1467 1549 1562 Prophetarum
1582 1487 1618 1546 et
1640 1471 1908 1566 Apostolorum.
1970 1475 2012 1548 lu
2035 1473 2093 1548 his
2228 1475 2234 1489 ‘

73 1571 141 1646 Oro
171 1575 282 1665 igitur
306 1574 502 1649 Dominum
532 1591 695 1650 nostrum
722 1575 838 1650 lesum
867 1573 1051 1651 Christum
1102 1573 1222 1660 iudico
1238 1573 1369 1643 multos
1385 1574 1552 1644 articulos
1565 1576 1747 1648 doctrinae
1761 1573 1984 1650 Christianae
1999 1593 2094 1650 recte

73 1677 172 1748 blium
195 1675 286 1763 Dei,
307 1692 349 1750 ut
371 1680 544 1770 gubernet
567 1692 602 1750 et
620 1692 746 1770 augeat
768 1675 860 1752 hanc
882 1674 1053 1766 scholam,
1103 1688 1138 1746 et
1161 1675 1219 1766 pic
1237 1687 1426 1744 renovatos
1440 1689 1485 1760 et
1507 1676 1700 1750 illustratos
1722 1700 1807 1755 esse.
1855 1673 1947 1750 Cum
1963 1676 2020 1752 bis
2036 1679 2093 1752 iu-

74 1779 221 1850 etstndia
237 1774 367 1850 harum
384 1779 542 1871 gentium
569 1782 738 1852 exuscitet
758 1781 964 1854 adsalutem
981 1776 1052 1852 Ec-
1082 1777 1183 1848 ‘dico
1224 1776 1329 1846 etiarn
1362 1799 1444 1846 vere
1477 1801 1671 1868 congruere
1704 1780 1893 1872 scriptores
1930 1781 2093 1874 puriores
2202 1853 2206 1860 ,

73 1879 192 1966 clasiae,
216 1905 323 1974 quam
335 1879 526 1954 FiliusDei
542 1882 592 1953 sic
606 1895 711 1968 amat,
733 1895 774 1954 ut
788 1905 867 1954 eam
879 1882 1052 1972 sauguine
1102 1879 1223 1949 dextre
1245 1877 1453 1963 intellectos,
1478 1875 1722 1966 Ambrosium,
1746 1878 1999 1974 Augustinum,
2024 1881 2095 1952 Hi-

74 2004 128 2051 suo
149 1981 350 2068 redemerit.
407 1981 481 2055 Vos
509 1985 613 2056 etiam
646 1984 710 2078 qui
740 1979 833 2055 hanc
861 1985 987 2055 urbem
1016 1997 1052 2055 et
1102 1979 1252 2064 larium,
1283 1977 1479 2058 Basilium,
1518 1975 1785 2074 Epiphanium,
1821 1981 2093 2060 Nazianzenum.

74 2077 152 2152 hanc
163 2079 390 2154 Academiam
407 2085 541 2175 regitis,
565 2079 734 2167 obtestor.
748 2099 798 2158 ,ut
811 2109 892 2156 cum
907 2095 1050 2177 operam
1102 2077 1150 2152 Et
1165 2103 1366 2174 quanquam
1389 2080 1552 2152 odiosum
1572 2096 1623 2154 cst
1644 2107 1776 2154 nomen
1797 2084 2013 2172 discordiae,
2038 2101 2094 2160 ta-

73 2179 302 2264 scholasticam
323 2180 502 2256 Ecclesiae
524 2185 756 2258 necessariam
776 2210 848 2258 esse
873 2186 1051 2276 intelliga-
1102 2205 1185 2252 men
1198 2183 1311 2252 sentio
1327 2176 1414 2252 haec
1429 2183 1745 2278 certamina-quae
1761 2187 1805 2256 de
1819 2187 1980 2259 doctrina
1995 2203 2091 2261 mota

12 2283 13 2362 ἶ
75 2285 120 2365 tis,
143 2309 197 2354 me
211 2281 402 2376 hospitem,
428 2301 463 2358 et
476 2302 673 2360 versamem
686 2287 725 2358 in
741 2287 878 2358 difficili
892 2311 1052 2373 munere,
1103 2296 1204 2369 sunt,
1232 2283 1425 2354 necessaria
1448 2297 1481 2354 et
1504 2285 1677 2358 divinitus
1697 2287 1843 2358 excitata
1861 2309 1944 2362 esse.
1997 2287 2093 2378 Quia

12 2393 13 2396 ’
74 2401 171 2456 vestra
187 2387 435 2460 benevolentia
456 2389 683 2460 confirmetis.
735 2387 866 2461 Sumus
887 2412 954 2460 uos
969 2389 1052 2483 qui·
1102 2385 1231 2456 Daniel
1249 2398 1283 2455 et
1304 2381 1438 2454 Paulus
1454 2386 1693 2458 vaticinantur
1716 2389 1900 2478 postremis
1921 2393 2093 2482 tempori-

12 2505 14 2580 }
74 2489 141 2555 dem
156 2489 261 2583 longe
276 2488 463 2560 inferiores
480 2491 552 2560 illis
566 2491 715 2562 summis
730 2491 837 2572 viris,
861 2492 1052 2585 dequibus
1103 2489 1169 2558 bns
1183 2482 1249 2556 hos
1264 2487 1403 2556 futuros
1416 2509 1490 2556 esse
1515 2511 1645 2579 agones
1667 2488 1810 2582 piorum
1831 2492 2000 2562 adversus
2022 2492 2093 2562 im-

75 2603 161 2658 antea
191 2590 288 2672 dixi,
323 2590 385 2684 qui
412 2591 499 2660 olim
525 2589 705 2664 Ecclesiae
731 2593 847 2664 studia
873 2605 1051 2678 rexerunt,
1102 2588 1180 2680 pios
1202 2585 1392 2658 Pontifices
1414 2587 1453 2656 in
1475 2584 1653 2676 Ecclesia,
1686 2591 2091 2678 defendentesmanife-

73 2684 159 2774 Elia,
187 2687 331 2776 Eliseo,
363 2687 488 2775 Esaia,
529 2690 696 2780 Ieremia,
727 2690 895 2778 Daniele,
925 2690 1052 2779 Esdra,
1102 2703 1189 2760 stam
1223 2683 1516 2782 εἰδωλομανίαν,
1551 2704 1587 2763 et
1620 2706 1818 2764 exercentes
1850 2690 2093 2766 Neronianam

12 2835 13 2852 2
73 2793 123 2859 sed
138 2793 172 2860 in
187 2816 336 2864 munere
354 2813 498 2884 prorsus
515 2795 639 2864 eodem
655 2818 848 2868 versamur.
879 2793 953 2866 Nec
968 2819 1049 2866 raro
1102 2788 1283 2860 saevitiam
1299 2789 1339 2858 in
1352 2793 1511 2862 membra
1525 2788 1671 2865 Christi·
1715 2789 1770 2864 Ac
1787 2795 2013 2886 praemonuit
2025 2819 2111 2867 nos·

12 2981 13 2986 Ἰ
73 2913 125 2981 ego
141 2893 210 2984 ipse
228 2907 304 2964 toto
319 2919 466 2986 corpore
482 2891 721 2986 perhorresco,
742 2897 900 2992 cogitans
913 2897 1050 2986 magni·
1101 2890 1258 2984 Spiritus
1273 2904 1424 2977 sanctus,
1445 2907 1487 2965 ut
1503 2917 1583 2964 cum
1597 2893 1789 2966 inciderint
1803 2897 2006 2984 certamina,
2033 2921 2093 2969 co-

12 3007 14 3018 '
75 2996 217 3064 tudinem
235 2995 371 3079 oneris,
397 2999 492 3088 quod
510 2998 740 3082 sustinemus,
765 3015 800 3070 et
815 2999 958 3067 intuens
972 2998 1050 3066 ani.
1101 2994 1251 3082 gitemus
1268 2991 1331 3062 ubi
1347 2992 1393 3063 sit
1409 3017 1490 3064 vera
1506 2991 1684 3082 Ecclesia,
1707 3020 1781 3067 non
1796 3009 1992 3070 terreamur
2005 2999 2093 3071 titu-

74 3117 122 3164 no
141 3096 220 3166 illos
234 3110 371 3167 veteres
388 3100 495 3168 duces
516 3113 676 3184 nostros,
700 3123 789 3194 quos
809 3100 917 3186 longo
938 3100 1050 3170 inter·
1101 3096 1146 3165 lis
1159 3093 1407 3164 sceleratorum
1422 3093 1648 3183 Pontificum,
1673 3121 1739 3168 nec
1755 3097 1865 3170 simus
1878 3099 2014 3172 socii'et
2028 3103 2093 3172 ad-

73 3196 154 3266 vallo
166 3199 349 3290 sequimur
364 3197 495 3271 inertes
510 3211 546 3268 et
558 3198 698 3288 ignavi,
718 3213 823 3294 atque
840 3197 931 3270 hanc
946 3201 1050 3272 dissi·
1100 3195 1258 3266 ministri
1285 3195 1416 3287 impiae
1438 3199 1652 3293 tyrannidis.
1709 3197 1793 3271 Non
1824 3199 1940 3291 igitur¹
1957 3226 2093 3274 novum

74 3295 300 3369 militudinem
324 3323 405 3369 cum
428 3313 574 3392 reputo,
607 3325 682 3370 uon
707 3301 821 3371 solum
845 3302 1048 3374 docentium
1100 3297 1283 3368 doctrinae
1311 3299 1711 3388 genus-comminiscar,
1742 3325 1815 3372 una
1844 3317 1897 3376 est
1922 3318 2093 3396 perpetua

74 3395 351 3486 imbecillitatem,
374 3402 436 3472 sed
452 3397 644 3474 Ecclesiam
659 3403 819 3494 deploro,
842 3428 932 3497 quae
947 3401 1049 3498 quasi
1099 3395 1274 3482 Ecclesia,
1295 3396 1335 3467 iu
1349 3421 1419 3491 qua
1433 3397 1548 3472 Filius
1562 3401 1633 3472 Dei
1654 3417 1871 3495 perpetres,
1894 3400 2092 3498 Prophetas

75 3514 216 3572 senectae
235 3501 499 3589 imbecillitate,
522 3503 643 3596 omnia
665 3505 825 3574 membra
847 3501 951 3576 habet
970 3506 1049 3574 lan·
1099 3497 1335 3592 etApostolos
1360 3523 1478 3570 veram
1489 3500 1558 3572 Dei
1573 3503 1741 3575 noticiam
1757 3504 1923 3591 tradidit,
1947 3518 1982 3577 et
1997 3520 2093 3578 taxat

74 3603 238 3688 gnidiora,
273 3616 448 3676 ettamen
475 3603 662 3698 postremis
688 3605 908 3697 temporibus
934 3605 1059 3699 pluri·x
1098 3601 1343 3694 persuasiones
1368 3605 1641 3679 contumeliosas
1657 3605 1826 3676 adversus
1841 3607 1979 3691 Deum,
2003 3631 2092 3702 quas

12 3759 13 3764 ,
74 3724 159 3772 mum
179 3704 329 3797 periculi
356 3700 558 3778 habituram
582 3729 656 3778 esse
679 3701 842 3778 Christus
866 3705 1049 3800 praedixit.
1099 3701 1232 3796 spargit
1246 3701 1409 3774 diabolus
1425 3703 1507 3774 odio
1523 3705 1600 3778 Dei.
1633 3701 1693 3776 Ad
1707 3705 1807 3778 illam
1822 3731 1940 3779 veram
1955 3703 2091 3780 Christi
2150 3783 2153 3790 Δ

74 3799 151 3874 Nam
174 3832 244 3900 quo
269 3805 415 3898 propius
439 3807 547 3879 instat
566 3808 642 3878 dies
663 3808 809 3879 extremi
829 3808 972 3891 iudicii,
1006 3831 1049 3878 eo
1098 3801 1315 3890 Ecclesiam,
1340 3827 1437 3876 nnnc
1457 3829 1599 3902 quoque
1620 3807 1886 3898 belligerantem
1907 3833 1988 3882 cum
2010 3811 2094 3881 dia·

74 3904 222 3978 diabolus
248 3907 418 3980 furiosius
439 3907 604 3980 irascitur
626 3904 791 3994 Christo,
823 3910 894 3980 iarn
915 3909 1049 3982 scilicet
1099 3907 1205 3993 bolo,
1230 3919 1265 3978 et
1285 3905 1550 3980 dissentientem
1572 3933 1592 3980 a
1612 3905 1865 3998 Pontificibus,
1887 3911 1951 4004 qni
1972 3913 2091 3983 idolo-

74 4005 254 4079 formidans
277 4009 509 4092 sententiam,
536 4011 575 4080 in
597 4035 665 4106 qua
689 4010 856 4082 omnibus
879 4012 1050 4084 creaturis
1099 4009 1255 4080 maniam
1278 4007 1493 4092 detendunt,
1521 4025 1556 4084 et
1573 4009 1751 4084 trucidant
1773 4013 1931 4084 membra
1946 4009 2092 4102 Christi,

12 4183 13 4190 g
74 4109 197 4197 patefiet
216 4111 403 4204 turpitudo
430 4111 601 4182 immensa
629 4111 872 4204 superbissimi
892 4113 1050 4206 spiritus,
1098 4123 1278 4181 utomnes
1291 4109 1344 4202 pii
1357 4110 1553 4202 adiungere¹
1570 4133 1608 4182 se
1629 4112 1778 4199 debent,
1802 4113 1853 4186 ita
1875 4137 1933 4184 me
1948 4137 2091 4210 quoque

76 4219 103 4276 et
120 4211 287 4284 emolatus
314 4212 425 4304 ipsius
446 4207 616 4284 horrendi
640 4214 875 4303 augebuntur.
926 4214 1048 4310 ltaque
1099 4223 1172 4283 tota
1197 4223 1315 4281 mente
1339 4224 1374 4282 et
1389 4224 1463 4282 toto
1479 4226 1620 4303 pectore
1641 4213 1815 4305 adiungo,
1840 4238 1881 4286 ac
1903 4239 2029 4310 precor
2048 4241 2091 4288 ex

76 4309 147 4379 odio
170 4308 305 4384 Christi
335 4313 458 4386 incitat
491 4313 644 4400 Turcas,
676 4313 883 4401 Pontifices,
918 4314 1049 4409 impios
1099 4309 1361 4384 animoFilium
1370 4309 1448 4399 Dei,
1472 4313 1667 4386 Dominum
1681 4329 1843 4388 nostrum
1859 4314 2089 4392 lesumChri·

75 4404 187 4502 Reges,
210 4415 365 4508 denique
380 4415 500 4485 omnia
515 4440 578 4486 sua
595 4437 725 4506 organa
741 4415 909 4487 adversus
923 4413 1049 4489 Eccle-
1099 4429 1216 4498 stum,
1240 4427 1281 4484 ut
1296 4412 1533 4486 ministerium
1548 4431 1667 4486 meum
1684 4419 1877 4506 gubernet,
1901 4443 1941 4490 ac
1955 4443 2021 4515 per
2032 4445 2089 4491 me

75 4509 162 4589 siam.
209 4511 264 4586 Eo
288 4517 399 4608 magis
427 4517 646 4607 vigilandum
677 4529 713 4587 et
741 4521 972 4610 pugnandum
997 4532 1049 4590 est
1099 4515 1146 4588 sit
1161 4515 1302 4597 efficax,
1327 4527 1369 4587 ut
1391 4515 1506 4588 adluit
1528 4517 1707 4608 patribus,
1730 4513 1916 4610 Prophetis
1938 4518 2091 4613 etllpo-

76 4613 185 4701 nobis,
209 4629 249 4688 ut
271 4617 373 4688 furor
387 4619 522 4714 diaboli
545 4617 774 4711 impediatur:
799 4643 897 4711 reges
915 4621 1047 4714 turpis·
1098 4617 1216 4704 stolis3
1242 4617 1353 4710 ipsius
1370 4619 1465 4688 enirn
1487 4619 1566 4690 laus
1583 4618 1769 4707 victoriae,
1795 4619 1865 4713 ipsi
1886 4618 2089 4713 triumphus

76 4711 151 4784 sime
171 4717 291 4792 sinunt
316 4719 465 4810 grassari
488 4715 642 4808 Turcas,
672 4715 841 4814 Episcopi
865 4724 1049 4814 negligunt
1099 4721 1265 4805 debetur,
1298 4721 1362 4812 qui
1386 4718 1498 4791 vincit
1523 4720 1722 4794 diabolum:
1756 4735 1877 4808 nqstra
1901 4723 2089 4797 iufirmitas

76 4805 244 4892 Ecclesias.
302 4819 422 4910 Quare
444 4819 521 4913 pios
543 4819 726 4914 Principes
749 4837 784 4896 et
810 4838 964 4896 caeteros
985 4826 1048 4920 qui
1098 4847 1174 4894 non
1192 4833 1243 4892 est
1259 4844 1324 4912 par
1345 4833 1462 4892 tantae
1477 4821 1719 4905 dimicationi,
1743 4827 1806 4896 sed
1829 4824 1904 4917 ipse
1919 4825 1996 4894 vult
2019 4824 2089 4916 piis

77 4937 245 5006 praesunt,
270 4923 386 4997 anniti
409 4923 524 5010 decet,
555 4939 596 4996 ut
616 4939 787 5020 quantum
809 4947 873 4997 suo
897 4926 1047 5022 quisque
1099 4925 1239 5010 adesse,
1262 4935 1297 4992 et
1313 4925 1519 4994 conculcare
1534 4936 1639 5016 capnt
1656 4925 1848 5017 serpentis,
1873 4920 2022 5011 horest,
2048 4938 2089 4998 ut

77 5013 144 5089 loco
156 5037 288 5114 potest,
310 5027 465 5100 sarciant
479 5028 623 5098 illorum
639 5026 908 5118 negligentiam,
934 5029 1047 5100 honos
1099 5023 1250 5097 loannes
1267 5023 1535 5116 interpretatur,
1560 5027 1741 5098 destruere
1755 5049 1863 5118 opera
1879 5025 2026 5102 diaboli.

78 5118 223 5196 doctores
247 5141 435 5222 quaerant,
464 5130 682 5201 constituant
705 5125 898 5216 Ecclesiae,
923 5144 1047 5202 curent
1199 5125 1284 5198 Fuit
1305 5121 1482 5198 Ecebolus
1502 5126 1646 5220 quidam
1669 5122 1793 5198 rhetor
1814 5141 1973 5219 tempore
1990 5124 2090 5200 Con·

79 5221 116 5289 sd
142 5241 295 5318 posteros
327 5230 514 5323 propagari
547 5227 793 5322 Evangelium.
854 5228 1047 5304 Auditores
1098 5229 1230 5314 standi,
1253 5229 1284 5300 is
1297 5240 1337 5300 ut
1351 5231 1499 5318 gratiam
1514 5244 1752 5320 aucuparetur
1760 5227 1949 5321 Principis,
1969 5230 2089 5322 bapti-

79 5321 169 5396 etiam
184 5325 512 5422 propterChristum
521 5329 732 5420 Dominum,
749 5357 790 5404 ac
804 5333 911 5406 officii
925 5333 1047 5424 digni-
1098 5343 1281 5416 natusest,
1306 5342 1341 5400 et
1362 5344 1401 5402 ut
1421 5329 1490 5404 fuit
1511 5329 1712 5402 indicendo
1726 5324 1937 5418 vehemens,
1961 5331 2089 5414 acriter

78 5435 170 5499 tatem
184 5448 340 5508 amanter
354 5447 507 5510 tractent
521 5434 612 5507 bdos
624 5430 814 5529 Evangelii
826 5437 1047 5531 interpretes,
1099 5432 1223 5505 solitus
1249 5445 1302 5506 est
1324 5445 1441 5504 taxare
1465 5431 1734 5510 idolomaniam.
1792 5429 1919 5507 Postea
1937 5433 2005 5506 sub
2025 5429 2088 5506 lu·
2201 5447 2211 5479 ·
