4646 5824
90 271 161 348 an
676 263 841 348 nucu
873 259 1126 344 nnuma
1155 199 1585 347 aemonius]
1687 291 1689 294 ·
1793 359 1794 364 Ν
2040 274 2119 357 ns

88 459 119 518 et
131 441 296 518 hunam
315 442 466 516 discere:
492 454 528 514 et
550 439 727 534 ingeniosi
740 391 778 514 et
797 439 944 514 facundi
959 439 1074 513 disce-
1122 436 1176 510 ria
1194 438 1460 523 affectaremus,
1489 461 1566 510 non
1581 439 1883 532 expostulabimur
1894 465 1975 518 cum
1990 437 2115 522 'lllsen-¹

87 547 167 618 bant
187 540 427 630 Rhenruen,
462 557 498 616 et
519 544 838 616 declamationibus
860 543 1072 614 exerceban-
1123 543 1229 612 doro:
1261 543 1371 612 credo
1394 540 1491 610 enim
1512 540 1631 612 virum
1661 563 1736 614 uon
1760 539 1876 617 solum
1894 549 2113 639 ‘eruditione

87 661 156 732 tor,
186 669 258 739 quo
287 646 326 716 in
354 651 482 737 genere
501 669 574 716 una
595 669 676 718 curo
701 644 863 717 nobiliss.
887 641 1074 716 Romano-
1121 644 1182 714 sed
1213 643 1318 715 etiam
1348 641 1522 734 sapientia
1551 657 1806 736 praestantem,
1832 660 1874 716 ut
1898 649 2112 739 audivimus,

86 772 160 830 rom
181 747 306 818 liberis
328 761 474 840 apparet
490 745 751 842 Hieronymum
767 746 832 816 diu
847 745 1072 838 multumque
1120 767 1200 816 cum
1225 743 1366 816 dicendi
1396 766 1524 835 genera
1554 745 1802 818 conferrentur
1824 741 1892 818 hoc
1918 749 2014 836 loco,
2048 755 2113 846 qui

86 849 304 922 exercitatum
325 871 416 918 esse:
437 871 592 942 cumque
613 861 741 920 natura
764 849 810 918 ad
831 847 1013 939 copiosum
1037 859 1072 917 et
1117 841 1213 916 nihil
1236 841 1343 918 habet
1363 845 1511 931 veneni,
1536 868 1611 916 non
1633 845 1872 946 eloquentiam
1889 843 2112 961 Hieronymo

86 951 210 1040 mande
239 973 352 1041 genus
380 950 554 1022 orationis
586 950 792 1030 duceretur,
836 947 913 1028 eius
947 947 1071 1020 aetatis
1121 948 1322 1035 detraxisse,
1344 949 1404 1018 ted
1421 945 1634 1038 significasse
1647 947 1856 1018 dissimilem
1870 950 2021 1022 formam
2037 975 2112 1025 esse

85 1034 275 1122 lieentia'in
288 1051 519 1122 declamando
534 1050 762 1122 tumidiorem
779 1049 947 1132 reddidit.
998 1044 1071 1120 Ar·
1120 1049 1292 1119 orationis
1314 1049 1353 1118 in
1374 1061 1544 1144 utroque,
1575 1050 1671 1143 quod
1693 1051 1877 1122 fatendum
1899 1064 1962 1123 est.
2011 1049 2061 1126 Et
2080 1056 2116 1126 si·

85 1151 192 1222 bitror
205 1166 324 1224 autem
343 1159 416 1222 non
437 1153 554 1223 solum
573 1153 770 1223 orationem
790 1152 866 1222 eius
883 1149 1069 1220 rectiorem
1120 1150 1159 1218 in
1176 1149 1376 1244 eloquentia
1393 1164 1476 1222 sunt
1491 1149 1631 1244 aliquae
1645 1173 1774 1242 paucae
1789 1153 1922 1223 formae
1937 1156 2112 1228 excellen-

85 1267 114 1322 et
129 1254 335 1344 pressiorem
351 1255 509 1325 futurem
524 1253 643 1340 fuisse,
667 1253 848 1324 sedetiam
863 1251 1071 1342 diligentio-
1120 1265 1189 1336 tes,
1211 1265 1252 1322 ut
1270 1253 1309 1320 in
1323 1251 1482 1344 pictura,
1508 1253 1553 1321 ad
1571 1261 1659 1344 quas
1674 1251 1737 1346 qui
1754 1253 1912 1344 proxime
1928 1259 2112 1345 accedunt,

84 1377 153 1423 rem
174 1379 255 1425 eum
270 1357 438 1426 futurum
461 1355 570 1426 fuisse
592 1355 631 1426 iu
648 1356 786 1426 delectu
807 1377 947 1439 rerum,
973 1365 1008 1424 et
1032 1353 1070 1422 in
1121 1366 1336 1443 praestantes
1353 1367 1437 1423 sunt
1451 1353 1618 1423 artifices:
1645 1354 1816 1424 tamenin
1838 1369 1933 1427 tanta
1949 1357 2112 1430 imbecil-

84 1469 150 1526 tota
171 1455 288 1526 forma
305 1456 489 1527 doctrinae
504 1456 607 1552 quasi
629 1455 780 1528 aedificii
804 1455 1012 1525 extruendas
1039 1452 1071 1524 si
1119 1455 1218 1524 litate
1233 1455 1370 1544 generis
1384 1448 1545 1539 humani,
1570 1475 1719 1545 maguus
1736 1479 1819 1526 usus
1832 1471 1884 1528 est
1897 1457 2004 1529 etiam
2019 1461 2112 1556 ⁸¹5⁰?

85 1559 124 1626 ad
139 1555 227 1627 illud
241 1552 461 1630 rhetoricum
477 1557 694 1653 tyrocinium
710 1557 928 1630 adiunxisset
943 1550 1071 1626 Philo·
1119 1579 1219 1642 rum,
1250 1557 1313 1651 qui
1337 1557 1474 1626 etiamsi
1507 1557 1630 1649 procul
1654 1557 1700 1628 ab
1721 1557 1783 1627 illa
1807 1559 2021 1650 perfectione
2046 1565 2112 1635 ab·

84 1652 236 1748 sophiam
247 1712 266 1745 ,.
290 1683 382 1754 quae
404 1672 440 1730 et
461 1657 646 1754 proprium
667 1681 867 1732 sermonem
889 1669 1001 1738 amat,
1034 1669 1070 1728 et
1120 1669 1223 1742 sunt,
1253 1670 1372 1728 tamen
1394 1657 1506 1728 lineas
1535 1657 1724 1728 meliorum
1752 1681 1900 1752 operum
1928 1675 2113 1758 manuque

85 1759 229 1849 nuptiis
250 1760 450 1854 dequibus
473 1760 667 1832 dicendum
696 1774 768 1846 est,
800 1773 894 1830 certa
916 1772 1013 1850 septa
1034 1770 1071 1830 et
1119 1759 1324 1842 imitantur,
1356 1771 1392 1830 et
1414 1759 1536 1829 dicunt
1557 1783 1613 1829 res
1627 1759 1758 1830 bonas:
1783 1774 1819 1834 et
1835 1759 1883 1832 ita
1898 1762 2042 1846 dicunt,
2068 1781 2111 1838 ut

85 1873 186 1932 nens
197 1861 395 1940 circundat.
440 1858 525 1951 Quo
542 1863 581 1932 in
596 1855 895 1932 locovenitmihi
910 1859 951 1931 in
966 1882 1069 1930 men-
1120 1859 1273 1950 intelligi
1287 1861 1434 1953 possint,
1454 1861 1551 1955 quod
1566 1861 1682 1952 ipsum
1698 1875 1816 1932 tamen
1831 1863 1974 1935 difficile
1986 1879 2049 1952 est,
2074 1881 2111 1940 et

84 1975 149 2034 tem
168 1963 297 2034 labella
319 1965 365 2035 de
387 1961 528 2034 mmnio
550 1960 776 2056 Hieronymi.
831 1959 912 2054 lpse
935 1965 1070 2048 narrat,
1119 1961 1489 2052 maguumessedecu's
1504 1963 1694 2054 prudentes
1710 1963 1925 2054 intelligunt.
1950 1964 2111 2059 Longior

85 2085 117 2132 se
130 2064 166 2133 in
182 2064 322 2136 somnio
344 2065 464 2156 plagas
483 2063 674 2156 accepisse,
698 2065 796 2156 quod
811 2061 1070 2134 Ciceronianus
1120 2077 1171 2134 est
1190 2075 1308 2134 autem
1330 2058 1509 2153 haectota
1523 2063 1717 2156 disputatio
1734 2065 1778 2134 de
1796 2065 2017 2160 eloquentia,
2044 2091 2111 2142 neo

85 2175 180 2236 suet:
196 2189 237 2236 ac
251 2165 583 2250 commonefactum,
596 2176 637 2235 ut
645 2163 778 2236 relictis
787 2160 1071 2256 prophanislite-
1119 2157 1227 2235 huius
1249 2177 1300 2235 est
1322 2164 1403 2236 loci.
1454 2163 1548 2236 Satis
1571 2187 1697 2254 magua
1721 2165 1798 2236 laus
1820 2181 1871 2237 est
1884 2165 2115 2274 Hieronymi,i

85 2262 143 2348 ris,
166 2267 248 2356 plus
258 2287 388 2356 operae
402 2267 590 2341 collocaret
604 2264 644 2334 in
659 2263 809 2341 divinus.
851 2261 971 2336 Credo
986 2289 1068 2336 eum
1119 2267 1214 2360 quod
1243 2289 1323 2335 cum
1346 2279 1474 2336 natura
1495 2280 1583 2337 esset
1603 2269 1714 2355 uber,
1748 2269 1894 2359 perfecit
1911 2272 2031 2341 studio
2055 2271 2113 2343 tea

85 2363 220 2439 nemore
251 2368 352 2460 quod
382 2367 522 2438 accidit.
545 2407 549 2422 ι
573 2364 622 2440 Ut
654 2366 751 2438 enim
785 2365 892 2457 vulgo
925 2367 1070 2438 dicitur.
1119 2367 1242 2458 gendis
1259 2367 1419 2438 fontibus
1441 2367 1598 2457 linguae,
1623 2383 1664 2439 ut
1687 2367 1925 2440 bonis-verbis
1939 2385 2115 2462 uenator,

85 2456 273 2540 Causidicia
293 2467 394 2550 lites,
410 2469 559 2559 aurigae
572 2467 711 2539 somnia
734 2491 873 2540 currus:
899 2467 950 2540 ita
966 2467 1066 2558 inge·
1118 2483 1153 2540 et
1168 2491 1223 2538 res
1239 2469 1352 2537 bonas
1364 2467 1590 2538 mediocriter
1606 2484 1810 2560 exponeret:
1835 2471 1908 2542 imo
1927 2475 2024 2568 quod
2041 2469 2113 2551 hac·

85 2566 185 2636 ninam
200 2569 556 2642 omnibusnstntum
572 2581 644 2650 est,
665 2569 788 2640 crelsra
807 2571 853 2639 de
866 2569 940 2640 suis
957 2591 1069 2660 nego·
1118 2570 1292 2640 sermonis
1323 2569 1444 2662 copia,
1484 2593 1573 2662 quae
1607 2572 1802 2642 necessaria
1829 2587 1881 2644 est
1906 2573 2113 2668 interpreti,¹

85 2667 151 2752 tiis,
171 2670 311 2752 studiis,
333 2670 597 2757 curin-somnia
611 2693 766 2755 cernere,
785 2693 939 2762 quorum
953 2669 1067 2742 multa
1118 2693 1281 2759 magnam
1295 2669 1410 2740 lucem
1427 2669 1547 2741 attulit
1560 2664 1760 2764 Prophetis.
1810 2671 1881 2745 Sed
1897 2676 2018 2748 relicta
2034 2678 2107 2747 iam

86 2768 181 2838 mam
205 2785 291 2843 sunt
311 2766 499 2866 μαντηκᾶ.
555 2765 724 2842 Exstruit
750 2767 962 2860 vigilantem
980 2765 1067 2842 haec
1117 2771 1372 2854 adolescentia,
1407 2769 1589 2844 videamus
1614 2771 1793 2868 reliquum
1814 2774 1905 2847 vitae
1927 2777 2005 2848 eius
2024 2800 2111 2849 cur·v
2195 2817 2200 2830 ·

85 2889 160 2940 eura
174 2884 209 2944 et
221 2873 444 2948 deliberatio.
475 2869 568 2944 Cum
579 2871 678 2942 enirn
694 2895 814 2942 revera
831 2869 945 2944 Deum
960 2873 1066 2944 time·
1117 2895 1207 2947 sum.
1258 2871 1450 2964 Praecipue
1467 2885 1585 2942 autem
1602 2875 1842 2966 quaerendum
1854 2891 1908 2948 est
1924 2878 1963 2948 iu
1977 2875 2111 2952 Eccle-

84 2982 149 3058 ret,
168 2973 495 3048 odivinnaduatu
512 2977 557 3043 ad
579 2971 772 3045 iuvandam
788 2969 984 3044 Ecclesiam
1008 2973 1068 3044 in·
1117 2975 1188 3060 sia,
1212 2973 1298 3066 quid
1315 2971 1466 3068 quisque
1488 2971 1623 3044 deDeo
1647 2973 2108 3071 senterit‚'etundegenus
2165 2976 2169 2982 ’

84 3070 260 3162 citaretur,
285 3075 454 3165 depotitio
469 3074 652 3145 interdum
666 3073 770 3146 libris
786 3068 1002 3166 proplaanis,
1026 3085 1068 3146 ut
1100 3075 1300 3146 'doctrinae
1321 3073 1509 3168 acceperit:
1542 3089 1584 3146 ut
1608 3075 1690 3144 sciri
1715 3078 1846 3169 possit,
1870 3101 1917 3148 an
1938 3085 2113 3174 probatae
2137 3141 2139 3144 .
2256 3135 2260 3140 ·

84 3195 144 3242 nos
166 3199 308 3270 quoque
330 3175 497 3259 facimus,
529 3174 708 3244 miseriam
734 3170 926 3246 humanam
941 3176 1067 3267 deplo·
1116 3176 1196 3246 fidei
1213 3178 1377 3246 doctores
1388 3189 1572 3269 sequatur,
1598 3190 1693 3247 etan
1716 3201 1795 3248 cum
1816 3203 1941 3252 norma
1965 3197 2114 3274 aposto-v

84 3273 182 3346 ravit:
212 3277 339 3346 nidus
358 3299 580 3348 summorum
605 3275 829 3366 ingeniorum
851 3277 923 3344 vim
944 3291 1006 3346 aut
1027 3275 1067 3344 in
1099 3278 1203 3370 plicae
1225 3276 1408 3346 doctrinae
1428 3290 1610 3368 congruat.
1661 3274 1825 3349 Affirmat
1845 3274 1958 3372 igitur
1975 3281 2114 3355 Hiem··
2180 3278 2189 3286 “

85 3376 179 3464 nugis
194 3391 441 3470 consumptam
463 3400 559 3464 esse,
584 3389 646 3448 aut
664 3377 772 3448 falsas
792 3378 836 3447 de
862 3375 938 3446 Deo
963 3390 998 3448 et
1021 3379 1066 3446 de
1116 3401 1244 3474 nymns
1270 3400 1307 3446 se
1337 3377 1502 3468 amplecti
1528 3379 1705 3472 synodum
1730 3377 1919 3468 Nicenam,
1954 3397 1988 3455 et
2014 3381 2108 3456 haue

86 3478 196 3547 multis
219 3493 369 3550 naturae
396 3479 558 3570 partibus
582 3477 770 3570 opiniones
796 3477 982 3569 sparsisse,
1006 3490 1067 3548 eut
1116 3478 1243 3560 acriter
1265 3491 1484 3568 propugnat,
1519 3493 1553 3549 et
1572 3479 1733 3548 nominat
1759 3483 2025 3570 probatissimos
2039 3489 2109 3556 do-
2171 3573 2174 3580 .

86 3579 310 3652 confirmasse.
364 3579 462 3668 Quid
479 3579 620 3652 dulcius
634 3591 686 3650 est
700 3579 880 3648 amatoriis
891 3577 1067 3671 poematis
1115 3593 1241 3660 etures,
1260 3577 1536 3666 Nasium-enum,
1561 3576 1837 3670 Apollinarium,
1864 3583 2111 3666 Antiochenae

86 3675 649 3767 ingeniosissimorumhominum
672 3677 892 3751 Graecorum
914 3692 949 3750 et
965 3677 1067 3752 Lati·
1115 3677 1295 3752 Ecclesiae
1311 3675 1547 3772 Episcopum,
1570 3675 1814 3772 Epiphanium
1830 3678 2045 3780 Episcopum
2066 3679 2108 3760 im

87 3779 229 3850 uorum?
262 3806 353 3875 qnae
368 3782 490 3871 legens
504 3781 608 3850 doleo
621 3781 791 3874 profecto,
815 3803 882 3850 nos
900 3804 975 3852 non
988 3781 1067 3876 pari
1116 3777 1256 3878 Cypro,
1289 3794 1323 3852 et
1344 3775 1542 3876 Didymum
1564 3777 1865 3871 Alexandrinum,
1898 3787 2124 3882 qui‘omnes-

87 3881 246 3954 suavitate
261 3905 318 3954 res
331 3882 472 3953 divinos
486 3904 622 3953 canere.
1115 3895 1306 3954 urncnatu
1327 3887 1497 3974 grandes,
1521 3882 1711 3953 familiares
1730 3886 1870 3958 fuerant
1885 3887 1947 3976 iis,
1971 3893 2034 3985 qui
2046 3893 2107 3962 d'a-
2174 3917 2175 3920 ¹

178 3981 276 4072 Quid
290 3986 336 4054 de
350 3981 521 4054 Cicerone
534 3982 674 4052 dicam?
698 3977 776 4052 Etsi
791 3983 902 4054 multa
920 3978 1067 4054 honeste
1115 3998 1240 4055 amant
1261 3985 1452 4060 sententias
1483 3986 1521 4054 in
1545 3986 1682 4076 synodo
1702 3982 1853 4074 Nicena,
1885 4004 1921 4062 et
1942 4006 2020 4084 post
2045 4013 2107 4064 eos

87 4078 181 4164 diets,
206 4099 325 4155 tamen
338 4085 534 4155 dolendum
547 4097 615 4169 est,
640 4083 704 4152 illo
720 4107 828 4154 aureo
844 4083 1066 4178 eloquentiae
1115 4086 1254 4156 lumina
1268 4085 1412 4156 fuerunt
1423 4081 1603 4164 Ecclesiae
1616 4086 1815 4177 praecipua.
1857 4086 1998 4163 Horum
2012 4109 2107 4166 utre

86 4179 223 4257 flumine
257 4209 331 4256 nou
359 4181 441 4256 vehi
471 4209 527 4254 res
559 4185 597 4252 in
629 4165 859 4277 Philosopltia
892 4187 1066 4256 meliores.
1116 4186 1340 4258 confirmaret
1362 4184 1565 4270 sententiis,
1598 4186 1722 4277 procul
1750 4209 1810 4258 eos
1837 4188 1874 4260 in
1899 4193 2106 4289 longinquis

87 4274 215 4357 Deinde
228 4289 292 4358 etsi
308 4288 348 4356 in
363 4287 568 4378 vulgaribus
583 4310 625 4354 ac
637 4286 776 4358 levibus
788 4287 960 4358 molestiis
976 4282 1066 4357 Phi·
1116 4287 1334 4377 regionibus,
1359 4283 1619 4357 Nazianzenum
1635 4288 1672 4356 iu
1685 4283 1920 4380 Cappadocia,
1944 4290 2119 4388 Epiphaa‘.

87 4379 238 4478 losoplaia
251 4389 341 4460 lenit
355 4388 465 4458 animi
481 4386 734 4478 aegritudines:
752 4400 878 4458 ,menen
898 4387 935 4456 in
954 4388 1066 4460 maio·
1117 4389 1219 4461 nium
1235 4388 1273 4457 iu
1289 4385 1427 4483 Cyp'ro',
1455 4383 1721 4480 Apollinarium
1736 4387 1965 4480 Antiochiae,
1989 4395 2107 4493 Didy-

88 4482 178 4556 tibus
190 4490 375 4562 doloribus
390 4514 463 4560 non
476 4487 742 4582 acquiescimus,
767 4487 839 4560 nisi
855 4485 923 4560 Dei
937 4489 1066 4560 volun·
1116 4488 1269 4560 mumio
1286 4487 1445 4584 Aegypto
1460 4489 1644 4583 quaesivit.
1688 4487 1796 4563 Scitis
1814 4495 2108 4586 multoslaudari,

88 4594 150 4656 tate
167 4593 303 4682 cognita
323 4615 364 4662 ex
389 4591 434 4660 iis
458 4589 717 4675 monumentis,
750 4613 841 4683 quae
865 4589 941 4682 ipse
962 4592 1067 4662 certis
1118 4591 1180 4686 qui
1203 4587 1386 4662 doctrinae
1405 4591 1508 4661 causa
1528 4592 1658 4662 multas
1682 4594 1844 4682 regiones
1865 4599 2050 4686 adierunt,
2071 4615 2107 4672 et

88 4689 287 4762 testimoniis
302 4693 459 4762 tradidit.
509 4688 703 4762 Herceum
720 4714 822 4782 saepe
838 4692 988 4781 uigilans
1005 4717 1066 4763 co·
1117 4691 1249 4765 multae
1273 4706 1357 4764 sunt
1378 4693 1417 4765 io
1441 4715 1481 4762 ea
1497 4717 1536 4762 re
1550 4693 1714 4764 virtutes:
1741 4697 1801 4764 sed
1820 4700 1976 4788 profecto
1992 4701 2107 4771 maior

89 4785 203 4873 giraret
223 4792 485 4888 Hieronymus,
518 4793 640 4862 eadem
666 4791 978 4878 somniasseeum',
1002 4819 1067 4864 ne-
1117 4795 1195 4864 laus
1215 4805 1285 4878 est,
1311 4817 1386 4864 non
1409 4793 1523 4864 solum
1543 4793 1799 4877 eruditionem,
1826 4799 2004 4872 sedetiam
2022 4802 2106 4874 fidei

89 4908 254 4984 quaquam
269 4896 473 4965 mirandum
487 4907 553 4967 est.
604 4891 658 4964 Ac
673 4889 873 4964 narrathoc
888 4897 1066 4966 somnium
1117 4894 1422 4966 confirmationem
1435 4895 1474 4964 in
1484 4891 1614 4966 scholis
1627 4897 1939 4986 excellentissimis,
1951 4916 1991 4972 nt
2006 4917 2108 4974 erant

89 4983 174 5078 lpse,
197 4996 330 5066 utuliis
344 4991 507 5068 hortator
523 5008 632 5082 esset,
657 5017 703 5062 ne
718 4995 935 5084 negligerent
952 4998 1066 5068 coele-
1118 4990 1344 5068 Antiocheno
1369 5009 1402 5066 et
1426 4992 1690 5082 Alexandrina,
1723 5013 1759 5070 et
1778 5003 1871 5090 apud
1900 5004 2107 5092 probatissi-

90 5099 168 5160 stem
184 5097 400 5182 doctrinam,
424 5097 518 5189 capti
533 5095 721 5166 immodica
738 5095 971 5167 admiratione
983 5121 1067 5190 pru-
1117 5098 1569 5191 mosdnetoresqaaucne.
1611 5096 1768 5169 Nuncsi
1784 5101 1872 5170 tales
1886 5103 1955 5172 viri
1969 5107 2105 5197 uspiam
2178 5145 2180 5153 ‹

90 5183 280 5274 phanornm
303 5199 528 5292 scriptorum.
580 5196 687 5286 Quod
709 5210 827 5268 autem
840 5191 1067 5282 'Theodorus
1118 5210 1254 5284 essem,
1278 5219 1407 5289 mque
1420 5199 1577 5291 profecto
1593 5199 1706 5272 virtus
1722 5213 1811 5272 esset
1826 5225 1961 5284 aurum,
1988 5229 2108 5278 coram

93 5284 177 5368 Gaza
199 5301 286 5370 salse
305 5301 418 5385 diuite
446 5299 478 5369 si
499 5311 681 5389 propterea
702 5300 799 5390 quod
813 5295 1068 5374 Ciceronianus
1119 5299 1291 5370 sciscitari
1303 5301 1507 5385 sententias,
1530 5299 1678 5371 et-vivas
1691 5301 1814 5372 audire
1831 5305 2030 5377 saredune
2046 5333 2109 5378 vo-

92 5409 171 5466 ettet
184 5396 442 5498 Hieronymus,
467 5401 591 5492 plagas
601 5399 801 5491 accepisset,
828 5423 954 5492 nugna
970 5403 1068 5476 inin·
1119 5424 1190 5475 ees.
1244 5397 1443 5474 luteres-et
1465 5401 1551 5491 legit
1575 5401 1649 5494 ipse
1673 5402 1881 5498 praecipuos
1900 5405 2110 5502 interpretes
2153 5415 2156 5424 ’

139 5489 319 5572 Mensura.
347 5505 453 5572 Ornn.
479 5505 563 5570 Vua.
589 5501 652 5568 xl.
1165 5533 1175 5556 ·
1522 5498 1574 5572 47
