4614 5820
210 248 286 326 a,
790 229 953 320 auce.
998 231 1075 318 tte
1109 232 1257 322 lusu
1287 253 1665 339 rossruunor.
2174 278 2241 352 oss

212 427 383 504 luntates,
414 417 606 518 Germania
630 439 704 488 uon
731 417 954 504 defenditur,
988 417 1063 489 imo
1084 433 1118 492 et
1140 421 1206 490 do·
1259 443 1292 500 et
1312 432 1357 501 de
1378 432 1451 502 filio
1470 431 1558 522 Dei,
1586 451 1623 511 et
1645 455 1805 512 mutuam
1828 444 2111 519 benevolentiam
2134 465 2242 522 osten-

213 525 398 598 mesticum
415 522 549 592 bellum
565 519 649 604 sotis
664 521 825 605 crudele,
850 535 925 592 tum
942 521 1029 611 gerit
1047 535 1122 592 tum
1142 546 1205 613 pa·
1257 534 1402 615 damus,
1427 559 1565 632 nosque
1590 545 1722 614 mutuis
1745 547 1916 638 exemplis
1937 551 1981 620 ad
2003 551 2168 622 virtutem
2190 578 2242 624 ac-

213 632 271 701 rit.
311 625 351 699 si
368 621 433 696 hae
449 637 568 695 tantae
584 646 706 700 causae
722 647 797 730 pon
810 639 955 694 movent
972 647 1034 694 vos
1051 637 1092 695 ut
1106 625 1206 694 viva-
1257 638 1460 710 condamus.
1512 639 1571 713 Ad
1595 640 1680 716 haee
1703 648 1956 737 intelligenda,
1984 653 2140 744 profecto
2163 681 2242 746 opus

212 735 258 805 tis
274 727 485 806 modestius,
510 740 550 797 ut
564 725 775 813 confugiatis
797 727 841 794 ad
855 725 997 796 Deum?
1023 726 1110 818 quid
1126 749 1204 796 mea
1256 753 1324 822 est,
1350 753 1389 808 ut
1414 741 1507 822 dixi,
1534 749 1688 839 quodam
1711 750 1829 820 studio
1847 753 2008 840 virtutis,
2033 756 2160 826 timore
2172 755 2243 843 Dei,

213 834 327 908 oratio
351 829 518 923 prolicere
539 827 678 920 potest?
703 829 790 922 quid
808 829 1065 917 nosdelegum
1084 829 1204 919 digni-
1255 843 1441 924 modestia,
1462 849 1696 940 adingem„
1715 856 1951 942 ,egendpfflm
1966 881 2121 930 mommo
2157 857 2241 930 Did·

213 951 284 1010 tate
298 935 393 1026 apud
415 953 474 1000 eos
490 931 694 1000 concionari
710 953 913 1019 possumus,
939 931 1002 1024 qui
1018 944 1059 1000 ut
1075 931 1204 1026 Cyclo.

212 1063 293 1134 pes,
318 1059 434 1129 neque
447 1031 562 1102 Deum
576 1057 690 1126 neque
712 1034 805 1122 leges
821 1033 912 1102 ullas
929 1034 1080 1105 curant?
1117 1033 1204 1129 'Pu-

212 1146 272 1213 det
285 1139 369 1210 talia
384 1137 499 1206 dicere
507 1136 554 1254 'in
569 1130 705 1220 schola,
728 1159 817 1254 qnae
833 1137 983 1254 debebat
996 1159 1069 1254 pon
1086 1136 1203 1256 solum
1281 1189 1348 1262 No·
1360 1189 1420 1263 76·
2080 1227 2129 1267 m
2147 1205 2233 1270 1543·

211 1243 354 1325 audire,
385 1241 574 1356 sedetiam
601 1237 716 1308 colere
739 1251 879 1308 virtutrs
897 1240 1110 1410 doctrinamf.
1146 1238 1202 1411 tSr
1259 1285 1433 1314 „am
2073 1295 2236 1324 Μ

980 1366 990 1407 ¹
1612 1395 1621 1414 ⁸
1847 1395 1856 1414 ⁸
1992 1397 2001 1417 1

210 1369 291 1520 {tt
300 1342 951 1527 ltttttftttttttta,t,¹1¹¹
955 1343 1202 1514 ittet&
1494 1391 1571 1476 De
1601 1419 1700 1478 aare
1727 1393 2011 1506 posnan,

208 1551 376 1628 lectibus,
403 1547 518 1637 ipsum
544 1559 703 1614 autorem
734 1569 872 1628 rerum,
901 1559 936 1614 et
960 1547 1114 1614 iudicem
1140 1569 1202 1615 ve·
1321 1530 1801 1673 ¹⁰ePJJ¹²3¹¹2·W‘{;,¹·V†·¹'fV⁸·¹ffl’
1823 1535 2241 1678 Ἥξιξζῆζᾟῖοέὲ·,ῑίξξῗ

210 1669 322 1726 strum
347 1648 542 1738 agnoscite,
573 1661 607 1718 ct
629 1647 662 1715 ei
686 1647 724 1714 in
745 1642 802 1715 his
823 1647 1059 1740 officiisquae
1083 1648 1201 1737 legum
1358 1681 1469 1743 ,aarum
1488 1672 1558 1728 met.
1576 1671 1646 1728 asna
1664 1673 1820 1728 orationem
1838 1675 1931 1732 retum
1947 1675 1981 1730 sa
2000 1696 2046 1732 aa.
2059 1675 2139 1736 asts.

209 1781 295 1826 voce
314 1749 480 1846 requirit,
508 1749 660 1820 obedite.
713 1747 851 1820 Videtis
878 1773 897 1819 a
921 1748 997 1819 Deo
1020 1751 1201 1820 ordinatas

209 1883 284 1930 esse
299 1857 393 1925 vices
407 1853 546 1924 dierum
561 1877 601 1922 ac
616 1851 787 1936 noctium,
812 1853 953 1921 aestatis
969 1866 1003 1921 et
1020 1854 1200 1922 autumni:

208 1959 274 2032 has
290 1960 382 2030 vices
398 1978 471 2026 esse
488 1968 598 2025 certas
614 1977 737 2024 omnes
751 1953 930 2040 fatemini,
950 1979 1014 2022 cur
1032 1953 1143 2044 igitur
1157 1957 1201 2025 de

209 2060 376 2159 praemiis
388 2070 481 2127 recte
494 2059 680 2140 factorum,
701 2071 734 2127 et
746 2058 789 2126 de
802 2057 926 2148 poenis
937 2058 1200 2128 malefactorum
1253 2041 1447 2153 Principio
1468 2085 1612 2152 agamus
1627 2065 1756 2154 gratias
1771 2061 1849 2136 Deo
1865 2067 2044 2140 conditori
2061 2071 2241 2140 universae

208 2161 406 2237 dubitatis?
427 2159 531 2231 Certa
545 2159 620 2248 lege
634 2156 702 2228 Dei
719 2157 921 2230 obruuntur
937 2159 1059 2250 poenis
1076 2183 1200 2229 omnes
1253 2179 1417 2248 naturae,
1444 2167 1505 2258 qui
1529 2165 1568 2234 in
1586 2168 1694 2238 tantis
1708 2169 1940 2256 tumultibus,
1966 2181 2001 2241 et
2015 2185 2116 2242 tanta
2131 2167 2240 2242 Euro.

208 2265 379 2340 scelerati.
431 2257 489 2332 An
516 2285 597 2332 casu
618 2261 750 2351 putatis
771 2261 900 2330 subiici
926 2261 996 2329 iam
1025 2263 1200 2332 mundum
1254 2293 1316 2360 pae
1346 2267 1455 2336 totius
1485 2269 1774 2358 perturbatione,
1814 2265 1931 2342 adbuc
1958 2273 2088 2343 studiis
2118 2275 2240 2346 uostris

207 2367 412 2443 barbaricae
428 2363 612 2458 tyrannidi
627 2361 846 2447 Turcarum,
872 2364 987 2457 qualis
1010 2364 1080 2432 alia
1101 2365 1200 2434 nulla
1252 2369 1481 2462 tranquillam
1500 2371 1617 2438 sedem
1636 2372 1816 2460 praebuit:
1842 2386 1877 2443 et
1892 2387 1974 2444 vota
1990 2375 2181 2462 faciamus,
2203 2391 2239 2446 ut

207 2471 334 2546 similis
356 2491 516 2562 unquam
533 2465 624 2536 fuit?
656 2465 888 2559 Nequaquam
912 2462 977 2534 hoc
1002 2489 1084 2536 casu
1109 2467 1201 2535 acci·
1252 2467 1338 2540 haec
1359 2472 1464 2541 nobis
1477 2472 1718 2564 tranquillitas
1735 2473 1781 2542 sit
1795 2473 1981 2544 diuturna:
2008 2500 2128 2547 mores
2142 2479 2238 2548 etiam

207 2577 269 2649 dit.
308 2572 380 2644 Sed
395 2566 463 2640 hoc
479 2570 570 2640 tristi
585 2591 732 2653 carcere,
758 2563 946 2638 hominurn
958 2569 1060 2636 furor
1075 2563 1201 2638 coher-
1252 2587 1393 2644 nostros
1409 2597 1448 2642 ea
1460 2575 1636 2642 modestia
1652 2597 1831 2664 regamus,
1857 2590 1898 2646 ut
1914 2577 2086 2648 beneficio
2104 2579 2171 2651 Dei
2186 2581 2238 2648 vt.

207 2679 340 2752 cendus
369 2687 404 2744 et
431 2672 705 2763 compescendus
731 2683 802 2752 est,
835 2671 897 2763 qui
925 2669 1035 2738 nullis
1063 2671 1199 2759 iegibus
1251 2677 1400 2746 deamur
1413 2699 1488 2746 uon
1503 2675 1676 2765 flagitiose
1690 2677 1802 2750 abuti.
1851 2675 1939 2748 Nam
1953 2685 2239 2772 nequepetenda,

205 2777 340 2853 frenari
358 2799 441 2848 suos
461 2797 576 2844 mores
591 2772 731 2856 sinunt,
757 2773 818 2864 qui
837 2773 984 2842 concedi
1002 2771 1072 2842 sibi
1088 2774 1199 2843 licen·
1251 2801 1366 2871 neque
1385 2780 1558 2870 speranda
1575 2792 1626 2848 cst
1642 2779 1899 2871 tranquillitas,
1925 2781 1955 2848 si
1971 2794 2113 2854 tantum
2125 2785 2238 2853 ocium
2297 2849 2298 2893 ,

206 2885 312 2967 tiam,
337 2894 377 2951 ut
391 2879 516 2948 beluae
531 2877 675 2958 volunt,
702 2876 915 2945 exercendae
931 2875 1145 2966 petulantiae
1161 2891 1200 2946 ut
1250 2881 1412 2972 pecuinis
1428 2881 1671 2972 voluptatibus
1686 2882 1832 2950 concedi
1849 2881 2025 2956 volumus.
2078 2881 2154 2955 Nos
2168 2885 2239 2978 qui-

205 2988 304 3058 libet·
355 2978 392 3052 Ο
421 2980 675 3071 d⁰P¹⁰r³¹¹d³¹¹¹
700 2977 903 3068 Principum
933 2978 1199 3066 flegllssfflliflmt
1252 2985 1333 3052 dem
1358 2983 1420 3075 qui
1443 2982 1643 3053 doctrinam
1668 2983 1811 3054 virtutis
1833 2983 2071 3076 inquirimus,
2106 2987 2238 3076 longius
2296 3057 2297 3060 Ἴ

170 3109 173 3120 ’
206 3087 265 3161 his
286 3085 390 3156 malis
405 3081 541 3152 mederi
560 3103 619 3151 eos
635 3081 839 3169 oportebat,
865 3073 1020 3165 ut,hanc
1042 3080 1200 3149 indomi-
1250 3086 1450 3177 prospicere
1472 3107 1574 3154 veros
1598 3085 1684 3154 fines
1705 3085 1800 3174 pacis
1820 3087 1939 3171 decet,
1964 3109 2031 3156 nec
2045 3101 2184 3158 tantum
2200 3091 2237 3156 de
2296 3061 2297 3109 ¹

206 3207 281 3263 tam
297 3189 437 3259 turbam
455 3182 684 3253 severissimis
709 3182 831 3272 poenis
851 3183 894 3250 ad
918 3183 1127 3250 modestiam
1142 3205 1199 3250 re·
1251 3187 1409 3279 corporis
1432 3185 1677 3278 voluptatibus
1700 3185 1864 3276 cogitare.
1916 3184 2025 3277 Quod
2044 3203 2098 3260 est
2113 3191 2239 3260 tristius
2295 3235 2296 3266 2

207 3305 395 3374 vocarent,
419 3289 513 3382 quod
538 3286 607 3354 nisi
629 3286 772 3353 tandem
795 3283 944 3366 facient,
970 3281 1067 3354 Deus
1088 3285 1199 3354 iratus
1250 3289 1508 3382 spectaculum,
1534 3312 1639 3382 quam
1660 3287 1746 3384 inde
1766 3311 1878 3380 usque
1900 3289 1946 3358 ab
1970 3290 2078 3360 initio
2099 3305 2176 3384 post
2191 3293 2239 3359 12.
2295 3271 2296 3325 l

207 3393 272 3468 bas
293 3407 413 3485 gentes
431 3390 598 3459 servitute
615 3385 764 3456 Turcica
787 3387 983 3478 opprimet,
1008 3389 1068 3456 sed
1093 3391 1198 3456 redeo
1250 3414 1354 3484 psum
1376 3391 1572 3481 primorum
1593 3405 1782 3480 parentum
1799 3402 1918 3460 mente
1932 3391 2065 3462 intueri
2083 3394 2237 3463 omnium

208 3501 251 3572 ad
271 3494 515 3578 scholasticos,
541 3485 892 3562 obtestaturvoshic
916 3490 1198 3558 universuscoe—
1251 3507 1404 3565 aetatum
1433 3488 1636 3562 historiam:
1679 3505 1714 3562 et
1742 3516 1816 3562 uon
1846 3493 1962 3562 solum
1992 3496 2116 3565 caedes
2145 3496 2237 3586 ipsas,
2294 3447 2295 3541 l

207 3621 264 3678 tus
278 3610 545 3694 praeceptorum
561 3606 780 3676 vestrorum,
805 3606 839 3661 et
856 3591 1026 3684 praecipit
1042 3593 1199 3661 vocedi·
1250 3597 1364 3680 bella,
1403 3596 1538 3666 excidia
1574 3593 1719 3664 urbium
1753 3617 1793 3663 ac
1829 3594 2005 3682 gentium:
2047 3600 2109 3666 sed
2139 3598 2235 3666 etiam

207 3707 310 3785 vina,
334 3715 375 3772 ut
397 3713 431 3768 et
453 3695 686 3767 revereamini
706 3691 841 3776 Deum,
867 3705 901 3764 et
927 3694 1053 3762 vivatis
1076 3697 1198 3763 mode·
1250 3721 1370 3768 causas
1394 3710 1575 3767 tantorum
1598 3696 1774 3764 malorum
1797 3695 2049 3774 considerare?
2099 3698 2236 3789 Semper

208 3809 312 3888 ⁸5⁰⁸,
339 3801 569 3896 ⁰³q1¹⁰i¹¹¹0
593 3821 673 3868 ⁶¹¹¹ss
697 3809 830 3864 veillae
852 3795 977 3879 Siluii,
1001 3809 1076 3864 ium
1102 3822 1199 3866 com·
1252 3802 1345 3870 enirn
1369 3799 1543 3890 sapientes
1566 3798 1634 3866 viri
1655 3797 1774 3868 mirati
1799 3811 1902 3882 sunt,
1926 3800 2024 3868 unde
2039 3801 2132 3870 tanti
2145 3803 2234 3870 furo-

208 3910 311 3982 muni
339 3902 543 3977 consulatis.
603 3898 683 3969 Nisi
716 3898 810 3966 enim
840 3911 945 3966 erunt
967 3899 1199 3968 modestiores
1251 3927 1306 3972 res
1323 3902 1395 3972 sint
1411 3902 1449 3969 in
1467 3916 1539 3972 tam
1552 3900 1745 3992 praestanti
1760 3913 1904 3983 natura,
1929 3914 1970 3971 ut
1984 3894 2149 3972 homines
2163 3901 2234 3994 qui-
2292 3895 2293 3973 l

208 4015 345 4094 mores,
378 4007 534 4100 profecto
558 3999 644 4072 haec
666 4002 780 4083 bona,
811 4000 925 4070 lucem
949 4000 1131 4069 doctrinae
1154 4003 1199 4069 de
1250 4007 1317 4074 bus
1339 4003 1467 4074 insitus
1489 4018 1541 4074 est
1563 4025 1664 4072 amor
1685 4001 1884 4070 communis
1905 4003 2101 4084 societatis,
2128 4004 2234 4072 ausint

207 4115 303 4199 Deo,
325 4109 520 4193 Ecclesias,
546 4107 648 4196 leges,
673 4105 810 4186 literas,
834 4116 869 4172 et
884 4115 1016 4172 caetera
1033 4104 1124 4172 vitae
1139 4129 1199 4172 or·
1251 4121 1370 4177 tamen
1390 4101 1457 4174 hoc
1482 4107 1599 4196 ipsum
1622 4105 1747 4173 foedus
1769 4102 2011 4173 crudelissime
2034 4105 2184 4188 violare,
2203 4115 2233 4171 et
2291 4099 2292 4189 l

207 4227 373 4290 namenta
388 4210 551 4283 amissuri
566 4209 657 4279 estis.
690 4204 833 4294 Quanta
847 4207 939 4274 bona
956 4205 1198 4276 amisitAdam
1251 4208 1398 4278 exitium
1424 4201 1633 4276 hominihus
1661 4203 1794 4278 moliri,
1845 4203 1929 4274 Non
1952 4205 2125 4276 dimicant
2150 4207 2232 4274 qm„

207 4316 422 4410 unolapsu?
463 4311 643 4401 Quamdiu
662 4304 795 4378 ethnici
812 4309 850 4376 in
868 4307 1038 4390 tenebris,
1061 4321 1096 4377 et
1113 4303 1199 4377 hor·
1251 4335 1324 4380 sese
1341 4311 1481 4396 leones,
1506 4308 1747 4400 lupusalupo
1763 4307 1933 4392 abstinet,
1954 4307 2047 4378 ursis
2060 4309 2154 4380 inter
2167 4329 2231 4376 sese
2290 4309 2291 4403 t

207 4422 329 4496 rendis
344 4416 535 4490 sceleribus
550 4411 736 4482 vixerunt?
762 4423 944 4501 propterea
961 4411 1056 4500 quod
1074 4431 1197 4480 eorum
1249 4415 1375 4482 foedus
1397 4426 1459 4484 est.
1509 4409 1584 4486 Cur
1603 4405 1783 4489 homines,
1810 4420 1844 4478 et
1861 4409 2005 4502 quidem
2022 4409 2180 4501 cognati,
2203 4419 2231 4474 et

207 4526 359 4597 maiores
381 4529 586 4612 spreverant
607 4513 805 4583 doctrinam
830 4512 1025 4601 primorum
1045 4525 1198 4602 patrum.
1249 4515 1371 4584 multis
1400 4515 1495 4582 inter
1523 4535 1559 4582 se
1590 4511 1813 4581 naturalibus
1841 4525 1875 4580 et
1904 4510 2070 4582 civilibus
2091 4509 2229 4581 vinculis
2289 4525 2290 4619 q

206 4627 275 4700 His
297 4621 466 4714 exemplis
488 4641 551 4688 vos
574 4619 619 4686 ad
641 4615 805 4706 pietatem
828 4629 862 4683 et
878 4613 1085 4682 modestiam
1105 4615 1220 4684 enci-¹
1251 4615 1454 4700 coniuncti,
1491 4613 1529 4684 in
1558 4629 1720 4685 mutuam
1754 4613 1896 4682 caedem
1928 4613 2065 4686 ruunt?
2114 4611 2228 4684 Statim
2288 4705 2289 4718 ἶ

207 4745 289 4812 tale,
315 4727 411 4821 quod
429 4719 617 4802 Sifacieiib
641 4739 714 4786 110⁰
730 4715 1063 4805 solumdignttatem
1079 4716 1196 4804 legum
1249 4719 1354 4788 initio
1384 4717 1524 4806 generis
1555 4713 1704 4786 humani
1734 4715 1844 4785 frater
1873 4714 2066 4786 trucidavit
2085 4715 2227 4785 fratrem.
2288 4755 2289 4835 q

207 4857 290 4904 vere
313 4825 537 4916 intelligetis,
562 4822 622 4890 sed
646 4819 751 4888 etiam
767 4818 805 4886 in
829 4818 1084 4908 gubernatione
1100 4818 1197 4888 eritis
1248 4817 1296 4891 Et
1319 4820 1437 4892 statim
1452 4820 1563 4889 multa
1577 4831 1692 4888 secuta
1708 4829 1792 4887 suut
1806 4816 1973 4909 exempla.
2027 4813 2171 4906 Quoties
2185 4815 2228 4881 le-

206 4935 368 5008 faelices:
401 4927 498 4998 Deus
516 4924 611 4994 enim
635 4919 812 5012 promittit
837 4921 909 4990 suis
932 4920 1140 5010 sapientiam
1163 4935 1197 4992 et
1249 4922 1329 5014 gitis
1352 4923 1391 4991 in
1407 4922 1657 4993 obsidionibus
1673 4920 1764 4988 torte
1780 4920 1904 4988 ductos
1918 4913 2082 4990 homines
2096 4918 2157 5010 qui
2171 4937 2226 4984 uc·
2287 4993 2288 5018 χ

209 5055 397 5110 successus.
439 5032 492 5100 Ita
507 5022 710 5114 intelligetis
728 5022 822 5112 leges
834 5045 907 5091 esse
922 5021 989 5092 Dei
1003 5045 1136 5106 vocem,
1163 5037 1197 5093 et
1249 5037 1432 5104 careatur,
1457 5038 1498 5095 ut
1518 5023 1646 5093 caeteri
1667 5016 1824 5091 humana
1846 5043 1951 5092 carne
1965 5021 2061 5114 pasci
2076 5013 2226 5132 possent?
2287 5023 2288 5051 ¹

207 5139 305 5212 hunc
343 5133 529 5228 politicum
565 5126 726 5196 ordinem
761 5147 782 5194 a
814 5120 891 5192 Deo
926 5137 960 5194 et
993 5124 1195 5196 institutum
1249 5127 1390 5197 Accidit
1404 5123 1473 5196 hoc
1488 5149 1563 5194 non
1579 5135 1717 5193 tantum
1734 5119 1979 5217 ierosolymis,
2003 5122 2225 5194 sedetiamrn

209 5263 301 5322 esse,
329 5251 363 5308 et
383 5236 503 5329 aliqua
525 5253 566 5300 ex
588 5240 704 5320 parte,
730 5223 948 5309 conservari,
973 5223 1197 5296 utinsocie-
1249 5227 1372 5315 Utica,
1403 5229 1442 5298 in
1460 5227 1626 5311 Potidea,
1653 5237 1689 5295 et
1709 5225 1789 5294 aliis
1811 5225 1934 5296 multis
1953 5225 2051 5298 locis.
2102 5221 2224 5293 Mirum
2286 5257 2287 5267 ,

206 5355 278 5418 tate
292 5336 449 5410 humana
467 5336 663 5406 innotescat
685 5329 777 5420 ipse,
803 5340 917 5397 etnos
938 5329 1094 5419 copulati
1117 5353 1198 5400 mu·
1249 5344 1300 5401 est
1328 5331 1508 5424 profecto,
1539 5341 1677 5398 tantum
1704 5325 1942 5398 calamitatum
1967 5327 2007 5396 in
2026 5323 2092 5396 hac
2111 5335 2223 5394 natura

206 5446 279 5519 tuis
291 5439 428 5524 officiis,
453 5433 655 5508 testimonia
671 5443 811 5501 nostrae
830 5429 1034 5515 sententiae,
1059 5433 1103 5502 de
1120 5431 1196 5502 Deo
1249 5455 1342 5519 esse,
1368 5455 1458 5526 quae
1478 5445 1624 5524 propter
1643 5429 1818 5501 rationem
1837 5427 2037 5504 divinitatis
2057 5426 2222 5523 particeps,
2285 5447 2286 5483 t

1254 1811 1385 1880 Oratio
1410 1807 1456 1881 do
1477 1769 1725 1884 adstantium
1739 1809 1924 1902 decretis,
1949 1817 2119 1912 stapulas
2129 1823 2241 1910 possi·

1338 1908 1452 2002 dere,
1478 1935 1523 1985 ea
1540 1911 1866 2008 praeoperantem,
1891 1920 1976 1990 ture
1989 1916 2166 1991 humano.
