4646 5824
98 265 214 346 821²*
551 189 713 338 [inm
759 257 834 334 DE
867 255 1138 334 IOHANNE
1170 233 1684 338 R'EGIOMONTANO.
1923 215 1925 222 >
1967 321 1974 338 ,
2050 265 2142 344 '822
2187 319 2191 328 ,

97 437 418 532 ceptou'smortem
434 433 561 521 delict,
582 447 618 506 et
633 433 710 506 eins
724 427 910 524 ingenium
929 432 978 503 ita
996 455 1098 524 prae·
1147 444 1203 502 rat
1225 429 1380 502 amicitia
1405 441 1551 523 propter
1571 431 1773 506 societatem
1795 435 1997 510 studiorum
2015 451 2049 510 et
2068 439 2142 512 vir-

98 542 216 622 dtur,
240 553 282 614 ut
294 537 463 612 omnibus
476 537 600 610 aetatis
620 559 705 612 suae
721 531 984 608 Mathematicis
998 549 1099 606 ante-
1147 547 1272 610 tutem.
1324 533 1499 606 Absoluta
1515 535 1739 607 enarratione
1751 533 1951 630 Allragani,
1976 565 2057 612 curn
2070 543 2140 614 iam

99 646 205 716 fem,
1146 633 1336 710 Bessarion
1354 661 1395 707 ex
1412 633 1563 708 Graecia
1578 639 1761 726 rediisset,
1786 643 1938 715 contulit
1956 667 1992 714 se
2007 641 2141 738 Regio·

204 743 396 816 lncesserat
419 755 535 814 autern
553 740 698 835 utrique
717 740 891 832 cupiditas
915 740 1099 812 adeundae
1147 752 1337 810 montanus
1354 737 1541 820 Venetias,
1567 764 1663 810 anno
1689 742 1877 816 millesimo
1899 745 2141 840 quadringen-

98 847 246 931 ltaliae,
271 841 857 934 PurbacchioetRegiomontano,
884 856 961 914 tum
976 844 1098 912 utdo-
1147 841 1295 926 tesimo,
1321 856 1448 938 quarto
1472 854 1506 911 et
1521 843 1746 933 sexagesimo.
1795 843 1866 918 Hic
1889 863 1923 920 et
1945 849 2079 920 librom
2096 855 2141 923 de

98 965 176 1022 ctos
199 952 296 1020 viros
317 949 357 1018 in
380 946 483 1020 ltalia
513 945 679 1016 audirent
707 941 975 1041 (celebrabatur
1001 944 1098 1014 enim
1147 944 1333 1034 triangulis
1351 966 1477 1034 magna
1494 945 1678 1036 diligentia
1695 949 1922 1042 conscripsit,
1949 965 1983 1024 et
2006 955 2142 1026 reluta-

97 1049 297 1124 Blanchini
310 1045 447 1145 lam),
467 1063 543 1120 tum
560 1061 600 1119 ut
618 1045 774 1118 Graecae
793 1047 936 1138 linguae
953 1069 1097 1138 operam
1146 1046 1261 1116 tiones
1275 1048 1512 1141 quadraturae
1528 1047 1668 1134 circuli,
1694 1071 1782 1142 quas
1795 1048 1964 1124 Nicotaus
1978 1051 2141 1130 Cusanus

98 1159 240 1237 darent,
260 1155 299 1224 in
315 1177 385 1248 qua
401 1153 518 1223 tontes
532 1145 658 1220 harum
674 1149 805 1220 artium
819 1149 995 1220 contineri
1011 1148 1098 1218 scie·
1147 1152 1404 1220 demonstrasse
1435 1150 1644 1240 putabatur:
1686 1148 1840 1223 Romam
1872 1169 2013 1248 postea*
2024 1160 2142 1247 rediit,

98 1261 207 1342 bant,
232 1271 269 1328 et
280 1253 523 1326 Ptolemaeum
540 1277 602 1324 sua
620 1251 741 1342 lingua
764 1253 967 1346 loquentem
984 1251 1098 1340 legere
1146 1251 1209 1321 ubi
1226 1252 1338 1322 libros
1349 1249 1503 1322 Graecos
1520 1267 1553 1324 et
1569 1251 1715 1324 Latinos
1729 1255 1858 1346 partim
1875 1280 1936 1328 aua
1952 1283 2063 1332 manu
2078 1265 2142 1333 de·
2213 1259 2216 1265 ’

97 1363 280 1432 volebant.
333 1355 491 1452 Eratque
516 1345 896 1440 hortatorBes'sarion‚
922 1368 963 1426 ut
979 1377 1097 1424 secum
1146 1353 1307 1445 scripsit,
1331 1352 1466 1448 (pinxit
1488 1355 1583 1423 enim
1608 1355 1792 1427 literarum
1817 1359 1946 1449 figuras
1968 1374 2003 1434 et
2028 1389 2142 1436 venu-

97 1463 419 1557 proficiscerentur.
452 1455 582 1528 Narrat
600 1457 706 1526 etiam
719 1455 1038 1548 Regiomontanus,
1062 1478 1098 1524 se
1147 1469 1233 1526 state
1265 1471 1298 1528 et
1322 1456 1490 1526 facilitate
1512 1453 1673 1554 magna)
1690 1460 1818 1551 partim
1843 1485 1971 1554 magna
1992 1467 2142 1556 pecunia

97 1567 378 1647 adolescentem,
413 1585 495 1632 cum
522 1559 659 1631 videret
681 1560 772 1628 duos
797 1559 1098 1650 ingeniosissimos
1147 1559 1299 1630 describi
1314 1557 1461 1630 curavit.
1512 1556 1632 1632 Hicet
1648 1562 1840 1633 certamina
1857 1563 1985 1636 eicum
2003 1565 2141 1662 Trape-
2272 1593 2275 1603 ’

98 1669 217 1748 viros,
250 1660 511 1736 Purbacchium
541 1675 576 1734 et
602 1660 830 1732 Franciscum
858 1659 1097 1732 Mantuanum
1147 1661 1265 1732 zontio
1301 1661 1471 1730 acerrima
1500 1661 1663 1748 fuerunt,
1703 1663 1803 1736 cuius
1834 1661 2141 1758 hallucinationes,

98 1771 139 1840 in
172 1769 397 1840 versionibus
438 1759 682 1856 geographicis
716 1763 909 1836 Ptolemaei
943 1760 1097 1842 haerere,
1147 1789 1226 1833 cnm
1244 1758 1429 1835 Tbeonem
1446 1759 1774 1856 reprehendissent,
1794 1767 1946 1859 ingenue
1962 1771 2141 1849 refutavit,

98 1888 247 1966 propter
263 1870 440 1942 inscitiam
460 1865 616 1940 Graecae
632 1866 787 1958 linguae,
811 1869 915 1938 valde
930 1866 1098 1948 doluisse,
1147 1861 1333 1956 Peragrata
1351 1865 1473 1950 ltalia,
1499 1867 1605 1938 rediit
1621 1867 1816 1956 Viennam,
1841 1872 1904 1942 ubi
1929 1874 1993 1944 etsi
2015 1877 2142 1948 docere

98 1977 198 2072 quod
225 1975 342 2045 fontes
369 1971 543 2062 inspicere
575 1993 649 2038 non
685 1983 819 2060 posset,
851 1993 915 2039 nec
941 1967 1098 2040 Graecae
1147 1973 1329 2060 coeperat,
1365 1983 1482 2039 tamen
1496 1983 1660 2041 evocatus
1681 1995 1701 2041 a
1719 1967 1816 2063 Rege
1833 1967 2008 2061 Matthia,
2040 1991 2076 2050 et
2095 1982 2141 2052 ab

96 2079 244 2168 linguae
262 2086 504 2168 praeceptores
527 2067 691 2152 baberet,
719 2095 866 2165 eamque
890 2074 937 2142 ob
957 2093 1097 2140 causam
1145 2067 1325 2163 Episcopo
1348 2069 1603 2161 strigoniensi,
1638 2073 1776 2164 magnis
1798 2075 1844 2145 ab
1864 2089 2015 2170 utroque
2037 2105 2140 2172 prae·

98 2205 137 2251 se
150 2179 345 2250 decrevisse
359 2177 551 2270 aliquando
569 2171 707 2246 ltaliam
722 2173 831 2242 adire.
871 2173 1023 2244 Moleste
1039 2186 1097 2242 tu·
1148 2174 1228 2242 miis
1252 2176 1404 2244 donatus
1425 2187 1485 2245 est.
1537 2171 1613 2246 Rex
1640 2175 1745 2245 etiam
1776 2177 1983 2268 pensionem
2014 2183 2048 2254 ei
2074 2208 2141 2253 an-

99 2284 190 2354 lerat
205 2282 420 2362 adolescens,
446 2277 485 2346 in
501 2277 663 2347 versione
679 2275 924 2366 descriptionis
937 2273 1097 2347 Danubii
1147 2301 1255 2346 uuam
1279 2275 1457 2362 decrevit,
1483 2298 1609 2347 aureos
1628 2275 1853 2369 Hungaricos
1872 2281 1959 2353 200.
2012 2282 2082 2356 llic
2106 2301 2142 2358 et

98 2385 204 2457 toties
220 2396 375 2454 erratum
394 2403 481 2450 esse.
532 2377 621 2450 Nam
639 2403 720 2448 cum
735 2379 774 2448 in
792 2391 888 2450 textu
903 2379 948 2448 sit
971 2375 1098 2472 e'aerpo·
1147 2379 1221 2468 regi
1243 2393 1276 2448 et
1300 2375 1479 2471 Episcopo
1500 2379 1733 2451 instrumenta
1754 2381 1940 2454 fabricavit
1958 2387 2004 2456 ad
2019 2387 2142 2459 obser-

98 2483 172 2581 πὴ,
198 2511 289 2578 quae
311 2497 362 2556 est
379 2495 535 2565 meatus,
560 2480 624 2551 ubi
649 2481 772 2551 influit
793 2481 884 2552 alius
898 2481 1032 2558 amnis,
1059 2491 1099 2550 ut
1147 2483 1282 2552 vandos
1300 2495 1438 2552 motus:
1464 2477 1555 2551 Nam
1571 2478 1739 2576 Episcopi
1754 2507 1880 2576 magna
1896 2501 1970 2558 erat
1985 2491 2139 2562 eruditio

99 2593 144 2660 ad
164 2589 347 2660 Patavium
365 2581 682 2656 Oenusinlluitin
696 2581 921 2654 Danubium:
945 2595 1098 2653 verterat
1147 2585 1186 2652 in
1208 2579 1263 2652 his
1279 2583 1489 2675 disciplinis.
1540 2581 1588 2654 Et
1610 2583 1707 2666 Rex,
1734 2587 1895 2680 quamvis
1911 2613 2017 2662 nemo
2034 2591 2140 2663 Prin·

98 2693 276 2782 interpres
293 2689 416 2762 multis
432 2687 520 2756 locis
536 2682 732 2768 scissiones,
759 2686 861 2778 quasi
877 2699 1011 2756 caetera
1029 2685 1098 2752 llu-
1147 2687 1265 2778 cipum
1281 2685 1356 2756 eius
1371 2685 1493 2756 aetatis
1510 2687 1713 2757 bellicosior
1727 2703 1812 2774 erat,
1837 2684 1956 2762 tame'n
1972 2701 2047 2764 nod
2059 2707 2141 2768 ‘erat

98 2795 198 2864 mina
212 2793 284 2864 sint
301 2789 460 2862 Danubii
476 2782 631 2862 brachia.
680 2787 800 2858 Simili
817 2783 1097 2858 hallucinatione
1147 2789 1247 2860 rudis
1268 2789 1451 2858 doctrinae
1468 2789 1513 2857 de
1535 2789 1689 2861 motibus
1713 2792 1933 2878 coelestibus.
1985 2795 2141 2870 Narrant
2192 2845 2196 2854 ·

99 2895 293 2987 descriptio
318 2892 408 2964 Padi
442 2892 634 2984 obscurata
662 2903 725 2962 est.
777 2887 848 2962 Sed
884 2883 1097 2960 Purbacchii
1147 2907 1181 2962 et
1203 2891 1410 2980 gravissimo
1433 2891 1560 2972 morbo
1591 2906 1767 2962 servatum
1799 2917 1872 2966 esse
1894 2891 2141 2972 Mathematici

97 2999 290 3072 consilium
313 2999 356 3066 de
384 2989 451 3066 hac
474 2992 760 3084 peregrinatione
777 3015 880 3070 ,mors
909 2993 1096 3062 immatura
1147 2994 1309 3065 consilio.
1360 2991 1450 3064 Nam
1466 3017 1546 3064 cum
1565 2991 1699 3066 Medici
1714 2997 1851 3066 nullam
1868 2998 1905 3066 in
1929 2993 2141 3074 humoribus

96 3100 305 3172 antevertit:
340 3122 411 3192 quo
438 3095 592 3166 extincto
617 3095 731 3164 luctus
751 3093 857 3164 etiam
876 3093 1097 3184 Regiomon-
1147 3121 1287 3168 causam
1313 3097 1428 3166 morbi
1455 3090 1781 3188 deprehenderent,
1804 3123 1845 3170 ac
1866 3097 2142 3177 animadvertiess

95 3221 224 3276 tanum
253 3199 384 3284 movit,
422 3211 462 3268 ut
489 3196 628 3268 facilius
656 3193 832 3266 Viennam
867 3197 1097 3288 relinqueret.
1146 3213 1224 3270 sent
1240 3211 1377 3270 tantum
1392 3197 1580 3269 mirificum
1595 3223 1668 3270 esse
1680 3200 1885 3292 languorem
1901 3206 2037 3290 cordis,
2059 3206 2141 3278 Ma-

95 3305 301 3378 Comitatur
324 3303 435 3392 igitur
459 3296 705 3370 Bessarionem
730 3299 935 3370 redeuntem
961 3299 998 3366 in
1027 3297 1093 3366 lta·
1146 3295 1356 3372 thematicus
1371 3301 1523 3386 monuit,
1547 3317 1693 3395 propter
1705 3299 1878 3396 Eclipsin‚
1902 3331 1992 3401 quae
2008 3308 2140 3380 minata
2211 3314 2215 3323 “

96 3411 206 3492 liam,
228 3431 306 3478 cum
326 3405 398 3474 iam
415 3425 490 3472 non
512 3401 671 3494 procula
688 3399 1095 3480 tricesimoannoabes-
1145 3405 1262 3473 suerat
1283 3399 1394 3491 Regis
1413 3403 1523 3486 vitae,
1551 3397 1642 3474 hanc
1664 3405 1942 3478 imbecillitatem
1965 3411 2139 3485 virtulum

83 3525 162 3584 set.
214 3505 352 3582 Romae
382 3529 465 3576 cum
493 3501 734 3596 Trapezontio
762 3525 864 3594 saepe
891 3524 1096 3593 congressus
1147 3505 1310 3576 vitalium
1328 3505 1496 3576 extitisse:
1519 3529 1583 3574 nec
1601 3529 1741 3576 causam
1759 3507 1799 3576 in
1817 3503 2140 3608 honoribusquae-

95 3629 163 3686 est.
214 3609 398 3682 Lustravit
420 3621 454 3678 et
469 3601 719 3704 bibliothecas,
743 3629 834 3697 quae
858 3605 968 3695 magis
990 3605 1095 3676 etiam
1146 3611 1293 3678 rendam
1308 3630 1401 3690 esse,
1427 3608 1488 3676 sed
1505 3619 1642 3676 tantum
1657 3610 1774 3679 cordis
1788 3610 1881 3681 vires
1896 3614 2002 3684 rebus
2019 3616 2140 3686 suavi-

96 3715 338 3786 acceuderunt
355 3735 455 3794 eum,
481 3723 522 3780 ut
537 3705 694 3778 Graecae
717 3706 858 3797 linguae
874 3732 1016 3800 operam
1032 3709 1095 3776 da·
1146 3713 1211 3782 bus
1227 3711 1408 3782 lovendas.
1434 3765 1437 3774 Α
1461 3707 1512 3782 lta
1528 3705 1607 3782 Rex
1620 3711 1813 3784 convaluit,

95 3832 165 3890 ret.
194 3815 337 3887 Ardens
351 3813 461 3902 igitur
477 3805 543 3880 hac
558 3811 761 3900 cupiditate,
783 3810 893 3880 multa
909 3834 971 3881 sua
985 3831 1092 3878 manu

21 3941 25 3952 ·
95 3919 303 4012 descripsit,
329 3930 363 3987 et
378 3913 571 3987 Ptolemaei
584 3913 695 3984 libros
712 3911 781 3982 sibi
797 3913 987 3983 familiares
998 3911 1096 3982 lecit.

96 4023 206 4093 Tunc
229 4035 263 4092 et
278 4017 468 4106 Dialogum
490 4028 612 4086 contra
628 4013 877 4085 Cremonensis
901 4010 1095 4086 Theoricas

96 4124 251 4216 scripsit.
301 4116 498 4214 Aliquanto
531 4130 611 4208 post
637 4113 836 4186 Ferrariam
867 4140 903 4186 se
934 4116 1096 4202 contulit,

96 4226 163 4298 ubi
178 4239 263 4296 tunc
284 4236 385 4294 eraut
399 4214 621 4292 Blanchinus
641 4231 676 4290 et
691 4213 904 4290 Theodorus
919 4215 1035 4304 Gaza,
1061 4231 1097 4289 ct

98 4325 285 4400 Guarinus
308 4325 359 4396 ibi
377 4321 512 4396 Graece
529 4321 687 4394 docebat.
739 4317 808 4390 Hic
833 4322 977 4392 navavit
997 4343 1095 4412 egre·

97 4431 205 4522 giam·
222 4451 366 4522 operam
399 4427 436 4496 in
466 4423 602 4496 Graeca
630 4423 769 4514 lingua,
804 4423 956 4514 amplius
982 4447 1094 4492 anno:

99 4545 312 4624 tantumque
332 4528 477 4611 didicit,
508 4541 548 4598 ut
571 4539 606 4596 et
627 4523 748 4596 vertas
772 4547 893 4614 graece
916 4525 1096 4611 scriberet,

98 4636 165 4730 qui
182 4627 301 4704 adhoc
317 4643 454 4715 extant,
486 4642 520 4698 et
544 4627 701 4720 expedite
724 4627 858 4696 versari
875 4627 913 4696 in
930 4621 1095 4698 Philoso-
1247 4621 1302 4696 Eo
1333 4623 1409 4714 ipso
1439 4633 1597 4714 tempore
1621 4621 1700 4697 Rex
1726 4623 1935 4701 Pannoniae
1966 4627 2139 4706 Matthias

99 4734 183 4830 phis
194 4733 341 4806 Graecis
355 4745 482 4828 posset.
512 4729 581 4802 Hic
596 4730 665 4800 iam
673 4726 915 4800 Ptolemaeum
931 4724 1096 4800 etTheo-
1146 4725 1280 4800 bellum
1297 4725 1410 4798 movit
1422 4726 1592 4798 adversus
1606 4719 1807 4815 Bohemos,
1833 4756 1992 4826 quaeres
2010 4737 2139 4808 multa-

99 4840 158 4910 nis
175 4835 449 4909 commentarios
464 4835 626 4903 conterre
641 4831 766 4924 coepit.
807 4827 1003 4926 Aliquanto
1018 4845 1097 4925 post
1146 4855 1228 4902 rum
1244 4829 1442 4899 vicinarum
1457 4827 1643 4918 regionum
1660 4832 1954 4926 tranquillitatem
1971 4839 2139 4914 turbavit.

99 4939 285 5012 discedens
306 4937 490 5019 Ferraria,
520 4934 678 5005 venitin
702 4931 929 5006 Academiam
954 4931 1098 5004 Patavi·
1147 4927 1299 5003 Bohemi
1316 4930 1444 5023 partim
1457 4926 1672 5002 Casimirum
1687 4929 1858 5006 Poloniae
1872 4933 2007 5029 Regem
2024 4965 2140 5012 accer-

99 5067 197 5128 nam,
222 5041 287 5113 ubi
302 5032 591 5130 aPhilosophiae
606 5035 775 5108 studiosis
790 5047 951 5126 rogatus,
976 5036 1099 5108 Allra-
1147 5038 1292 5116 rebant,
1334 5031 1463 5125 partim
1494 5055 1642 5124 regnum
1668 5030 1761 5104 Duci
1790 5037 1965 5112 Saxoniae
1989 5035 2139 5116 Alberto

101 5167 235 5238 ganum
248 5141 390 5237 publice
404 5139 596 5212 enarravit.
650 5135 757 5210 Extat
779 5137 949 5229 praelatio
974 5138 1026 5209 ibi
1042 5163 1099 5210 re-
1148 5140 1286 5236 tradere
1303 5134 1541 5222 conabantur,
1569 5135 1696 5228 partim
1718 5137 1919 5213 invitabant
1940 5141 2143 5232 Matthiam‚

102 5249 219 5330 citata,
239 5245 279 5316 in
294 5269 364 5340 qua
379 5245 454 5314 non
470 5242 585 5312 solum
602 5239 807 5331 disciplinas
822 5239 1013 5334 praedicat,
1036 5242 1098 5312 sed
1148 5239 1224 5336 qui,
1250 5249 1290 5310 ut
1305 5251 1381 5310 erat
1395 5236 1605 5324 acerrimus,
1629 5241 1818 5325 antevertit
1835 5257 1998 5318 caeteros.
2049 5246 2141 5321 Cum

102 5351 209 5422 etiam
232 5369 362 5438 magno
382 5345 534 5418 candore
549 5341 703 5416 celebrat
719 5335 1010 5424 Mathematicus,
1036 5342 1099 5438 qni
1149 5342 1259 5435 igitur
1286 5338 1494 5425 Pannonia,
1527 5335 1671 5412 Austris
1706 5353 1741 5414 et
1763 5356 1836 5418 tota
1861 5347 1991 5422 vicinia
2018 5351 2143 5442 plenae

102 5469 189 5526 tnnc
216 5451 254 5522 io
270 5447 371 5522 ltalia
389 5445 476 5522 clari
497 5447 662 5526 luerunt,
689 5457 722 5515 et
741 5467 831 5539 quos
843 5443 913 5518 sibi
931 5445 1101 5518 devinxe-
1149 5458 1266 5519 essent
1297 5441 1536 5618 tumultuaria:
1574 5439 1881 5552 Regiomontanus
1912 5453 2143 5547 tranquillam

1246 3853 1301 3927 Eo
1323 3871 1481 3948 tempore
1502 3853 1806 3950 Regiomontanus
1831 3875 1866 3933 et
1887 3859 2067 3957 Episcopo
2084 3866 2137 3936 illi

1146 3961 1284 4032 tabulas
1316 3959 1553 4032 directionum
1589 3961 1815 4054 conscripsit,
1850 3988 2001 4058 quarum
2035 3967 2137 4040 initia
2171 4021 2176 4032 .

1146 4063 1283 4136 etiamsi
1300 4064 1345 4132 ab
1364 4063 1444 4131 aliis
1460 4063 1628 4154 sumpsit,
1654 4075 1773 4134 tamen
1789 4089 1916 4158 magna
1932 4093 2015 4160 pars
2036 4071 2139 4144 luco-

1145 4165 1319 4238 brationis
1339 4159 1447 4235 huius
1467 4177 1519 4237 est
1541 4163 1652 4258 ipsius
1670 4165 1827 4258 propria.
1875 4165 1923 4241 Et
1936 4165 2023 4244 haec
2039 4173 2139 4246 labo·

1146 4293 1225 4340 rum
1242 4267 1516 4338 communicatio
1542 4267 1633 4344 iusta
1661 4281 1696 4341 et
1725 4269 1830 4340 laude
1848 4272 2053 4362 dignissima
2074 4291 2138 4360 est,

1138 4371 1280 4464 priores
1303 4369 1434 4440 artium
1457 4369 1590 4456 semina
1614 4372 1752 4441 tradere
1774 4375 1941 4464 posteris,
1967 4391 2002 4448 et
2023 4393 2139 4472 postc-

1145 4496 1204 4544 ros
1217 4497 1256 4543 ea
1280 4471 1433 4544 fideliter
1451 4494 1659 4542 conservare
1686 4485 1720 4544 et
1743 4470 1934 4554 illustrare.
2058 4481 2061 4488 '
