<?xml version="1.0" encoding="UTF-8"?>
<!DOCTYPE html PUBLIC "-//W3C//DTD XHTML 1.0 Transitional//EN"
    "http://www.w3.org/TR/xhtml1/DTD/xhtml1-transitional.dtd">
<html xmlns="http://www.w3.org/1999/xhtml" xml:lang="en" lang="en">
 <head>
  <title>
</title>
<meta http-equiv="Content-Type" content="text/html;charset=utf-8" />
  <meta name='ocr-system' content='tesseract 3.04.00' />
  <meta name='ocr-capabilities' content='ocr_page ocr_carea ocr_par ocr_line ocrx_word'/>
</head>
<body>
  <div class='ocr_page' id='page_1' title='image "./corpusreformato23melagoog/corpusreformato23melagoog_0292.png"; bbox 0 0 4614 5820; ppageno 0'>
   <div class='ocr_carea' id='block_1_1' title="bbox 79 237 2096 402">
    <p class='ocr_par' dir='ltr' id='par_1_1' title="bbox 79 237 2096 402">
     <span class='ocr_line' id='line_1_1' title="bbox 79 237 2096 402; baseline 0.006 -33"><span class='ocrx_word' id='word_1_1' title='bbox 79 293 139 372; x_wconf 80' lang='lat' dir='ltr'>aa</span> <span class='ocrx_word' id='word_1_2' title='bbox 593 237 596 246; x_wconf 61' lang='grc'><strong>’</strong></span> <span class='ocrx_word' id='word_1_3' title='bbox 735 289 896 372; x_wconf 79' lang='lat' dir='ltr'>nucu.</span> <span class='ocrx_word' id='word_1_4' title='bbox 937 293 1012 370; x_wconf 84' lang='lat' dir='ltr'>nr</span> <span class='ocrx_word' id='word_1_5' title='bbox 1045 291 1419 378; x_wconf 75' lang='lat' dir='ltr'>corrosano,</span> <span class='ocrx_word' id='word_1_6' title='bbox 2019 323 2096 402; x_wconf 75' lang='lat'>„2</span> 
     </span>
    </p>
   </div>
   <div class='ocr_carea' id='block_1_2' title="bbox 76 467 2092 574">
    <p class='ocr_par' dir='ltr' id='par_1_2' title="bbox 76 467 2092 574">
     <span class='ocr_line' id='line_1_2' title="bbox 76 467 2092 574; baseline 0.016 -36"><span class='ocrx_word' id='word_1_7' title='bbox 76 493 138 538; x_wconf 91' lang='lat' dir='ltr'>non</span> <span class='ocrx_word' id='word_1_8' title='bbox 159 467 273 538; x_wconf 85' lang='lat' dir='ltr'>solum</span> <span class='ocrx_word' id='word_1_9' title='bbox 295 477 334 538; x_wconf 89' lang='lat' dir='ltr'>ut</span> <span class='ocrx_word' id='word_1_10' title='bbox 358 467 626 558; x_wconf 87' lang='lat' dir='ltr'>explorarentur</span> <span class='ocrx_word' id='word_1_11' title='bbox 651 467 811 556; x_wconf 85' lang='lat' dir='ltr'>ingenia,</span> <span class='ocrx_word' id='word_1_12' title='bbox 843 469 1052 554; x_wconf 86' lang='lat' dir='ltr'>voluntates,</span> <span class='ocrx_word' id='word_1_13' title='bbox 1099 478 1223 560; x_wconf 88' lang='lat' dir='ltr'>tamen</span> <span class='ocrx_word' id='word_1_14' title='bbox 1258 467 1385 539; x_wconf 89' lang='lat' dir='ltr'>talium</span> <span class='ocrx_word' id='word_1_15' title='bbox 1416 471 1573 542; x_wconf 87' lang='lat' dir='ltr'>virorum</span> <span class='ocrx_word' id='word_1_16' title='bbox 1604 479 1855 573; x_wconf 85' lang='lat' dir='ltr'>suffragatione</span> <span class='ocrx_word' id='word_1_17' title='bbox 1882 492 2092 574; x_wconf 82' lang='lat' dir='ltr'>adiuvaret</span> 
     </span>
    </p>
   </div>
   <div class='ocr_carea' id='block_1_3' title="bbox 53 569 2173 5612">
    <p class='ocr_par' dir='ltr' id='par_1_3' title="bbox 53 569 2173 5612">
     <span class='ocr_line' id='line_1_3' title="bbox 75 569 2091 681; baseline 0.024 -43"><span class='ocrx_word' id='word_1_18' title='bbox 75 570 194 651; x_wconf 88' lang='lat' dir='ltr'>studia,</span> <span class='ocrx_word' id='word_1_19' title='bbox 221 591 469 638; x_wconf 73' lang='lat' dir='ltr'><strong>momentum</strong></span> <span class='ocrx_word' id='word_1_20' title='bbox 486 569 546 661; x_wconf 93' lang='lat' dir='ltr'>qui</span> <span class='ocrx_word' id='word_1_21' title='bbox 562 571 605 638; x_wconf 92' lang='lat' dir='ltr'>ad</span> <span class='ocrx_word' id='word_1_22' title='bbox 622 569 804 640; x_wconf 89' lang='lat' dir='ltr'>doctrinae</span> <span class='ocrx_word' id='word_1_23' title='bbox 825 572 1053 658; x_wconf 75' lang='lat' dir='ltr'>gubernatio-</span> <span class='ocrx_word' id='word_1_24' title='bbox 1102 569 1305 640; x_wconf 72' lang='lat' dir='ltr'>confirmor·</span> <span class='ocrx_word' id='word_1_25' title='bbox 1357 569 1460 642; x_wconf 62' lang='lat' dir='ltr'>Nunc</span> <span class='ocrx_word' id='word_1_26' title='bbox 1485 597 1566 644; x_wconf 55' lang='grc' dir='ltr'>ΜΟ</span> <span class='ocrx_word' id='word_1_27' title='bbox 1589 575 1756 677; x_wconf 64' lang='grc' dir='ltr'><strong>ΕΡῙὸΰῡΡῖ</strong></span> <span class='ocrx_word' id='word_1_28' title='bbox 1781 590 2091 681; x_wconf 64' lang='lat'>“¹¹²821128110008·</span> 
     </span>
     <span class='ocr_line' id='line_1_4' title="bbox 74 669 2092 788; baseline 0.017 -48"><span class='ocrx_word' id='word_1_29' title='bbox 74 697 144 740; x_wconf 86' lang='lat' dir='ltr'>nem</span> <span class='ocrx_word' id='word_1_30' title='bbox 165 671 336 739; x_wconf 71' lang='lat' dir='ltr'>accessuri</span> <span class='ocrx_word' id='word_1_31' title='bbox 359 683 458 755; x_wconf 93' lang='lat' dir='ltr'>sunt,</span> <span class='ocrx_word' id='word_1_32' title='bbox 490 674 550 740; x_wconf 89' lang='lat' dir='ltr'>sed</span> <span class='ocrx_word' id='word_1_33' title='bbox 578 673 681 740; x_wconf 85' lang='lat' dir='ltr'>ctiam</span> <span class='ocrx_word' id='word_1_34' title='bbox 706 685 746 741; x_wconf 85' lang='lat' dir='ltr'>nt</span> <span class='ocrx_word' id='word_1_35' title='bbox 773 673 876 759; x_wconf 85' lang='lat' dir='ltr'>longa</span> <span class='ocrx_word' id='word_1_36' title='bbox 897 675 1052 742; x_wconf 87' lang='lat' dir='ltr'>assucla-</span> <span class='ocrx_word' id='word_1_37' title='bbox 1101 669 1237 738; x_wconf 91' lang='lat' dir='ltr'>sionem</span> <span class='ocrx_word' id='word_1_38' title='bbox 1258 673 1492 758; x_wconf 75' lang='lat' dir='ltr'>ordinariam,</span> <span class='ocrx_word' id='word_1_39' title='bbox 1517 690 1683 772; x_wconf 87' lang='lat' dir='ltr'>tanquam</span> <span class='ocrx_word' id='word_1_40' title='bbox 1702 690 1849 760; x_wconf 84' lang='lat' dir='ltr'>n&#39;ervum</span> <span class='ocrx_word' id='word_1_41' title='bbox 1866 716 1948 766; x_wconf 88' lang='lat' dir='ltr'>suae</span> <span class='ocrx_word' id='word_1_42' title='bbox 1963 714 2092 788; x_wconf 87' lang='lat' dir='ltr'>poten-</span> 
     </span>
     <span class='ocr_line' id='line_1_5' title="bbox 74 769 2091 872; baseline 0.022 -32"><span class='ocrx_word' id='word_1_43' title='bbox 74 773 177 842; x_wconf 91' lang='lat' dir='ltr'>ctione</span> <span class='ocrx_word' id='word_1_44' title='bbox 192 772 421 842; x_wconf 89' lang='lat' dir='ltr'>erudirentur</span> <span class='ocrx_word' id='word_1_45' title='bbox 434 785 468 840; x_wconf 92' lang='lat' dir='ltr'>et</span> <span class='ocrx_word' id='word_1_46' title='bbox 483 773 738 842; x_wconf 75' lang='lat' dir='ltr'>excolerentur.</span> <span class='ocrx_word' id='word_1_47' title='bbox 790 771 892 842; x_wconf 80' lang='lat' dir='ltr'>llanc</span> <span class='ocrx_word' id='word_1_48' title='bbox 906 776 952 842; x_wconf 88' lang='lat' dir='ltr'>oh</span> <span class='ocrx_word' id='word_1_49' title='bbox 967 799 1050 844; x_wconf 88' lang='lat' dir='ltr'>cau·</span> <span class='ocrx_word' id='word_1_50' title='bbox 1100 769 1185 856; x_wconf 79' lang='lat' dir='ltr'>tiae,</span> <span class='ocrx_word' id='word_1_51' title='bbox 1210 774 1391 844; x_wconf 73' lang='lat' dir='ltr'>doctrinae</span> <span class='ocrx_word' id='word_1_52' title='bbox 1407 799 1491 846; x_wconf 74' lang='lat' dir='ltr'>V0r⁰</span> <span class='ocrx_word' id='word_1_53' title='bbox 1508 781 1624 850; x_wconf 62' lang='lat' dir='ltr'>Studia</span> <span class='ocrx_word' id='word_1_54' title='bbox 1641 787 1762 858; x_wconf 63' lang='lat' dir='ltr'>mullis</span> <span class='ocrx_word' id='word_1_55' title='bbox 1778 791 1846 860; x_wconf 65' lang='lat' dir='ltr'>iam</span> <span class='ocrx_word' id='word_1_56' title='bbox 1863 799 1988 868; x_wconf 60' lang='lat' dir='ltr'>mulis</span> <span class='ocrx_word' id='word_1_57' title='bbox 2003 827 2091 872; x_wconf 68' lang='lat'>0⁰¹¹·-</span> 
     </span>
     <span class='ocr_line' id='line_1_6' title="bbox 73 868 2090 986; baseline 0.016 -44"><span class='ocrx_word' id='word_1_58' title='bbox 73 897 135 942; x_wconf 87' lang='lat' dir='ltr'>sam</span> <span class='ocrx_word' id='word_1_59' title='bbox 151 873 269 957; x_wconf 89' lang='lat' dir='ltr'>initio,</span> <span class='ocrx_word' id='word_1_60' title='bbox 295 868 434 944; x_wconf 88' lang='lat' dir='ltr'>scholae</span> <span class='ocrx_word' id='word_1_61' title='bbox 449 874 636 943; x_wconf 89' lang='lat' dir='ltr'>adiunctae</span> <span class='ocrx_word' id='word_1_62' title='bbox 652 875 796 944; x_wconf 76' lang='lat' dir='ltr'>fuemus</span> <span class='ocrx_word' id='word_1_63' title='bbox 810 871 996 960; x_wconf 88' lang='lat' dir='ltr'>Ecclesiis,</span> <span class='ocrx_word' id='word_1_64' title='bbox 1018 887 1052 944; x_wconf 89' lang='lat' dir='ltr'>et</span> <span class='ocrx_word' id='word_1_65' title='bbox 1100 883 1282 958; x_wconf 83' lang='lat' dir='ltr'>temnunt,</span> <span class='ocrx_word' id='word_1_66' title='bbox 1308 874 1393 944; x_wconf 89' lang='lat' dir='ltr'>dum</span> <span class='ocrx_word' id='word_1_67' title='bbox 1413 877 1561 970; x_wconf 89' lang='lat' dir='ltr'>imperia</span> <span class='ocrx_word' id='word_1_68' title='bbox 1582 898 1752 976; x_wconf 87' lang='lat' dir='ltr'>appetunt</span> <span class='ocrx_word' id='word_1_69' title='bbox 1774 905 1808 960; x_wconf 89' lang='lat' dir='ltr'>et</span> <span class='ocrx_word' id='word_1_70' title='bbox 1828 891 1967 986; x_wconf 81' lang='lat' dir='ltr'>Regum</span> <span class='ocrx_word' id='word_1_71' title='bbox 1991 927 2090 978; x_wconf 88' lang='lat' dir='ltr'>more</span> 
     </span>
     <span class='ocr_line' id='line_1_7' title="bbox 72 969 2090 1095; baseline 0.017 -51"><span class='ocrx_word' id='word_1_72' title='bbox 72 975 148 1044; x_wconf 89' lang='lat' dir='ltr'>utile</span> <span class='ocrx_word' id='word_1_73' title='bbox 165 987 217 1044; x_wconf 90' lang='lat' dir='ltr'>est</span> <span class='ocrx_word' id='word_1_74' title='bbox 240 969 336 1044; x_wconf 92' lang='lat' dir='ltr'>hunc</span> <span class='ocrx_word' id='word_1_75' title='bbox 359 997 495 1044; x_wconf 91' lang='lat' dir='ltr'>morem</span> <span class='ocrx_word' id='word_1_76' title='bbox 519 975 735 1045; x_wconf 87' lang='lat' dir='ltr'>conservari.</span> <span class='ocrx_word' id='word_1_77' title='bbox 788 973 909 1064; x_wconf 80' lang='lat' dir='ltr'>Quare</span> <span class='ocrx_word' id='word_1_78' title='bbox 934 973 1048 1045; x_wconf 90' lang='lat' dir='ltr'>Deum</span> <span class='ocrx_word' id='word_1_79' title='bbox 1100 973 1344 1050; x_wconf 88' lang='lat' dir='ltr'>dominantur.</span> <span class='ocrx_word' id='word_1_80' title='bbox 1408 975 1481 1048; x_wconf 91' lang='lat' dir='ltr'>Nos</span> <span class='ocrx_word' id='word_1_81' title='bbox 1512 994 1630 1052; x_wconf 90' lang='lat' dir='ltr'>autem</span> <span class='ocrx_word' id='word_1_82' title='bbox 1650 990 1908 1084; x_wconf 65' lang='lat' dir='ltr'>,antiquitatem</span> <span class='ocrx_word' id='word_1_83' title='bbox 1945 1018 2090 1095; x_wconf 88' lang='lat' dir='ltr'>propter</span> 
     </span>
     <span class='ocr_line' id='line_1_8' title="bbox 72 1070 2091 1184; baseline 0.024 -55"><span class='ocrx_word' id='word_1_84' title='bbox 72 1099 204 1166; x_wconf 64' lang='lat' dir='ltr'>precor,</span> <span class='ocrx_word' id='word_1_85' title='bbox 225 1090 265 1148; x_wconf 74' lang='lat' dir='ltr'>ut</span> <span class='ocrx_word' id='word_1_86' title='bbox 279 1076 353 1166; x_wconf 84' lang='lat' dir='ltr'>ipse</span> <span class='ocrx_word' id='word_1_87' title='bbox 369 1088 405 1146; x_wconf 89' lang='lat' dir='ltr'>et</span> <span class='ocrx_word' id='word_1_88' title='bbox 417 1075 535 1146; x_wconf 86' lang='lat' dir='ltr'>studia</span> <span class='ocrx_word' id='word_1_89' title='bbox 551 1089 664 1166; x_wconf 87' lang='lat' dir='ltr'>regat,</span> <span class='ocrx_word' id='word_1_90' title='bbox 691 1089 723 1145; x_wconf 90' lang='lat' dir='ltr'>et</span> <span class='ocrx_word' id='word_1_91' title='bbox 742 1070 807 1146; x_wconf 89' lang='lat' dir='ltr'>hos</span> <span class='ocrx_word' id='word_1_92' title='bbox 825 1071 1051 1148; x_wconf 88' lang='lat' dir='ltr'>scholasticos</span> <span class='ocrx_word' id='word_1_93' title='bbox 1101 1073 1222 1144; x_wconf 89' lang='lat' dir='ltr'>divina</span> <span class='ocrx_word' id='word_1_94' title='bbox 1245 1075 1446 1149; x_wconf 84' lang='lat' dir='ltr'>testimonia</span> <span class='ocrx_word' id='word_1_95' title='bbox 1466 1083 1708 1176; x_wconf 91' lang='lat' dir='ltr'>requiramus,</span> <span class='ocrx_word' id='word_1_96' title='bbox 1732 1091 1779 1164; x_wconf 91' lang='lat' dir='ltr'>ita</span> <span class='ocrx_word' id='word_1_97' title='bbox 1799 1108 1913 1170; x_wconf 88' lang='lat' dir='ltr'>tamen</span> <span class='ocrx_word' id='word_1_98' title='bbox 1936 1117 1976 1176; x_wconf 89' lang='lat' dir='ltr'>ut</span> <span class='ocrx_word' id='word_1_99' title='bbox 1993 1107 2091 1184; x_wconf 89' lang='lat' dir='ltr'>dele-</span> 
     </span>
     <span class='ocr_line' id='line_1_9' title="bbox 71 1170 1958 1268; baseline 0.021 -22"><span class='ocrx_word' id='word_1_100' title='bbox 71 1189 253 1248; x_wconf 85' lang='lat' dir='ltr'>conventus</span> <span class='ocrx_word' id='word_1_101' title='bbox 267 1190 302 1248; x_wconf 91' lang='lat' dir='ltr'>et</span> <span class='ocrx_word' id='word_1_102' title='bbox 314 1174 489 1246; x_wconf 76' lang='lat' dir='ltr'>Ecclesiae</span> <span class='ocrx_word' id='word_1_103' title='bbox 504 1189 658 1248; x_wconf 89' lang='lat' dir='ltr'>tueatur:</span> <span class='ocrx_word' id='word_1_104' title='bbox 683 1173 751 1247; x_wconf 90' lang='lat' dir='ltr'>hoc</span> <span class='ocrx_word' id='word_1_105' title='bbox 767 1177 858 1248; x_wconf 91' lang='lat' dir='ltr'>veris</span> <span class='ocrx_word' id='word_1_106' title='bbox 874 1191 909 1249; x_wconf 91' lang='lat' dir='ltr'>et</span> <span class='ocrx_word' id='word_1_107' title='bbox 921 1180 1051 1248; x_wconf 90' lang='lat' dir='ltr'>arden·</span> <span class='ocrx_word' id='word_1_108' title='bbox 1101 1187 1179 1244; x_wconf 69' lang='lat' dir='ltr'>elus</span> <span class='ocrx_word' id='word_1_109' title='bbox 1193 1170 1416 1252; x_wconf 66' lang='lat' dir='ltr'>adhibeatur·</span> <span class='ocrx_word' id='word_1_110' title='bbox 1955 1261 1958 1268; x_wconf 68' lang='lat'>,</span> 
     </span>
     <span class='ocr_line' id='line_1_10' title="bbox 72 1271 2090 1394; baseline 0.023 -44"><span class='ocrx_word' id='word_1_111' title='bbox 72 1279 154 1350; x_wconf 87' lang='lat' dir='ltr'>tibus</span> <span class='ocrx_word' id='word_1_112' title='bbox 171 1277 296 1348; x_wconf 88' lang='lat' dir='ltr'>votisa</span> <span class='ocrx_word' id='word_1_113' title='bbox 312 1275 388 1346; x_wconf 92' lang='lat' dir='ltr'>Deo</span> <span class='ocrx_word' id='word_1_114' title='bbox 405 1291 522 1369; x_wconf 90' lang='lat' dir='ltr'>petere</span> <span class='ocrx_word' id='word_1_115' title='bbox 538 1302 662 1350; x_wconf 89' lang='lat' dir='ltr'>omnes</span> <span class='ocrx_word' id='word_1_116' title='bbox 677 1301 739 1348; x_wconf 89' lang='lat' dir='ltr'>vos</span> <span class='ocrx_word' id='word_1_117' title='bbox 754 1281 865 1350; x_wconf 86' lang='lat' dir='ltr'>decet.</span> <span class='ocrx_word' id='word_1_118' title='bbox 1201 1271 1284 1346; x_wconf 80' lang='lat' dir='ltr'><strong>N⁰¹¹</strong></span> <span class='ocrx_word' id='word_1_119' title='bbox 1309 1281 1430 1348; x_wconf 60' lang='lat' dir='ltr'>‘adem</span> <span class='ocrx_word' id='word_1_120' title='bbox 1451 1282 1586 1372; x_wconf 63' lang='lat' dir='ltr'>Fuistis</span> <span class='ocrx_word' id='word_1_121' title='bbox 1610 1299 1661 1358; x_wconf 65' lang='lat'>²⁸²</span> <span class='ocrx_word' id='word_1_122' title='bbox 1674 1293 1834 1364; x_wconf 70' lang='lat' dir='ltr'>⁰m¹¹l¹¹¹¹¹</span> <span class='ocrx_word' id='word_1_123' title='bbox 1854 1315 2024 1394; x_wconf 57' lang='lat' dir='ltr'>aetatum,</span> <span class='ocrx_word' id='word_1_124' title='bbox 2049 1333 2090 1382; x_wconf 62' lang='grc' dir='ltr'>δῦ</span> 
     </span>
     <span class='ocr_line' id='line_1_11' title="bbox 142 1374 2090 1496; baseline 0.043 -96"><span class='ocrx_word' id='word_1_125' title='bbox 142 1374 218 1468; x_wconf 65' lang='lat' dir='ltr'>Ego</span> <span class='ocrx_word' id='word_1_126' title='bbox 232 1379 479 1472; x_wconf 60' lang='lat' dir='ltr'>quidemdum</span> <span class='ocrx_word' id='word_1_127' title='bbox 497 1375 909 1451; x_wconf 59' lang='lat' dir='ltr'>inmemhuncmqum</span> <span class='ocrx_word' id='word_1_128' title='bbox 923 1380 1050 1472; x_wconf 68' lang='lat' dir='ltr'>depu.</span> <span class='ocrx_word' id='word_1_129' title='bbox 1100 1399 1145 1445; x_wconf 87' lang='lat' dir='ltr'>ne</span> <span class='ocrx_word' id='word_1_130' title='bbox 1183 1378 1327 1471; x_wconf 88' lang='lat' dir='ltr'>quidem</span> <span class='ocrx_word' id='word_1_131' title='bbox 1367 1382 1476 1452; x_wconf 88' lang='lat' dir='ltr'>unius</span> <span class='ocrx_word' id='word_1_132' title='bbox 1506 1387 1627 1460; x_wconf 89' lang='lat' dir='ltr'>aetatis</span> <span class='ocrx_word' id='word_1_133' title='bbox 1662 1395 1824 1464; x_wconf 88' lang='lat' dir='ltr'>omnium</span> <span class='ocrx_word' id='word_1_134' title='bbox 1865 1405 2090 1496; x_wconf 89' lang='lat' dir='ltr'>scriptorum.</span> 
     </span>
     <span class='ocr_line' id='line_1_12' title="bbox 70 1475 2089 1598; baseline 0.02 -54"><span class='ocrx_word' id='word_1_135' title='bbox 70 1481 160 1552; x_wconf 81' lang='lat' dir='ltr'>blicis</span> <span class='ocrx_word' id='word_1_136' title='bbox 177 1481 342 1570; x_wconf 88' lang='lat' dir='ltr'>periculis</span> <span class='ocrx_word' id='word_1_137' title='bbox 358 1481 484 1570; x_wconf 90' lang='lat' dir='ltr'>cogito,</span> <span class='ocrx_word' id='word_1_138' title='bbox 507 1504 548 1550; x_wconf 90' lang='lat' dir='ltr'>ac</span> <span class='ocrx_word' id='word_1_139' title='bbox 561 1495 682 1573; x_wconf 88' lang='lat' dir='ltr'>repeto</span> <span class='ocrx_word' id='word_1_140' title='bbox 698 1481 868 1552; x_wconf 90' lang='lat' dir='ltr'>memoria</span> <span class='ocrx_word' id='word_1_141' title='bbox 887 1482 1049 1552; x_wconf 92' lang='lat' dir='ltr'>omnium</span> <span class='ocrx_word' id='word_1_142' title='bbox 1101 1475 1217 1566; x_wconf 87' lang='lat' dir='ltr'>Quam</span> <span class='ocrx_word' id='word_1_143' title='bbox 1234 1480 1345 1550; x_wconf 90' lang='lat' dir='ltr'>multa</span> <span class='ocrx_word' id='word_1_144' title='bbox 1364 1483 1459 1552; x_wconf 91' lang='lat' dir='ltr'>enim</span> <span class='ocrx_word' id='word_1_145' title='bbox 1477 1485 1627 1558; x_wconf 87' lang='lat' dir='ltr'>absurda</span> <span class='ocrx_word' id='word_1_146' title='bbox 1651 1491 1817 1581; x_wconf 90' lang='lat' dir='ltr'>leguntur</span> <span class='ocrx_word' id='word_1_147' title='bbox 1834 1500 1871 1570; x_wconf 92' lang='lat' dir='ltr'>in</span> <span class='ocrx_word' id='word_1_148' title='bbox 1886 1499 2089 1598; x_wconf 88' lang='lat' dir='ltr'>Origeuicis</span> 
     </span>
     <span class='ocr_line' id='line_1_13' title="bbox 70 1577 2090 1685; baseline 0.017 -33"><span class='ocrx_word' id='word_1_149' title='bbox 70 1593 207 1652; x_wconf 88' lang='lat' dir='ltr'>actatum</span> <span class='ocrx_word' id='word_1_150' title='bbox 235 1581 461 1673; x_wconf 77' lang='lat' dir='ltr'>superiorum</span> <span class='ocrx_word' id='word_1_151' title='bbox 488 1584 666 1675; x_wconf 85' lang='lat' dir='ltr'>exempla,</span> <span class='ocrx_word' id='word_1_152' title='bbox 700 1595 890 1676; x_wconf 89' lang='lat' dir='ltr'>metuoque</span> <span class='ocrx_word' id='word_1_153' title='bbox 915 1581 1049 1653; x_wconf 90' lang='lat' dir='ltr'>similes</span> <span class='ocrx_word' id='word_1_154' title='bbox 1099 1577 1213 1650; x_wconf 89' lang='lat' dir='ltr'>libris.</span> <span class='ocrx_word' id='word_1_155' title='bbox 1263 1577 1317 1650; x_wconf 85' lang='lat' dir='ltr'>Ac</span> <span class='ocrx_word' id='word_1_156' title='bbox 1339 1585 1495 1674; x_wconf 85' lang='lat' dir='ltr'>prosectu</span> <span class='ocrx_word' id='word_1_157' title='bbox 1515 1592 1680 1680; x_wconf 90' lang='lat' dir='ltr'>temporis</span> <span class='ocrx_word' id='word_1_158' title='bbox 1702 1596 1800 1668; x_wconf 90' lang='lat' dir='ltr'>illius</span> <span class='ocrx_word' id='word_1_159' title='bbox 1820 1606 2002 1683; x_wconf 83' lang='lat' dir='ltr'>audaciam</span> <span class='ocrx_word' id='word_1_160' title='bbox 2020 1615 2090 1685; x_wconf 77' lang='lat' dir='ltr'>mi·</span> 
     </span>
     <span class='ocr_line' id='line_1_14' title="bbox 69 1678 2089 1804; baseline 0.015 -47"><span class='ocrx_word' id='word_1_161' title='bbox 69 1678 234 1758; x_wconf 80' lang='lat' dir='ltr'>Ecclesiae</span> <span class='ocrx_word' id='word_1_162' title='bbox 248 1683 496 1776; x_wconf 72' lang='lat' dir='ltr'>dissipationes</span> <span class='ocrx_word' id='word_1_163' title='bbox 511 1698 689 1770; x_wconf 85' lang='lat' dir='ltr'>venturas,</span> <span class='ocrx_word' id='word_1_164' title='bbox 713 1684 873 1778; x_wconf 88' lang='lat' dir='ltr'>undique</span> <span class='ocrx_word' id='word_1_165' title='bbox 889 1696 1049 1778; x_wconf 89' lang='lat' dir='ltr'>quassata</span> <span class='ocrx_word' id='word_1_166' title='bbox 1100 1704 1180 1762; x_wconf 91' lang='lat' dir='ltr'>ror,</span> <span class='ocrx_word' id='word_1_167' title='bbox 1206 1703 1276 1773; x_wconf 91' lang='lat' dir='ltr'>quo</span> <span class='ocrx_word' id='word_1_168' title='bbox 1293 1681 1421 1756; x_wconf 83' lang='lat' dir='ltr'>licebat</span> <span class='ocrx_word' id='word_1_169' title='bbox 1443 1685 1481 1756; x_wconf 94' lang='lat' dir='ltr'>in</span> <span class='ocrx_word' id='word_1_170' title='bbox 1496 1681 1652 1762; x_wconf 84' lang='lat' dir='ltr'>Ecclesia</span> <span class='ocrx_word' id='word_1_171' title='bbox 1676 1707 1746 1768; x_wconf 91' lang='lat' dir='ltr'>tam</span> <span class='ocrx_word' id='word_1_172' title='bbox 1769 1719 1986 1782; x_wconf 87' lang='lat' dir='ltr'>monstrosas</span> <span class='ocrx_word' id='word_1_173' title='bbox 2007 1715 2089 1804; x_wconf 93' lang='lat' dir='ltr'>opi-</span> 
     </span>
     <span class='ocr_line' id='line_1_15' title="bbox 70 1780 2088 1896; baseline 0.022 -51"><span class='ocrx_word' id='word_1_174' title='bbox 70 1780 276 1876; x_wconf 79' lang='lat' dir='ltr'>Repubtica‚</span> <span class='ocrx_word' id='word_1_175' title='bbox 312 1809 403 1876; x_wconf 91' lang='lat' dir='ltr'>pene</span> <span class='ocrx_word' id='word_1_176' title='bbox 431 1785 631 1871; x_wconf 89' lang='lat' dir='ltr'>exanimor,</span> <span class='ocrx_word' id='word_1_177' title='bbox 671 1809 737 1856; x_wconf 91' lang='lat' dir='ltr'>nec</span> <span class='ocrx_word' id='word_1_178' title='bbox 770 1786 1048 1857; x_wconf 90' lang='lat' dir='ltr'>consolationem</span> <span class='ocrx_word' id='word_1_179' title='bbox 1098 1781 1225 1852; x_wconf 86' lang='lat' dir='ltr'>niones</span> <span class='ocrx_word' id='word_1_180' title='bbox 1241 1783 1382 1875; x_wconf 88' lang='lat' dir='ltr'>publice</span> <span class='ocrx_word' id='word_1_181' title='bbox 1398 1809 1576 1878; x_wconf 87' lang='lat' dir='ltr'>spargere,</span> <span class='ocrx_word' id='word_1_182' title='bbox 1603 1794 1677 1864; x_wconf 90' lang='lat' dir='ltr'>sive</span> <span class='ocrx_word' id='word_1_183' title='bbox 1700 1797 1774 1890; x_wconf 86' lang='lat' dir='ltr'>ipse</span> <span class='ocrx_word' id='word_1_184' title='bbox 1797 1815 1848 1874; x_wconf 88' lang='lat' dir='ltr'>est</span> <span class='ocrx_word' id='word_1_185' title='bbox 1866 1824 1988 1896; x_wconf 87' lang='lat' dir='ltr'>autor,</span> <span class='ocrx_word' id='word_1_186' title='bbox 2013 1816 2088 1890; x_wconf 90' lang='lat' dir='ltr'>sive</span> 
     </span>
     <span class='ocr_line' id='line_1_16' title="bbox 70 1879 2088 1992; baseline 0.043 -88"><span class='ocrx_word' id='word_1_187' title='bbox 70 1886 165 1956; x_wconf 57' lang='lat' dir='ltr'><strong>unam</strong></span> <span class='ocrx_word' id='word_1_188' title='bbox 181 1881 374 1956; x_wconf 52' lang='lat' dir='ltr'><strong>humanam</strong></span> <span class='ocrx_word' id='word_1_189' title='bbox 388 1887 540 1978; x_wconf 53' lang='lat' dir='ltr'>reperio·</span> <span class='ocrx_word' id='word_1_190' title='bbox 581 1887 653 1959; x_wconf 60' lang='lat' dir='ltr'>sed</span> <span class='ocrx_word' id='word_1_191' title='bbox 667 1888 711 1958; x_wconf 68' lang='lat' dir='ltr'>,d</span> <span class='ocrx_word' id='word_1_192' title='bbox 731 1881 823 1958; x_wconf 58' lang='lat' dir='ltr'>han,</span> <span class='ocrx_word' id='word_1_193' title='bbox 837 1909 946 1958; x_wconf 67' lang='lat' dir='ltr'>,mm</span> <span class='ocrx_word' id='word_1_194' title='bbox 962 1911 1049 1958; x_wconf 90' lang='lat' dir='ltr'>con·</span> <span class='ocrx_word' id='word_1_195' title='bbox 1099 1879 1308 1974; x_wconf 84' lang='lat' dir='ltr'>impostores</span> <span class='ocrx_word' id='word_1_196' title='bbox 1324 1885 1438 1980; x_wconf 89' lang='lat' dir='ltr'>aliqui</span> <span class='ocrx_word' id='word_1_197' title='bbox 1460 1893 1686 1982; x_wconf 86' lang='lat' dir='ltr'>suppositicia</span> <span class='ocrx_word' id='word_1_198' title='bbox 1704 1905 1876 1992; x_wconf 87' lang='lat' dir='ltr'>quaedam</span> <span class='ocrx_word' id='word_1_199' title='bbox 1895 1908 1998 1983; x_wconf 90' lang='lat' dir='ltr'>libris</span> <span class='ocrx_word' id='word_1_200' title='bbox 2013 1917 2088 1992; x_wconf 90' lang='lat' dir='ltr'>eius</span> 
     </span>
     <span class='ocr_line' id='line_1_17' title="bbox 70 1983 2138 2108; baseline 0.021 -58"><span class='ocrx_word' id='word_1_201' title='bbox 70 1986 174 2076; x_wconf 80' lang='lat' dir='ltr'>fugio,</span> <span class='ocrx_word' id='word_1_202' title='bbox 198 1990 297 2082; x_wconf 89' lang='lat' dir='ltr'>quod</span> <span class='ocrx_word' id='word_1_203' title='bbox 321 1987 415 2060; x_wconf 89' lang='lat' dir='ltr'>lilius</span> <span class='ocrx_word' id='word_1_204' title='bbox 436 1987 504 2060; x_wconf 91' lang='lat' dir='ltr'>Dei</span> <span class='ocrx_word' id='word_1_205' title='bbox 526 1989 664 2082; x_wconf 86' lang='lat' dir='ltr'>inquit,</span> <span class='ocrx_word' id='word_1_206' title='bbox 690 2011 727 2059; x_wconf 91' lang='lat' dir='ltr'>se</span> <span class='ocrx_word' id='word_1_207' title='bbox 750 2011 956 2060; x_wconf 88' lang='lat' dir='ltr'>mansurum</span> <span class='ocrx_word' id='word_1_208' title='bbox 981 2012 1048 2060; x_wconf 87' lang='lat' dir='ltr'>no-</span> <span class='ocrx_word' id='word_1_209' title='bbox 1098 1983 1373 2058; x_wconf 87' lang='lat' dir='ltr'>admiscuerunt.</span> <span class='ocrx_word' id='word_1_210' title='bbox 1402 1987 1472 2060; x_wconf 89' lang='lat' dir='ltr'>Sed</span> <span class='ocrx_word' id='word_1_211' title='bbox 1490 2015 1633 2089; x_wconf 87' lang='lat' dir='ltr'>quoquo</span> <span class='ocrx_word' id='word_1_212' title='bbox 1650 2001 1758 2071; x_wconf 90' lang='lat' dir='ltr'>modo</span> <span class='ocrx_word' id='word_1_213' title='bbox 1775 1993 2089 2108; x_wconf 88' lang='lat' dir='ltr'>haecacciderunt,</span> <span class='ocrx_word' id='word_1_214' title='bbox 2134 2025 2138 2034; x_wconf 86' lang='lat'>&#39;</span> 
     </span>
     <span class='ocr_line' id='line_1_18' title="bbox 70 2085 2087 2192; baseline 0.04 -81"><span class='ocrx_word' id='word_1_215' title='bbox 70 2087 192 2158; x_wconf 52' lang='lat' dir='ltr'>hiscum</span> <span class='ocrx_word' id='word_1_216' title='bbox 216 2111 332 2182; x_wconf 60' lang='lat' dir='ltr'>mque</span> <span class='ocrx_word' id='word_1_217' title='bbox 354 2091 400 2160; x_wconf 54' lang='lat' dir='ltr'>ad</span> <span class='ocrx_word' id='word_1_218' title='bbox 422 2091 551 2160; x_wconf 66' lang='lat' dir='ltr'><strong>mundi</strong></span> <span class='ocrx_word' id='word_1_219' title='bbox 573 2092 700 2162; x_wconf 62' lang='lat' dir='ltr'>finem,</span> <span class='ocrx_word' id='word_1_220' title='bbox 726 2113 902 2184; x_wconf 57' lang='lat' dir='ltr'>nmquam</span> <span class='ocrx_word' id='word_1_221' title='bbox 928 2101 1046 2162; x_wconf 68' lang='lat' dir='ltr'>,utem</span> <span class='ocrx_word' id='word_1_222' title='bbox 1099 2085 1298 2176; x_wconf 86' lang='lat' dir='ltr'>deploravit</span> <span class='ocrx_word' id='word_1_223' title='bbox 1317 2087 1393 2180; x_wconf 87' lang='lat' dir='ltr'>ipse</span> <span class='ocrx_word' id='word_1_224' title='bbox 1414 2115 1511 2162; x_wconf 88' lang='lat' dir='ltr'>suam</span> <span class='ocrx_word' id='word_1_225' title='bbox 1527 2119 1588 2166; x_wconf 90' lang='lat' dir='ltr'>seu</span> <span class='ocrx_word' id='word_1_226' title='bbox 1607 2099 1873 2192; x_wconf 79' lang='lat' dir='ltr'>negligentiam,</span> <span class='ocrx_word' id='word_1_227' title='bbox 1897 2135 1959 2186; x_wconf 87' lang='lat' dir='ltr'>sen</span> <span class='ocrx_word' id='word_1_228' title='bbox 1977 2129 2087 2190; x_wconf 85' lang='lat' dir='ltr'>teme-</span> 
     </span>
     <span class='ocr_line' id='line_1_19' title="bbox 71 2186 1619 2282; baseline 0.033 -24"><span class='ocrx_word' id='word_1_229' title='bbox 71 2188 130 2258; x_wconf 88' lang='lat' dir='ltr'>uisi</span> <span class='ocrx_word' id='word_1_230' title='bbox 155 2187 256 2260; x_wconf 71' lang='lat' dir='ltr'>inter&#39;</span> <span class='ocrx_word' id='word_1_231' title='bbox 270 2187 458 2280; x_wconf 81' lang='lat' dir='ltr'>Evangelii</span> <span class='ocrx_word' id='word_1_232' title='bbox 480 2191 674 2282; x_wconf 88' lang='lat' dir='ltr'>discipulos</span> <span class='ocrx_word' id='word_1_233' title='bbox 703 2191 875 2265; x_wconf 81' lang='lat' dir='ltr'>manebit·</span> <span class='ocrx_word' id='word_1_234' title='bbox 925 2189 1047 2281; x_wconf 70' lang='lat' dir='ltr'>Qum</span> <span class='ocrx_word' id='word_1_235' title='bbox 1097 2186 1238 2257; x_wconf 62' lang='lat' dir='ltr'>&#39;imm&#39;</span> <span class='ocrx_word' id='word_1_236' title='bbox 1251 2188 1321 2258; x_wconf 54' lang='lat'>5³¹⁰</span> <span class='ocrx_word' id='word_1_237' title='bbox 1337 2191 1507 2280; x_wconf 57' lang='lat' dir='ltr'>ssr³¹¹di⁰f</span> <span class='ocrx_word' id='word_1_238' title='bbox 1521 2211 1619 2270; x_wconf 59' lang='grc' dir='ltr'>ΜΠ·</span> 
     </span>
     <span class='ocr_line' id='line_1_20' title="bbox 70 2285 2087 2390; baseline 0.024 -31"><span class='ocrx_word' id='word_1_239' title='bbox 70 2313 238 2362; x_wconf 88' lang='lat' dir='ltr'>mansuras</span> <span class='ocrx_word' id='word_1_240' title='bbox 254 2314 333 2362; x_wconf 84' lang='lat' dir='ltr'>csse</span> <span class='ocrx_word' id='word_1_241' title='bbox 356 2291 525 2385; x_wconf 87' lang='lat' dir='ltr'>reliquias</span> <span class='ocrx_word' id='word_1_242' title='bbox 540 2289 718 2364; x_wconf 82' lang='lat' dir='ltr'>Ecclesiae</span> <span class='ocrx_word' id='word_1_243' title='bbox 733 2314 930 2386; x_wconf 88' lang='lat' dir='ltr'>speremus,</span> <span class='ocrx_word' id='word_1_244' title='bbox 957 2306 992 2364; x_wconf 89' lang='lat' dir='ltr'>et</span> <span class='ocrx_word' id='word_1_245' title='bbox 1006 2305 1048 2364; x_wconf 88' lang='lat' dir='ltr'>ut</span> <span class='ocrx_word' id='word_1_246' title='bbox 1200 2285 1306 2360; x_wconf 70' lang='lat' dir='ltr'>F⁰rle</span> <span class='ocrx_word' id='word_1_247' title='bbox 1337 2291 1432 2360; x_wconf 67' lang='lat' dir='ltr'>essim</span> <span class='ocrx_word' id='word_1_248' title='bbox 1461 2318 1542 2366; x_wconf 73' lang='lat'>⁰⁰¹⁰</span> <span class='ocrx_word' id='word_1_249' title='bbox 1567 2299 1604 2368; x_wconf 69' lang='lat'>5¹¹</span> <span class='ocrx_word' id='word_1_250' title='bbox 1628 2295 1785 2378; x_wconf 68' lang='lat' dir='ltr'>E⁰⁶¹0⁵l³</span> <span class='ocrx_word' id='word_1_251' title='bbox 1814 2302 2000 2388; x_wconf 83' lang='lat' dir='ltr'>lectionem</span> <span class='ocrx_word' id='word_1_252' title='bbox 2028 2319 2087 2390; x_wconf 68' lang='lat'>5¹¹·</span> 
     </span>
     <span class='ocr_line' id='line_1_21' title="bbox 70 2383 2088 2513; baseline 0.018 -56"><span class='ocrx_word' id='word_1_253' title='bbox 70 2391 145 2484; x_wconf 89' lang='lat' dir='ltr'>ipsi,</span> <span class='ocrx_word' id='word_1_254' title='bbox 169 2406 291 2464; x_wconf 88' lang='lat' dir='ltr'>coetus</span> <span class='ocrx_word' id='word_1_255' title='bbox 307 2393 370 2464; x_wconf 89' lang='lat' dir='ltr'>ille</span> <span class='ocrx_word' id='word_1_256' title='bbox 392 2393 519 2480; x_wconf 90' lang='lat' dir='ltr'>simus,</span> <span class='ocrx_word' id='word_1_257' title='bbox 543 2395 661 2464; x_wconf 88' lang='lat' dir='ltr'>studia</span> <span class='ocrx_word' id='word_1_258' title='bbox 677 2391 865 2486; x_wconf 79' lang='lat' dir='ltr'>Evangelii</span> <span class='ocrx_word' id='word_1_259' title='bbox 889 2417 1047 2480; x_wconf 84' lang='lat' dir='ltr'>amemus</span> <span class='ocrx_word' id='word_1_260' title='bbox 1098 2383 1289 2460; x_wconf 83' lang='lat' dir='ltr'>choaturus</span> <span class='ocrx_word' id='word_1_261' title='bbox 1303 2405 1409 2479; x_wconf 89' lang='lat' dir='ltr'>esset,</span> <span class='ocrx_word' id='word_1_262' title='bbox 1434 2397 1524 2468; x_wconf 88' lang='lat' dir='ltr'>sedit</span> <span class='ocrx_word' id='word_1_263' title='bbox 1540 2400 1604 2470; x_wconf 92' lang='lat' dir='ltr'>diu</span> <span class='ocrx_word' id='word_1_264' title='bbox 1627 2425 1770 2492; x_wconf 87' lang='lat' dir='ltr'>gemens</span> <span class='ocrx_word' id='word_1_265' title='bbox 1791 2432 1831 2480; x_wconf 89' lang='lat' dir='ltr'>ac</span> <span class='ocrx_word' id='word_1_266' title='bbox 1849 2411 2088 2513; x_wconf 78' lang='lat' dir='ltr'>lachrymam,</span> 
     </span>
     <span class='ocr_line' id='line_1_22' title="bbox 70 2493 2085 2597; baseline 0.04 -81"><span class='ocrx_word' id='word_1_267' title='bbox 70 2507 98 2562; x_wconf 56' lang='lat' dir='ltr'>e,</span> <span class='ocrx_word' id='word_1_268' title='bbox 109 2495 338 2579; x_wconf 52' lang='lat' dir='ltr'><strong>retineamus,</strong></span> <span class='ocrx_word' id='word_1_269' title='bbox 364 2507 399 2565; x_wconf 60' lang='lat' dir='ltr'>e,</span> <span class='ocrx_word' id='word_1_270' title='bbox 413 2494 483 2585; x_wconf 64' lang='lat' dir='ltr'>pii,</span> <span class='ocrx_word' id='word_1_271' title='bbox 499 2496 658 2566; x_wconf 54' lang='lat' dir='ltr'>moribu,</span> <span class='ocrx_word' id='word_1_272' title='bbox 673 2517 853 2570; x_wconf 57' lang='lat' dir='ltr'>omem,</span> <span class='ocrx_word' id='word_1_273' title='bbox 1097 2514 1137 2560; x_wconf 92' lang='lat' dir='ltr'>ac</span> <span class='ocrx_word' id='word_1_274' title='bbox 1154 2493 1295 2562; x_wconf 88' lang='lat' dir='ltr'>tandem</span> <span class='ocrx_word' id='word_1_275' title='bbox 1312 2495 1491 2572; x_wconf 83' lang='lat' dir='ltr'>exclamat.</span> <span class='ocrx_word' id='word_1_276' title='bbox 1537 2497 1717 2576; x_wconf 88' lang='lat' dir='ltr'>Peccatori</span> <span class='ocrx_word' id='word_1_277' title='bbox 1734 2523 1852 2582; x_wconf 90' lang='lat' dir='ltr'>autem</span> <span class='ocrx_word' id='word_1_278' title='bbox 1869 2517 1958 2591; x_wconf 83' lang='lat' dir='ltr'>dixit</span> <span class='ocrx_word' id='word_1_279' title='bbox 1972 2517 2085 2597; x_wconf 86' lang='lat' dir='ltr'>Deus:</span> 
     </span>
     <span class='ocr_line' id='line_1_23' title="bbox 155 2589 2086 2718; baseline 0.017 -53"><span class='ocrx_word' id='word_1_280' title='bbox 155 2593 270 2666; x_wconf 89' lang='lat' dir='ltr'>Porro</span> <span class='ocrx_word' id='word_1_281' title='bbox 289 2609 329 2666; x_wconf 84' lang='lat' dir='ltr'>ut</span> <span class='ocrx_word' id='word_1_282' title='bbox 343 2596 484 2666; x_wconf 86' lang='lat' dir='ltr'>redeam</span> <span class='ocrx_word' id='word_1_283' title='bbox 510 2597 555 2666; x_wconf 93' lang='lat' dir='ltr'>ad</span> <span class='ocrx_word' id='word_1_284' title='bbox 573 2597 776 2668; x_wconf 88' lang='lat' dir='ltr'>institutum</span> <span class='ocrx_word' id='word_1_285' title='bbox 799 2620 939 2684; x_wconf 88' lang='lat' dir='ltr'>meum,</span> <span class='ocrx_word' id='word_1_286' title='bbox 964 2619 1045 2668; x_wconf 88' lang='lat' dir='ltr'>cum</span> <span class='ocrx_word' id='word_1_287' title='bbox 1097 2589 1218 2680; x_wconf 87' lang='lat' dir='ltr'>Quare</span> <span class='ocrx_word' id='word_1_288' title='bbox 1234 2618 1375 2666; x_wconf 91' lang='lat' dir='ltr'>enarras</span> <span class='ocrx_word' id='word_1_289' title='bbox 1393 2597 1550 2670; x_wconf 87' lang='lat' dir='ltr'>iusticias</span> <span class='ocrx_word' id='word_1_290' title='bbox 1564 2605 1684 2676; x_wconf 88' lang='lat' dir='ltr'>meas?</span> <span class='ocrx_word' id='word_1_291' title='bbox 1728 2605 1830 2684; x_wconf 88' lang='lat' dir='ltr'>Hanc</span> <span class='ocrx_word' id='word_1_292' title='bbox 1847 2641 1968 2690; x_wconf 91' lang='lat' dir='ltr'>vocem</span> <span class='ocrx_word' id='word_1_293' title='bbox 1984 2645 2086 2718; x_wconf 89' lang='lat' dir='ltr'>saepe</span> 
     </span>
     <span class='ocr_line' id='line_1_24' title="bbox 69 2693 2087 2818; baseline 0.029 -79"><span class='ocrx_word' id='word_1_294' title='bbox 69 2694 201 2766; x_wconf 58' lang='lat' dir='ltr'>dimam</span> <span class='ocrx_word' id='word_1_295' title='bbox 233 2693 328 2768; x_wconf 63' lang='lat' dir='ltr'>hm,</span> <span class='ocrx_word' id='word_1_296' title='bbox 350 2697 656 2770; x_wconf 64' lang='lat' dir='ltr'>,enunciationem</span> <span class='ocrx_word' id='word_1_297' title='bbox 685 2698 821 2790; x_wconf 89' lang='lat' dir='ltr'>publici</span> <span class='ocrx_word' id='word_1_298' title='bbox 850 2697 1046 2769; x_wconf 87' lang='lat' dir='ltr'>testimonii</span> <span class='ocrx_word' id='word_1_299' title='bbox 1098 2707 1270 2784; x_wconf 87' lang='lat' dir='ltr'>repetens,</span> <span class='ocrx_word' id='word_1_300' title='bbox 1290 2711 1434 2790; x_wconf 88' lang='lat' dir='ltr'>questus</span> <span class='ocrx_word' id='word_1_301' title='bbox 1450 2715 1500 2772; x_wconf 89' lang='lat' dir='ltr'>est</span> <span class='ocrx_word' id='word_1_302' title='bbox 1516 2725 1551 2774; x_wconf 90' lang='lat' dir='ltr'>se</span> <span class='ocrx_word' id='word_1_303' title='bbox 1566 2707 1677 2778; x_wconf 89' lang='lat' dir='ltr'>multa</span> <span class='ocrx_word' id='word_1_304' title='bbox 1691 2709 1949 2790; x_wconf 88' lang='lat' dir='ltr'>inconsiderate</span> <span class='ocrx_word' id='word_1_305' title='bbox 1962 2723 2087 2818; x_wconf 90' lang='lat' dir='ltr'>dispu-</span> 
     </span>
     <span class='ocr_line' id='line_1_25' title="bbox 70 2793 2086 2909; baseline 0.024 -45"><span class='ocrx_word' id='word_1_306' title='bbox 70 2817 175 2886; x_wconf 86' lang='lat' dir='ltr'>graves</span> <span class='ocrx_word' id='word_1_307' title='bbox 191 2821 315 2869; x_wconf 86' lang='lat' dir='ltr'>causas</span> <span class='ocrx_word' id='word_1_308' title='bbox 334 2793 486 2889; x_wconf 89' lang='lat' dir='ltr'>habere,</span> <span class='ocrx_word' id='word_1_309' title='bbox 511 2799 628 2869; x_wconf 84' lang='lat' dir='ltr'>favere</span> <span class='ocrx_word' id='word_1_310' title='bbox 645 2823 708 2869; x_wconf 87' lang='lat' dir='ltr'>vos</span> <span class='ocrx_word' id='word_1_311' title='bbox 729 2795 786 2868; x_wconf 93' lang='lat' dir='ltr'>his</span> <span class='ocrx_word' id='word_1_312' title='bbox 802 2800 1046 2890; x_wconf 79' lang='lat' dir='ltr'>congressibus</span> <span class='ocrx_word' id='word_1_313' title='bbox 1096 2806 1199 2881; x_wconf 74' lang='lat' dir='ltr'>tasse,</span> <span class='ocrx_word' id='word_1_314' title='bbox 1224 2820 1264 2866; x_wconf 69' lang='grc' dir='ltr'><strong><em>π</em></strong></span> <span class='ocrx_word' id='word_1_315' title='bbox 1282 2799 1420 2870; x_wconf 87' lang='lat' dir='ltr'>veniam</span> <span class='ocrx_word' id='word_1_316' title='bbox 1437 2817 1633 2878; x_wconf 62' lang='lat' dir='ltr'><strong>mmmm</strong></span> <span class='ocrx_word' id='word_1_317' title='bbox 1650 2833 1724 2881; x_wconf 77' lang='lat'><strong>¹10⁰</strong></span> <span class='ocrx_word' id='word_1_318' title='bbox 1742 2815 1856 2886; x_wconf 76' lang='lat'><strong>⁸⁰¹¹¹¹¹¹</strong></span> <span class='ocrx_word' id='word_1_319' title='bbox 1873 2843 1893 2890; x_wconf 64' lang='grc' dir='ltr'><strong>ὃ</strong></span> <span class='ocrx_word' id='word_1_320' title='bbox 1909 2817 1998 2909; x_wconf 67' lang='lat'>130⁰,</span> <span class='ocrx_word' id='word_1_321' title='bbox 2023 2830 2086 2899; x_wconf 73' lang='lat' dir='ltr'>⁸ed</span> 
     </span>
     <span class='ocr_line' id='line_1_26' title="bbox 71 2895 2086 3010; baseline 0.019 -49"><span class='ocrx_word' id='word_1_322' title='bbox 71 2901 167 2970; x_wconf 85' lang='lat' dir='ltr'>decet:</span> <span class='ocrx_word' id='word_1_323' title='bbox 193 2914 228 2971; x_wconf 90' lang='lat' dir='ltr'>et</span> <span class='ocrx_word' id='word_1_324' title='bbox 245 2899 416 2993; x_wconf 90' lang='lat' dir='ltr'>quoniam</span> <span class='ocrx_word' id='word_1_325' title='bbox 436 2895 496 2969; x_wconf 91' lang='lat' dir='ltr'>hic</span> <span class='ocrx_word' id='word_1_326' title='bbox 511 2900 567 2970; x_wconf 90' lang='lat' dir='ltr'>vel</span> <span class='ocrx_word' id='word_1_327' title='bbox 582 2901 626 2970; x_wconf 91' lang='lat' dir='ltr'>de</span> <span class='ocrx_word' id='word_1_328' title='bbox 641 2901 821 2986; x_wconf 90' lang='lat' dir='ltr'>doctrina,</span> <span class='ocrx_word' id='word_1_329' title='bbox 846 2901 903 2970; x_wconf 89' lang='lat' dir='ltr'>vel</span> <span class='ocrx_word' id='word_1_330' title='bbox 918 2901 962 2970; x_wconf 91' lang='lat' dir='ltr'>de</span> <span class='ocrx_word' id='word_1_331' title='bbox 979 2903 1047 2972; x_wconf 90' lang='lat' dir='ltr'>bo-</span> <span class='ocrx_word' id='word_1_332' title='bbox 1097 2896 1204 2966; x_wconf 87' lang='lat' dir='ltr'>etiam</span> <span class='ocrx_word' id='word_1_333' title='bbox 1225 2899 1270 2968; x_wconf 90' lang='lat' dir='ltr'>ab</span> <span class='ocrx_word' id='word_1_334' title='bbox 1285 2896 1441 2972; x_wconf 86' lang='lat' dir='ltr'>Ecclesia</span> <span class='ocrx_word' id='word_1_335' title='bbox 1458 2905 1599 2994; x_wconf 88' lang='lat' dir='ltr'>petivit,</span> <span class='ocrx_word' id='word_1_336' title='bbox 1626 2935 1716 3004; x_wconf 91' lang='lat' dir='ltr'>quae</span> <span class='ocrx_word' id='word_1_337' title='bbox 1732 2915 1889 2990; x_wconf 89' lang='lat' dir='ltr'>assidens</span> <span class='ocrx_word' id='word_1_338' title='bbox 1903 2925 1979 2994; x_wconf 89' lang='lat' dir='ltr'>seni</span> <span class='ocrx_word' id='word_1_339' title='bbox 1987 2977 2000 3010; x_wconf 88' lang='lat'>,</span> <span class='ocrx_word' id='word_1_340' title='bbox 2032 2930 2086 3000; x_wconf 89' lang='lat' dir='ltr'>la·</span> 
     </span>
     <span class='ocr_line' id='line_1_27' title="bbox 70 2992 2086 3106; baseline 0.04 -84"><span class='ocrx_word' id='word_1_341' title='bbox 70 2999 116 3068; x_wconf 43' lang='lat' dir='ltr'>nis</span> <span class='ocrx_word' id='word_1_342' title='bbox 128 3002 287 3072; x_wconf 57' lang='lat' dir='ltr'>moribus</span> <span class='ocrx_word' id='word_1_343' title='bbox 302 3000 640 3095; x_wconf 56' lang='lat' dir='ltr'>aliquiddqciwqeg</span> <span class='ocrx_word' id='word_1_344' title='bbox 666 3003 709 3073; x_wconf 69' lang='lat' dir='ltr'>,g</span> <span class='ocrx_word' id='word_1_345' title='bbox 726 3001 1045 3073; x_wconf 50' lang='lat' dir='ltr'>commonefaciam</span> <span class='ocrx_word' id='word_1_346' title='bbox 1097 2992 1252 3092; x_wconf 88' lang='lat' dir='ltr'>chryrnis</span> <span class='ocrx_word' id='word_1_347' title='bbox 1281 3001 1482 3076; x_wconf 88' lang='lat' dir='ltr'>declarabat</span> <span class='ocrx_word' id='word_1_348' title='bbox 1511 3029 1548 3076; x_wconf 88' lang='lat' dir='ltr'>sc</span> <span class='ocrx_word' id='word_1_349' title='bbox 1577 3009 1675 3083; x_wconf 93' lang='lat' dir='ltr'>luctu</span> <span class='ocrx_word' id='word_1_350' title='bbox 1702 3015 1814 3106; x_wconf 87' lang='lat' dir='ltr'>ipsius</span> <span class='ocrx_word' id='word_1_351' title='bbox 1837 3022 1950 3098; x_wconf 87' lang='lat' dir='ltr'>adiici.</span> <span class='ocrx_word' id='word_1_352' title='bbox 2001 3025 2086 3101; x_wconf 92' lang='lat' dir='ltr'>Non</span> 
     </span>
     <span class='ocr_line' id='line_1_28' title="bbox 70 3099 2086 3206; baseline 0.018 -40"><span class='ocrx_word' id='word_1_353' title='bbox 70 3101 136 3170; x_wconf 90' lang='lat' dir='ltr'>dam</span> <span class='ocrx_word' id='word_1_354' title='bbox 158 3104 396 3188; x_wconf 88' lang='lat' dir='ltr'>iuventutem,</span> <span class='ocrx_word' id='word_1_355' title='bbox 422 3123 486 3192; x_wconf 88' lang='lat' dir='ltr'>ego</span> <span class='ocrx_word' id='word_1_356' title='bbox 503 3103 586 3196; x_wconf 89' lang='lat' dir='ltr'>quia</span> <span class='ocrx_word' id='word_1_357' title='bbox 608 3105 751 3193; x_wconf 80' lang='lat' dir='ltr'>longam</span> <span class='ocrx_word' id='word_1_358' title='bbox 768 3103 1044 3194; x_wconf 88' lang='lat' dir='ltr'>disputationem</span> <span class='ocrx_word' id='word_1_359' title='bbox 1096 3099 1191 3168; x_wconf 92' lang='lat' dir='ltr'>enim</span> <span class='ocrx_word' id='word_1_360' title='bbox 1221 3101 1311 3170; x_wconf 91' lang='lat' dir='ltr'>aliae</span> <span class='ocrx_word' id='word_1_361' title='bbox 1336 3099 1532 3202; x_wconf 86' lang='lat' dir='ltr'>Erinnyes,</span> <span class='ocrx_word' id='word_1_362' title='bbox 1565 3133 1640 3182; x_wconf 91' lang='lat' dir='ltr'>non</span> <span class='ocrx_word' id='word_1_363' title='bbox 1672 3115 1762 3187; x_wconf 91' lang='lat' dir='ltr'>alius</span> <span class='ocrx_word' id='word_1_364' title='bbox 1797 3121 1901 3192; x_wconf 89' lang='lat' dir='ltr'>dolor</span> <span class='ocrx_word' id='word_1_365' title='bbox 1926 3125 1964 3194; x_wconf 91' lang='lat' dir='ltr'>in</span> <span class='ocrx_word' id='word_1_366' title='bbox 1990 3127 2086 3206; x_wconf 88' lang='lat' dir='ltr'>bona</span> 
     </span>
     <span class='ocr_line' id='line_1_29' title="bbox 70 3199 2173 3318; baseline 0.019 -49"><span class='ocrx_word' id='word_1_367' title='bbox 70 3225 151 3274; x_wconf 91' lang='lat' dir='ltr'>nunc</span> <span class='ocrx_word' id='word_1_368' title='bbox 165 3207 311 3298; x_wconf 87' lang='lat' dir='ltr'>quidem</span> <span class='ocrx_word' id='word_1_369' title='bbox 336 3204 615 3277; x_wconf 84' lang='lat' dir='ltr'>instituerenon</span> <span class='ocrx_word' id='word_1_370' title='bbox 635 3203 754 3297; x_wconf 91' lang='lat' dir='ltr'>potui,</span> <span class='ocrx_word' id='word_1_371' title='bbox 780 3199 963 3275; x_wconf 83' lang='lat' dir='ltr'>historiam</span> <span class='ocrx_word' id='word_1_372' title='bbox 986 3201 1046 3276; x_wconf 85' lang='lat' dir='ltr'>hie</span> <span class='ocrx_word' id='word_1_373' title='bbox 1096 3213 1214 3271; x_wconf 91' lang='lat' dir='ltr'>mente</span> <span class='ocrx_word' id='word_1_374' title='bbox 1237 3202 1352 3272; x_wconf 91' lang='lat' dir='ltr'>acrior</span> <span class='ocrx_word' id='word_1_375' title='bbox 1378 3205 1525 3278; x_wconf 83' lang='lat' dir='ltr'>existere</span> <span class='ocrx_word' id='word_1_376' title='bbox 1551 3227 1685 3302; x_wconf 88' lang='lat' dir='ltr'>potest,</span> <span class='ocrx_word' id='word_1_377' title='bbox 1714 3243 1821 3312; x_wconf 90' lang='lat' dir='ltr'>quam</span> <span class='ocrx_word' id='word_1_378' title='bbox 1843 3223 1906 3318; x_wconf 93' lang='lat' dir='ltr'>qui</span> <span class='ocrx_word' id='word_1_379' title='bbox 1933 3252 1974 3298; x_wconf 90' lang='lat' dir='ltr'>ex</span> <span class='ocrx_word' id='word_1_380' title='bbox 1997 3255 2084 3303; x_wconf 90' lang='lat' dir='ltr'>con·</span> <span class='ocrx_word' id='word_1_381' title='bbox 2168 3229 2173 3234; x_wconf 47' lang='lat'><strong>¹</strong></span> 
     </span>
     <span class='ocr_line' id='line_1_30' title="bbox 69 3301 2084 3408; baseline 0.039 -80"><span class='ocrx_word' id='word_1_382' title='bbox 69 3305 197 3376; x_wconf 57' lang='lat' dir='ltr'>mim</span> <span class='ocrx_word' id='word_1_383' title='bbox 211 3305 337 3380; x_wconf 47' lang='lat' dir='ltr'><strong>malui·</strong></span> <span class='ocrx_word' id='word_1_384' title='bbox 1095 3301 1239 3372; x_wconf 87' lang='lat' dir='ltr'>scientia</span> <span class='ocrx_word' id='word_1_385' title='bbox 1270 3307 1528 3382; x_wconf 87' lang='lat' dir='ltr'>contaminatae</span> <span class='ocrx_word' id='word_1_386' title='bbox 1557 3315 1717 3388; x_wconf 88' lang='lat' dir='ltr'>coelestis</span> <span class='ocrx_word' id='word_1_387' title='bbox 1746 3322 1928 3396; x_wconf 88' lang='lat' dir='ltr'>doctrinae</span> <span class='ocrx_word' id='word_1_388' title='bbox 1959 3332 2084 3408; x_wconf 85' lang='lat' dir='ltr'>oritur.</span> 
     </span>
     <span class='ocr_line' id='line_1_31' title="bbox 153 3399 2083 3516; baseline 0.027 -63"><span class='ocrx_word' id='word_1_389' title='bbox 153 3405 224 3478; x_wconf 70' lang='lat' dir='ltr'>N„</span> <span class='ocrx_word' id='word_1_390' title='bbox 243 3409 437 3479; x_wconf 52' lang='lat' dir='ltr'>officum</span> <span class='ocrx_word' id='word_1_391' title='bbox 460 3421 513 3478; x_wconf 69' lang='lat' dir='ltr'>eet</span> <span class='ocrx_word' id='word_1_392' title='bbox 532 3405 729 3498; x_wconf 83' lang='lat' dir='ltr'>plurimum</span> <span class='ocrx_word' id='word_1_393' title='bbox 752 3407 949 3478; x_wconf 87' lang='lat' dir='ltr'>conducere</span> <span class='ocrx_word' id='word_1_394' title='bbox 974 3405 1045 3499; x_wconf 92' lang='lat' dir='ltr'>piis</span> <span class='ocrx_word' id='word_1_395' title='bbox 1094 3399 1190 3494; x_wconf 88' lang='lat' dir='ltr'>Ergo</span> <span class='ocrx_word' id='word_1_396' title='bbox 1212 3417 1246 3474; x_wconf 90' lang='lat' dir='ltr'>et</span> <span class='ocrx_word' id='word_1_397' title='bbox 1266 3403 1327 3474; x_wconf 93' lang='lat' dir='ltr'>ille</span> <span class='ocrx_word' id='word_1_398' title='bbox 1350 3429 1424 3476; x_wconf 91' lang='lat' dir='ltr'>non</span> <span class='ocrx_word' id='word_1_399' title='bbox 1447 3410 1523 3482; x_wconf 90' lang='lat' dir='ltr'>sine</span> <span class='ocrx_word' id='word_1_400' title='bbox 1546 3437 1649 3488; x_wconf 89' lang='lat' dir='ltr'>causa</span> <span class='ocrx_word' id='word_1_401' title='bbox 1670 3415 1930 3516; x_wconf 90' lang='lat' dir='ltr'>lachrymabat,</span> <span class='ocrx_word' id='word_1_402' title='bbox 1962 3446 1997 3504; x_wconf 89' lang='lat' dir='ltr'>et</span> <span class='ocrx_word' id='word_1_403' title='bbox 2018 3459 2083 3504; x_wconf 90' lang='lat' dir='ltr'>nos</span> 
     </span>
     <span class='ocr_line' id='line_1_32' title="bbox 70 3505 2083 3612; baseline 0.017 -38"><span class='ocrx_word' id='word_1_404' title='bbox 70 3508 105 3575; x_wconf 89' lang='lat' dir='ltr'>ad</span> <span class='ocrx_word' id='word_1_405' title='bbox 125 3507 351 3578; x_wconf 89' lang='lat' dir='ltr'>iudicandum</span> <span class='ocrx_word' id='word_1_406' title='bbox 369 3512 414 3579; x_wconf 91' lang='lat' dir='ltr'>de</span> <span class='ocrx_word' id='word_1_407' title='bbox 430 3508 590 3578; x_wconf 89' lang='lat' dir='ltr'>doctrina</span> <span class='ocrx_word' id='word_1_408' title='bbox 611 3521 649 3578; x_wconf 86' lang='lat' dir='ltr'>et</span> <span class='ocrx_word' id='word_1_409' title='bbox 668 3509 712 3578; x_wconf 88' lang='lat' dir='ltr'>ad</span> <span class='ocrx_word' id='word_1_410' title='bbox 728 3511 899 3598; x_wconf 88' lang='lat' dir='ltr'>regendos</span> <span class='ocrx_word' id='word_1_411' title='bbox 917 3531 1044 3594; x_wconf 90' lang='lat' dir='ltr'>mores,</span> <span class='ocrx_word' id='word_1_412' title='bbox 1095 3505 1253 3595; x_wconf 84' lang='lat' dir='ltr'>exemplo</span> <span class='ocrx_word' id='word_1_413' title='bbox 1278 3507 1406 3577; x_wconf 91' lang='lat' dir='ltr'>moniti</span> <span class='ocrx_word' id='word_1_414' title='bbox 1424 3510 1535 3582; x_wconf 89' lang='lat' dir='ltr'>simus</span> <span class='ocrx_word' id='word_1_415' title='bbox 1559 3515 1899 3612; x_wconf 89' lang='lat' dir='ltr'>circumspectiores,</span> <span class='ocrx_word' id='word_1_416' title='bbox 1923 3542 1958 3600; x_wconf 90' lang='lat' dir='ltr'>et</span> <span class='ocrx_word' id='word_1_417' title='bbox 1972 3537 2083 3606; x_wconf 89' lang='lat' dir='ltr'>auda-</span> 
     </span>
     <span class='ocr_line' id='line_1_33' title="bbox 69 3600 2083 3709; baseline 0.022 -45"><span class='ocrx_word' id='word_1_418' title='bbox 69 3600 282 3680; x_wconf 70' lang='lat' dir='ltr'>hinoriarum</span> <span class='ocrx_word' id='word_1_419' title='bbox 298 3623 332 3680; x_wconf 82' lang='lat' dir='ltr'>et</span> <span class='ocrx_word' id='word_1_420' title='bbox 345 3609 567 3703; x_wconf 86' lang='lat' dir='ltr'>antiquitatis</span> <span class='ocrx_word' id='word_1_421' title='bbox 581 3608 830 3698; x_wconf 91' lang='lat' dir='ltr'>cognitionem.</span> <span class='ocrx_word' id='word_1_422' title='bbox 880 3605 977 3680; x_wconf 90' lang='lat' dir='ltr'>Utile</span> <span class='ocrx_word' id='word_1_423' title='bbox 992 3623 1043 3682; x_wconf 88' lang='lat' dir='ltr'>est</span> <span class='ocrx_word' id='word_1_424' title='bbox 1094 3605 1183 3674; x_wconf 91' lang='lat' dir='ltr'>ciam</span> <span class='ocrx_word' id='word_1_425' title='bbox 1198 3606 1354 3695; x_wconf 87' lang='lat' dir='ltr'>fingendi</span> <span class='ocrx_word' id='word_1_426' title='bbox 1370 3610 1575 3700; x_wconf 91' lang='lat' dir='ltr'>opiniones,</span> <span class='ocrx_word' id='word_1_427' title='bbox 1602 3631 1636 3688; x_wconf 92' lang='lat' dir='ltr'>et</span> <span class='ocrx_word' id='word_1_428' title='bbox 1655 3621 1846 3695; x_wconf 89' lang='lat' dir='ltr'>cavillandi</span> <span class='ocrx_word' id='word_1_429' title='bbox 1870 3643 1980 3704; x_wconf 87' lang='lat' dir='ltr'>rectas</span> <span class='ocrx_word' id='word_1_430' title='bbox 2001 3659 2083 3709; x_wconf 88' lang='lat' dir='ltr'>sen-</span> 
     </span>
     <span class='ocr_line' id='line_1_34' title="bbox 70 3705 1712 3804; baseline 0.009 -28"><span class='ocrx_word' id='word_1_431' title='bbox 70 3710 149 3779; x_wconf 87' lang='lat' dir='ltr'>cuim</span> <span class='ocrx_word' id='word_1_432' title='bbox 166 3735 334 3804; x_wconf 89' lang='lat' dir='ltr'>quaerere</span> <span class='ocrx_word' id='word_1_433' title='bbox 349 3711 487 3794; x_wconf 90' lang='lat' dir='ltr'>auimo,</span> <span class='ocrx_word' id='word_1_434' title='bbox 514 3709 680 3803; x_wconf 89' lang='lat' dir='ltr'>quidilla</span> <span class='ocrx_word' id='word_1_435' title='bbox 703 3710 817 3802; x_wconf 91' lang='lat' dir='ltr'>prima</span> <span class='ocrx_word' id='word_1_436' title='bbox 834 3721 928 3780; x_wconf 90' lang='lat' dir='ltr'>aetas</span> <span class='ocrx_word' id='word_1_437' title='bbox 943 3705 1043 3802; x_wconf 83' lang='lat' dir='ltr'>Apo.</span> <span class='ocrx_word' id='word_1_438' title='bbox 1093 3709 1220 3776; x_wconf 88' lang='lat' dir='ltr'>tentias</span> <span class='ocrx_word' id='word_1_439' title='bbox 1234 3708 1426 3797; x_wconf 80' lang='lat' dir='ltr'>fugiamus,</span> <span class='ocrx_word' id='word_1_440' title='bbox 1449 3727 1483 3784; x_wconf 90' lang='lat' dir='ltr'>et</span> <span class='ocrx_word' id='word_1_441' title='bbox 1499 3738 1712 3792; x_wconf 81' lang='lat' dir='ltr'>exercemur.</span> 
     </span>
     <span class='ocr_line' id='line_1_35' title="bbox 70 3804 2082 3929; baseline 0.024 -53"><span class='ocrx_word' id='word_1_442' title='bbox 70 3809 152 3882; x_wconf 90' lang='lat' dir='ltr'>stolis</span> <span class='ocrx_word' id='word_1_443' title='bbox 166 3813 325 3903; x_wconf 83' lang='lat' dir='ltr'>proxima</span> <span class='ocrx_word' id='word_1_444' title='bbox 340 3813 497 3884; x_wconf 89' lang='lat' dir='ltr'>senserit.</span> <span class='ocrx_word' id='word_1_445' title='bbox 536 3809 638 3882; x_wconf 89' lang='lat' dir='ltr'>Hanc</span> <span class='ocrx_word' id='word_1_446' title='bbox 652 3812 698 3881; x_wconf 92' lang='lat' dir='ltr'>ob</span> <span class='ocrx_word' id='word_1_447' title='bbox 714 3833 854 3881; x_wconf 88' lang='lat' dir='ltr'>causam</span> <span class='ocrx_word' id='word_1_448' title='bbox 870 3812 1041 3882; x_wconf 88' lang='lat' dir='ltr'>successio</span> <span class='ocrx_word' id='word_1_449' title='bbox 1191 3804 1417 3882; x_wconf 63' lang='lat' dir='ltr'>Adhlbffllur</span> <span class='ocrx_word' id='word_1_450' title='bbox 1440 3815 1545 3885; x_wconf 91' lang='lat' dir='ltr'>etiam</span> <span class='ocrx_word' id='word_1_451' title='bbox 1577 3818 1613 3886; x_wconf 66' lang='lat'>5¹¹</span> <span class='ocrx_word' id='word_1_452' title='bbox 1639 3820 1790 3920; x_wconf 63' lang='lat'>10050130</span> <span class='ocrx_word' id='word_1_453' title='bbox 1812 3845 1968 3903; x_wconf 62' lang='lat' dir='ltr'>velerum</span> <span class='ocrx_word' id='word_1_454' title='bbox 1995 3861 2082 3929; x_wconf 74' lang='lat' dir='ltr'>pru·</span> 
     </span>
     <span class='ocr_line' id='line_1_36' title="bbox 69 3907 2081 4026; baseline 0.022 -60"><span class='ocrx_word' id='word_1_455' title='bbox 69 3909 245 3986; x_wconf 65' lang='lat' dir='ltr'>illumium</span> <span class='ocrx_word' id='word_1_456' title='bbox 272 3915 431 3986; x_wconf 73' lang='lat' dir='ltr'>virorum</span> <span class='ocrx_word' id='word_1_457' title='bbox 448 3914 629 4006; x_wconf 90' lang='lat' dir='ltr'>quondam</span> <span class='ocrx_word' id='word_1_458' title='bbox 652 3911 755 3982; x_wconf 89' lang='lat' dir='ltr'>valde</span> <span class='ocrx_word' id='word_1_459' title='bbox 778 3911 950 3983; x_wconf 88' lang='lat' dir='ltr'>celebrata</span> <span class='ocrx_word' id='word_1_460' title='bbox 974 3927 1041 3984; x_wconf 86' lang='lat' dir='ltr'>est:</span> <span class='ocrx_word' id='word_1_461' title='bbox 1093 3907 1214 3978; x_wconf 89' lang='lat' dir='ltr'>dentia</span> <span class='ocrx_word' id='word_1_462' title='bbox 1240 3922 1276 3982; x_wconf 89' lang='lat' dir='ltr'>et</span> <span class='ocrx_word' id='word_1_463' title='bbox 1303 3916 1475 4005; x_wconf 90' lang='lat' dir='ltr'>quaedam</span> <span class='ocrx_word' id='word_1_464' title='bbox 1497 3941 1655 3996; x_wconf 91' lang='lat' dir='ltr'>censura.</span> <span class='ocrx_word' id='word_1_465' title='bbox 1707 3924 1779 3997; x_wconf 90' lang='lat' dir='ltr'>Nec</span> <span class='ocrx_word' id='word_1_466' title='bbox 1800 3943 1840 4000; x_wconf 91' lang='lat' dir='ltr'>nt</span> <span class='ocrx_word' id='word_1_467' title='bbox 1860 3933 2004 4026; x_wconf 89' lang='lat' dir='ltr'>quidam</span> <span class='ocrx_word' id='word_1_468' title='bbox 2020 3965 2081 4010; x_wconf 91' lang='lat' dir='ltr'>ve-</span> 
     </span>
     <span class='ocr_line' id='line_1_37' title="bbox 69 4013 2080 4131; baseline 0.018 -55"><span class='ocrx_word' id='word_1_469' title='bbox 69 4015 247 4104; x_wconf 83' lang='lat' dir='ltr'>quaesitum</span> <span class='ocrx_word' id='word_1_470' title='bbox 272 4016 334 4110; x_wconf 92' lang='lat' dir='ltr'>qui</span> <span class='ocrx_word' id='word_1_471' title='bbox 356 4015 489 4084; x_wconf 85' lang='lat' dir='ltr'>fuerint</span> <span class='ocrx_word' id='word_1_472' title='bbox 509 4013 707 4098; x_wconf 90' lang='lat' dir='ltr'>coaetanei,</span> <span class='ocrx_word' id='word_1_473' title='bbox 739 4013 869 4107; x_wconf 89' lang='lat' dir='ltr'>quibus</span> <span class='ocrx_word' id='word_1_474' title='bbox 893 4015 1042 4086; x_wconf 86' lang='lat' dir='ltr'>testibus</span> <span class='ocrx_word' id='word_1_475' title='bbox 1092 4023 1208 4080; x_wconf 87' lang='lat' dir='ltr'>terum</span> <span class='ocrx_word' id='word_1_476' title='bbox 1223 4025 1416 4084; x_wconf 83' lang='lat' dir='ltr'>statuarum</span> <span class='ocrx_word' id='word_1_477' title='bbox 1432 4017 1673 4108; x_wconf 87' lang='lat' dir='ltr'>admiratores,</span> <span class='ocrx_word' id='word_1_478' title='bbox 1688 4029 1816 4100; x_wconf 90' lang='lat' dir='ltr'>rudera</span> <span class='ocrx_word' id='word_1_479' title='bbox 1832 4035 1936 4104; x_wconf 87' lang='lat' dir='ltr'>etiam</span> <span class='ocrx_word' id='word_1_480' title='bbox 1953 4063 2080 4131; x_wconf 90' lang='lat' dir='ltr'>magno</span> 
     </span>
     <span class='ocr_line' id='line_1_38' title="bbox 69 4111 2081 4213; baseline 0.027 -53"><span class='ocrx_word' id='word_1_481' title='bbox 69 4114 181 4206; x_wconf 52' lang='lat' dir='ltr'>mig„</span> <span class='ocrx_word' id='word_1_482' title='bbox 203 4115 460 4210; x_wconf 57' lang='lat' dir='ltr'>Apostolorum</span> <span class='ocrx_word' id='word_1_483' title='bbox 482 4117 527 4184; x_wconf 80' lang='lat' dir='ltr'>sd</span> <span class='ocrx_word' id='word_1_484' title='bbox 557 4128 716 4205; x_wconf 89' lang='lat' dir='ltr'>posteros</span> <span class='ocrx_word' id='word_1_485' title='bbox 737 4115 939 4186; x_wconf 88' lang='lat' dir='ltr'>transmissa</span> <span class='ocrx_word' id='word_1_486' title='bbox 960 4117 1042 4202; x_wconf 90' lang='lat' dir='ltr'>sint,</span> <span class='ocrx_word' id='word_1_487' title='bbox 1092 4126 1231 4182; x_wconf 90' lang='lat' dir='ltr'>emunt:</span> <span class='ocrx_word' id='word_1_488' title='bbox 1258 4111 1306 4184; x_wconf 91' lang='lat' dir='ltr'>ita</span> <span class='ocrx_word' id='word_1_489' title='bbox 1330 4137 1395 4183; x_wconf 88' lang='lat' dir='ltr'>nos</span> <span class='ocrx_word' id='word_1_490' title='bbox 1417 4118 1669 4208; x_wconf 89' lang='lat' dir='ltr'>amplectamur</span> <span class='ocrx_word' id='word_1_491' title='bbox 1688 4152 1810 4200; x_wconf 90' lang='lat' dir='ltr'>omnes</span> <span class='ocrx_word' id='word_1_492' title='bbox 1832 4137 1993 4210; x_wconf 90' lang='lat' dir='ltr'>omnium</span> <span class='ocrx_word' id='word_1_493' title='bbox 2016 4165 2081 4213; x_wconf 92' lang='lat' dir='ltr'>ne-</span> 
     </span>
     <span class='ocr_line' id='line_1_39' title="bbox 68 4212 2080 4333; baseline 0.039 -95"><span class='ocrx_word' id='word_1_494' title='bbox 68 4219 223 4309; x_wconf 53' lang='lat' dir='ltr'>aquibus</span> <span class='ocrx_word' id='word_1_495' title='bbox 246 4217 431 4292; x_wconf 47' lang='lat' dir='ltr'><strong>autoribus</strong></span> <span class='ocrx_word' id='word_1_496' title='bbox 450 4238 530 4290; x_wconf 62' lang='lat' dir='ltr'>m„</span> <span class='ocrx_word' id='word_1_497' title='bbox 553 4217 703 4311; x_wconf 47' lang='grc' dir='ltr'>φωρ</span> <span class='ocrx_word' id='word_1_498' title='bbox 729 4217 921 4286; x_wconf 56' lang='lat' dir='ltr'>stupenti„</span> <span class='ocrx_word' id='word_1_499' title='bbox 942 4241 1041 4289; x_wconf 56' lang='grc' dir='ltr'><strong><em>«περ.</em></strong></span> <span class='ocrx_word' id='word_1_500' title='bbox 1092 4212 1180 4296; x_wconf 81' lang='lat' dir='ltr'>nias,</span> <span class='ocrx_word' id='word_1_501' title='bbox 1205 4214 1312 4283; x_wconf 89' lang='lat' dir='ltr'>modo</span> <span class='ocrx_word' id='word_1_502' title='bbox 1326 4220 1665 4293; x_wconf 88' lang='lat' dir='ltr'>commendationem</span> <span class='ocrx_word' id='word_1_503' title='bbox 1683 4221 1834 4304; x_wconf 88' lang='lat' dir='ltr'>habeant</span> <span class='ocrx_word' id='word_1_504' title='bbox 1848 4239 2080 4333; x_wconf 85' lang='lat' dir='ltr'>antiquitatis.</span> 
     </span>
     <span class='ocr_line' id='line_1_40' title="bbox 68 4311 2078 4438; baseline 0.039 -99"><span class='ocrx_word' id='word_1_505' title='bbox 68 4315 168 4405; x_wconf 50' lang='lat' dir='ltr'>pm</span> <span class='ocrx_word' id='word_1_506' title='bbox 1091 4311 1173 4382; x_wconf 89' lang='lat' dir='ltr'>Non</span> <span class='ocrx_word' id='word_1_507' title='bbox 1188 4314 1303 4383; x_wconf 88' lang='lat' dir='ltr'>solum</span> <span class='ocrx_word' id='word_1_508' title='bbox 1318 4329 1470 4388; x_wconf 88' lang='lat' dir='ltr'>vetustas</span> <span class='ocrx_word' id='word_1_509' title='bbox 1486 4322 1755 4426; x_wconf 84' lang='lat' dir='ltr'>admirationem</span> <span class='ocrx_word' id='word_1_510' title='bbox 1770 4336 2001 4428; x_wconf 90' lang='lat' dir='ltr'>scriptoribus</span> <span class='ocrx_word' id='word_1_511' title='bbox 2013 4369 2078 4438; x_wconf 93' lang='lat' dir='ltr'>pa-</span> 
     </span>
     <span class='ocr_line' id='line_1_41' title="bbox 53 4405 2079 4530; baseline 0.016 -45"><span class='ocrx_word' id='word_1_512' title='bbox 53 4405 57 4412; x_wconf 60' lang='grc'><strong>’</strong></span> <span class='ocrx_word' id='word_1_513' title='bbox 154 4415 204 4492; x_wconf 81' lang='lat' dir='ltr'>Ac</span> <span class='ocrx_word' id='word_1_514' title='bbox 222 4417 378 4491; x_wconf 88' lang='lat' dir='ltr'>arbitror</span> <span class='ocrx_word' id='word_1_515' title='bbox 398 4417 561 4490; x_wconf 87' lang='lat' dir='ltr'>eovitam</span> <span class='ocrx_word' id='word_1_516' title='bbox 582 4428 806 4508; x_wconf 87' lang='lat' dir='ltr'>prorogatam</span> <span class='ocrx_word' id='word_1_517' title='bbox 822 4438 895 4486; x_wconf 85' lang='lat' dir='ltr'>esse</span> <span class='ocrx_word' id='word_1_518' title='bbox 909 4415 1041 4509; x_wconf 83' lang='lat' dir='ltr'>aliqui.</span> <span class='ocrx_word' id='word_1_519' title='bbox 1090 4415 1176 4493; x_wconf 92' lang='lat' dir='ltr'>riat,</span> <span class='ocrx_word' id='word_1_520' title='bbox 1209 4417 1269 4484; x_wconf 90' lang='lat' dir='ltr'>sed</span> <span class='ocrx_word' id='word_1_521' title='bbox 1293 4415 1409 4502; x_wconf 89' lang='lat' dir='ltr'>vides,</span> <span class='ocrx_word' id='word_1_522' title='bbox 1440 4420 1480 4488; x_wconf 91' lang='lat' dir='ltr'>iu</span> <span class='ocrx_word' id='word_1_523' title='bbox 1505 4425 1737 4513; x_wconf 89' lang='lat' dir='ltr'>explicatione</span> <span class='ocrx_word' id='word_1_524' title='bbox 1758 4433 1958 4530; x_wconf 89' lang='lat' dir='ltr'>diligentia,</span> <span class='ocrx_word' id='word_1_525' title='bbox 1992 4469 2079 4516; x_wconf 89' lang='lat' dir='ltr'>cou-</span> 
     </span>
     <span class='ocr_line' id='line_1_42' title="bbox 69 4513 2076 4640; baseline 0.016 -54"><span class='ocrx_word' id='word_1_526' title='bbox 69 4516 125 4588; x_wconf 90' lang='lat' dir='ltr'>bus</span> <span class='ocrx_word' id='word_1_527' title='bbox 145 4521 399 4614; x_wconf 88' lang='lat' dir='ltr'>praestantibus</span> <span class='ocrx_word' id='word_1_528' title='bbox 422 4519 529 4603; x_wconf 89' lang='lat' dir='ltr'>viris,</span> <span class='ocrx_word' id='word_1_529' title='bbox 556 4531 597 4588; x_wconf 92' lang='lat' dir='ltr'>ut</span> <span class='ocrx_word' id='word_1_530' title='bbox 615 4518 751 4592; x_wconf 89' lang='lat' dir='ltr'>diutius</span> <span class='ocrx_word' id='word_1_531' title='bbox 773 4533 1041 4589; x_wconf 88' lang='lat' dir='ltr'>conservaretur</span> <span class='ocrx_word' id='word_1_532' title='bbox 1091 4539 1212 4585; x_wconf 90' lang='lat' dir='ltr'>sensus</span> <span class='ocrx_word' id='word_1_533' title='bbox 1234 4541 1313 4586; x_wconf 92' lang='lat' dir='ltr'>cum</span> <span class='ocrx_word' id='word_1_534' title='bbox 1340 4513 1527 4610; x_wconf 86' lang='lat' dir='ltr'>Prophetis</span> <span class='ocrx_word' id='word_1_535' title='bbox 1551 4539 1585 4596; x_wconf 89' lang='lat' dir='ltr'>et</span> <span class='ocrx_word' id='word_1_536' title='bbox 1607 4518 1807 4620; x_wconf 87' lang='lat' dir='ltr'>Apostolis,</span> <span class='ocrx_word' id='word_1_537' title='bbox 1846 4561 1952 4633; x_wconf 89' lang='lat' dir='ltr'>super</span> <span class='ocrx_word' id='word_1_538' title='bbox 1973 4571 2076 4640; x_wconf 91' lang='lat' dir='ltr'>qnos,</span> 
     </span>
     <span class='ocr_line' id='line_1_43' title="bbox 69 4616 1789 4715; baseline 0.018 -40"><span class='ocrx_word' id='word_1_539' title='bbox 69 4619 233 4694; x_wconf 65' lang='lat' dir='ltr'>dominae</span> <span class='ocrx_word' id='word_1_540' title='bbox 253 4623 407 4715; x_wconf 75' lang='lat' dir='ltr'>puritas,</span> <span class='ocrx_word' id='word_1_541' title='bbox 434 4633 468 4692; x_wconf 92' lang='lat' dir='ltr'>et</span> <span class='ocrx_word' id='word_1_542' title='bbox 490 4633 584 4690; x_wconf 88' lang='lat' dir='ltr'>aetas</span> <span class='ocrx_word' id='word_1_543' title='bbox 604 4619 778 4710; x_wconf 84' lang='lat' dir='ltr'>posterior</span> <span class='ocrx_word' id='word_1_544' title='bbox 803 4616 948 4690; x_wconf 86' lang='lat' dir='ltr'>haberet</span> <span class='ocrx_word' id='word_1_545' title='bbox 963 4641 1039 4688; x_wconf 91' lang='lat' dir='ltr'>cer·</span> <span class='ocrx_word' id='word_1_546' title='bbox 1090 4630 1130 4687; x_wconf 87' lang='lat' dir='ltr'>ut</span> <span class='ocrx_word' id='word_1_547' title='bbox 1145 4617 1195 4688; x_wconf 90' lang='lat' dir='ltr'>ait</span> <span class='ocrx_word' id='word_1_548' title='bbox 1208 4617 1358 4703; x_wconf 84' lang='lat' dir='ltr'>Paulus,</span> <span class='ocrx_word' id='word_1_549' title='bbox 1385 4634 1541 4695; x_wconf 89' lang='lat' dir='ltr'>extructa</span> <span class='ocrx_word' id='word_1_550' title='bbox 1560 4641 1610 4697; x_wconf 86' lang='lat' dir='ltr'>est</span> <span class='ocrx_word' id='word_1_551' title='bbox 1625 4626 1789 4710; x_wconf 88' lang='lat' dir='ltr'>Ecclesia.</span> 
     </span>
     <span class='ocr_line' id='line_1_44' title="bbox 70 4715 2077 4825; baseline 0.026 -35"><span class='ocrx_word' id='word_1_552' title='bbox 70 4732 114 4790; x_wconf 89' lang='lat' dir='ltr'>tus</span> <span class='ocrx_word' id='word_1_553' title='bbox 136 4738 168 4796; x_wconf 91' lang='lat' dir='ltr'>et</span> <span class='ocrx_word' id='word_1_554' title='bbox 190 4719 835 4811; x_wconf 87' lang='lat' dir='ltr'>lidostestessententiaeapostolicae.</span> <span class='ocrx_word' id='word_1_555' title='bbox 882 4717 1039 4814; x_wconf 86' lang='lat' dir='ltr'>Mequi·</span> <span class='ocrx_word' id='word_1_556' title='bbox 1191 4715 1926 4825; x_wconf 63' lang='lat' dir='ltr'>V⁰¹¹505851⁰MdP⁰¹Y⁰³sl³il¹i³i⁰fl³m0</span> <span class='ocrx_word' id='word_1_557' title='bbox 1984 4743 2077 4819; x_wconf 63' lang='lat' dir='ltr'>Nam</span> 
     </span>
     <span class='ocr_line' id='line_1_45' title="bbox 71 4811 2075 4928; baseline 0.026 -60"><span class='ocrx_word' id='word_1_558' title='bbox 71 4821 137 4891; x_wconf 63' lang='lat' dir='ltr'>,pm</span> <span class='ocrx_word' id='word_1_559' title='bbox 153 4827 252 4896; x_wconf 60' lang='lat' dir='ltr'>,alde</span> <span class='ocrx_word' id='word_1_560' title='bbox 267 4823 477 4897; x_wconf 67' lang='lat' dir='ltr'>confirmant</span> <span class='ocrx_word' id='word_1_561' title='bbox 492 4817 623 4892; x_wconf 89' lang='lat' dir='ltr'>horum</span> <span class='ocrx_word' id='word_1_562' title='bbox 638 4822 751 4905; x_wconf 90' lang='lat' dir='ltr'>dicta,</span> <span class='ocrx_word' id='word_1_563' title='bbox 776 4845 856 4892; x_wconf 90' lang='lat' dir='ltr'>cum</span> <span class='ocrx_word' id='word_1_564' title='bbox 873 4819 1039 4892; x_wconf 90' lang='lat' dir='ltr'>lrenaeus</span> <span class='ocrx_word' id='word_1_565' title='bbox 1090 4811 1186 4889; x_wconf 92' lang='lat' dir='ltr'>hunc</span> <span class='ocrx_word' id='word_1_566' title='bbox 1201 4821 1421 4912; x_wconf 89' lang='lat' dir='ltr'>potissimum</span> <span class='ocrx_word' id='word_1_567' title='bbox 1448 4847 1490 4895; x_wconf 87' lang='lat' dir='ltr'>eo</span> <span class='ocrx_word' id='word_1_568' title='bbox 1507 4829 1637 4918; x_wconf 87' lang='lat' dir='ltr'>delegi,</span> <span class='ocrx_word' id='word_1_569' title='bbox 1663 4836 1746 4928; x_wconf 89' lang='lat' dir='ltr'>quia</span> <span class='ocrx_word' id='word_1_570' title='bbox 1764 4863 1844 4910; x_wconf 93' lang='lat' dir='ltr'>cum</span> <span class='ocrx_word' id='word_1_571' title='bbox 1863 4845 1966 4914; x_wconf 86' lang='lat' dir='ltr'>toties</span> <span class='ocrx_word' id='word_1_572' title='bbox 1989 4849 2075 4920; x_wconf 89' lang='lat' dir='ltr'>cite-</span> 
     </span>
     <span class='ocr_line' id='line_1_46' title="bbox 71 4919 2074 5039; baseline 0.023 -63"><span class='ocrx_word' id='word_1_573' title='bbox 71 4925 157 4996; x_wconf 66' lang='lat'>1015„</span> <span class='ocrx_word' id='word_1_574' title='bbox 180 4941 325 4999; x_wconf 63' lang='lat' dir='ltr'>,emm</span> <span class='ocrx_word' id='word_1_575' title='bbox 344 4949 381 4995; x_wconf 78' lang='lat' dir='ltr'>se</span> <span class='ocrx_word' id='word_1_576' title='bbox 396 4923 584 5020; x_wconf 85' lang='lat' dir='ltr'>Polycarpi</span> <span class='ocrx_word' id='word_1_577' title='bbox 600 4919 745 5011; x_wconf 90' lang='lat' dir='ltr'>vestigia</span> <span class='ocrx_word' id='word_1_578' title='bbox 769 4923 886 5016; x_wconf 90' lang='lat' dir='ltr'>sequi,</span> <span class='ocrx_word' id='word_1_579' title='bbox 915 4935 950 4992; x_wconf 90' lang='lat' dir='ltr'>et</span> <span class='ocrx_word' id='word_1_580' title='bbox 967 4920 1037 4992; x_wconf 87' lang='lat' dir='ltr'>Pu-</span> <span class='ocrx_word' id='word_1_581' title='bbox 1088 4931 1147 4990; x_wconf 83' lang='lat' dir='ltr'>tur</span> <span class='ocrx_word' id='word_1_582' title='bbox 1159 4920 1491 5013; x_wconf 87' lang='lat' dir='ltr'>testisApostolicae</span> <span class='ocrx_word' id='word_1_583' title='bbox 1504 4930 1696 5020; x_wconf 88' lang='lat' dir='ltr'>doctrinae,</span> <span class='ocrx_word' id='word_1_584' title='bbox 1713 4942 1856 5028; x_wconf 88' lang='lat' dir='ltr'>prodest</span> <span class='ocrx_word' id='word_1_585' title='bbox 1866 4967 1946 5014; x_wconf 88' lang='lat' dir='ltr'>eum</span> <span class='ocrx_word' id='word_1_586' title='bbox 1960 4948 2074 5039; x_wconf 84' lang='lat' dir='ltr'>qu&#39;au-</span> 
     </span>
     <span class='ocr_line' id='line_1_47' title="bbox 71 5019 2075 5136; baseline 0.016 -43"><span class='ocrx_word' id='word_1_587' title='bbox 71 5019 231 5120; x_wconf 81' lang='lat' dir='ltr'>lycarpum</span> <span class='ocrx_word' id='word_1_588' title='bbox 254 5029 417 5100; x_wconf 82' lang='lat' dir='ltr'>adfirmat</span> <span class='ocrx_word' id='word_1_589' title='bbox 440 5026 637 5098; x_wconf 90' lang='lat' dir='ltr'>auditorem</span> <span class='ocrx_word' id='word_1_590' title='bbox 659 5024 765 5094; x_wconf 84' lang='lat' dir='ltr'>luisse</span> <span class='ocrx_word' id='word_1_591' title='bbox 778 5021 922 5094; x_wconf 87' lang='lat' dir='ltr'>loannis</span> <span class='ocrx_word' id='word_1_592' title='bbox 936 5020 1037 5113; x_wconf 84' lang='lat' dir='ltr'>Apo·</span> <span class='ocrx_word' id='word_1_593' title='bbox 1089 5033 1164 5090; x_wconf 90' lang='lat' dir='ltr'>tum</span> <span class='ocrx_word' id='word_1_594' title='bbox 1180 5021 1254 5091; x_wconf 86' lang='lat' dir='ltr'>fieri</span> <span class='ocrx_word' id='word_1_595' title='bbox 1278 5037 1392 5114; x_wconf 88' lang='lat' dir='ltr'>potest</span> <span class='ocrx_word' id='word_1_596' title='bbox 1417 5041 1541 5099; x_wconf 89' lang='lat' dir='ltr'>notum</span> <span class='ocrx_word' id='word_1_597' title='bbox 1556 5055 1629 5103; x_wconf 88' lang='lat' dir='ltr'>esse</span> <span class='ocrx_word' id='word_1_598' title='bbox 1641 5039 1809 5112; x_wconf 89' lang='lat' dir='ltr'>studiosis</span> <span class='ocrx_word' id='word_1_599' title='bbox 1825 5057 1860 5116; x_wconf 89' lang='lat' dir='ltr'>et</span> <span class='ocrx_word' id='word_1_600' title='bbox 1875 5044 1954 5136; x_wconf 91' lang='lat' dir='ltr'>piis.</span> <span class='ocrx_word' id='word_1_601' title='bbox 2005 5051 2075 5124; x_wconf 82' lang='lat' dir='ltr'>Ac-</span> 
     </span>
     <span class='ocr_line' id='line_1_48' title="bbox 72 5121 2074 5241; baseline 0.015 -48"><span class='ocrx_word' id='word_1_602' title='bbox 72 5127 158 5214; x_wconf 85' lang='lat' dir='ltr'>stoli,</span> <span class='ocrx_word' id='word_1_603' title='bbox 187 5131 301 5222; x_wconf 89' lang='lat' dir='ltr'>ipsum</span> <span class='ocrx_word' id='word_1_604' title='bbox 327 5129 497 5202; x_wconf 88' lang='lat' dir='ltr'>loannem</span> <span class='ocrx_word' id='word_1_605' title='bbox 522 5127 646 5196; x_wconf 89' lang='lat' dir='ltr'>audire</span> <span class='ocrx_word' id='word_1_606' title='bbox 672 5125 815 5212; x_wconf 91' lang='lat' dir='ltr'>videor,</span> <span class='ocrx_word' id='word_1_607' title='bbox 848 5121 1037 5219; x_wconf 90' lang='lat' dir='ltr'>Polycarpi</span> <span class='ocrx_word' id='word_1_608' title='bbox 1088 5145 1157 5214; x_wconf 90' lang='lat' dir='ltr'>que</span> <span class='ocrx_word' id='word_1_609' title='bbox 1171 5123 1307 5194; x_wconf 89' lang='lat' dir='ltr'>utinam</span> <span class='ocrx_word' id='word_1_610' title='bbox 1329 5149 1404 5197; x_wconf 91' lang='lat' dir='ltr'>non</span> <span class='ocrx_word' id='word_1_611' title='bbox 1418 5140 1557 5202; x_wconf 86' lang='lat' dir='ltr'>tantum</span> <span class='ocrx_word' id='word_1_612' title='bbox 1573 5128 1665 5206; x_wconf 88' lang='lat' dir='ltr'>hanc</span> <span class='ocrx_word' id='word_1_613' title='bbox 1678 5138 1821 5212; x_wconf 89' lang='lat' dir='ltr'>brevem</span> <span class='ocrx_word' id='word_1_614' title='bbox 1842 5140 2074 5241; x_wconf 89' lang='lat' dir='ltr'>historiolam,</span> 
     </span>
     <span class='ocr_line' id='line_1_49' title="bbox 73 5227 2072 5338; baseline 0.04 -91"><span class='ocrx_word' id='word_1_615' title='bbox 73 5240 121 5298; x_wconf 53' lang='lat' dir='ltr'>au,</span> <span class='ocrx_word' id='word_1_616' title='bbox 136 5227 265 5302; x_wconf 60' lang='lat' dir='ltr'>hemi</span> <span class='ocrx_word' id='word_1_617' title='bbox 282 5227 485 5304; x_wconf 51' lang='lat' dir='ltr'>testimoni,</span> <span class='ocrx_word' id='word_1_618' title='bbox 503 5228 661 5302; x_wconf 51' lang='lat' dir='ltr'><strong>audiens·</strong></span> <span class='ocrx_word' id='word_1_619' title='bbox 1087 5247 1192 5316; x_wconf 92' lang='lat' dir='ltr'>quam</span> <span class='ocrx_word' id='word_1_620' title='bbox 1216 5227 1387 5306; x_wconf 89' lang='lat' dir='ltr'>recitabo,</span> <span class='ocrx_word' id='word_1_621' title='bbox 1414 5231 1552 5303; x_wconf 81' lang='lat' dir='ltr'>adferre</span> <span class='ocrx_word' id='word_1_622' title='bbox 1574 5261 1728 5326; x_wconf 89' lang='lat' dir='ltr'>possem,</span> <span class='ocrx_word' id='word_1_623' title='bbox 1753 5245 1814 5313; x_wconf 90' lang='lat' dir='ltr'>sed</span> <span class='ocrx_word' id='word_1_624' title='bbox 1838 5245 1948 5338; x_wconf 87' lang='lat' dir='ltr'>ipsius</span> <span class='ocrx_word' id='word_1_625' title='bbox 1966 5252 2072 5326; x_wconf 88' lang='lat' dir='ltr'>etiam</span> 
     </span>
     <span class='ocr_line' id='line_1_50' title="bbox 156 5319 2072 5438; baseline 0.003 -17"><span class='ocrx_word' id='word_1_626' title='bbox 156 5330 269 5421; x_wconf 84' lang='lat' dir='ltr'>Quare</span> <span class='ocrx_word' id='word_1_627' title='bbox 294 5332 360 5404; x_wconf 89' lang='lat' dir='ltr'>etsi</span> <span class='ocrx_word' id='word_1_628' title='bbox 383 5331 506 5402; x_wconf 91' lang='lat' dir='ltr'>literae</span> <span class='ocrx_word' id='word_1_629' title='bbox 519 5326 775 5420; x_wconf 86' lang='lat' dir='ltr'>Apostolorum</span> <span class='ocrx_word' id='word_1_630' title='bbox 798 5325 882 5396; x_wconf 88' lang='lat' dir='ltr'>satis</span> <span class='ocrx_word' id='word_1_631' title='bbox 900 5322 1036 5416; x_wconf 88' lang='lat' dir='ltr'>perspi·</span> <span class='ocrx_word' id='word_1_632' title='bbox 1088 5319 1252 5396; x_wconf 87' lang='lat' dir='ltr'>exhibere</span> <span class='ocrx_word' id='word_1_633' title='bbox 1274 5346 1523 5418; x_wconf 89' lang='lat' dir='ltr'>monumenta,</span> <span class='ocrx_word' id='word_1_634' title='bbox 1553 5336 1736 5431; x_wconf 85' lang='lat' dir='ltr'>inquibus</span> <span class='ocrx_word' id='word_1_635' title='bbox 1757 5348 1959 5438; x_wconf 86' lang='lat' dir='ltr'>complexus</span> <span class='ocrx_word' id='word_1_636' title='bbox 1982 5354 2072 5426; x_wconf 89' lang='lat' dir='ltr'>dici-</span> 
     </span>
     <span class='ocr_line' id='line_1_51' title="bbox 74 5425 2073 5543; baseline 0.018 -49"><span class='ocrx_word' id='word_1_637' title='bbox 74 5449 124 5498; x_wconf 89' lang='lat' dir='ltr'>coe</span> <span class='ocrx_word' id='word_1_638' title='bbox 143 5455 204 5504; x_wconf 83' lang='lat' dir='ltr'>nos</span> <span class='ocrx_word' id='word_1_639' title='bbox 224 5437 267 5506; x_wconf 84' lang='lat' dir='ltr'>de</span> <span class='ocrx_word' id='word_1_640' title='bbox 281 5433 347 5506; x_wconf 88' lang='lat' dir='ltr'>Dei</span> <span class='ocrx_word' id='word_1_641' title='bbox 370 5433 443 5504; x_wconf 82' lang='lat' dir='ltr'>filio</span> <span class='ocrx_word' id='word_1_642' title='bbox 470 5444 505 5501; x_wconf 89' lang='lat' dir='ltr'>et</span> <span class='ocrx_word' id='word_1_643' title='bbox 532 5431 576 5500; x_wconf 90' lang='lat' dir='ltr'>de</span> <span class='ocrx_word' id='word_1_644' title='bbox 592 5427 729 5524; x_wconf 89' lang='lat' dir='ltr'>Spiritu</span> <span class='ocrx_word' id='word_1_645' title='bbox 743 5425 873 5500; x_wconf 88' lang='lat' dir='ltr'>Sancto</span> <span class='ocrx_word' id='word_1_646' title='bbox 897 5429 1037 5514; x_wconf 83' lang='lat' dir='ltr'>docent,</span> <span class='ocrx_word' id='word_1_647' title='bbox 1088 5439 1147 5496; x_wconf 92' lang='lat' dir='ltr'>tur</span> <span class='ocrx_word' id='word_1_648' title='bbox 1171 5449 1342 5498; x_wconf 88' lang='lat' dir='ltr'>summam</span> <span class='ocrx_word' id='word_1_649' title='bbox 1367 5431 1549 5505; x_wconf 88' lang='lat' dir='ltr'>doctrinae</span> <span class='ocrx_word' id='word_1_650' title='bbox 1571 5433 1810 5533; x_wconf 89' lang='lat' dir='ltr'>Christianae,</span> <span class='ocrx_word' id='word_1_651' title='bbox 1845 5473 1935 5543; x_wconf 89' lang='lat' dir='ltr'>quae</span> <span class='ocrx_word' id='word_1_652' title='bbox 1955 5451 2073 5530; x_wconf 88' lang='lat' dir='ltr'>adhuc</span> 
     </span>
     <span class='ocr_line' id='line_1_52' title="bbox 92 5531 1919 5612; baseline 0.03 -12"><span class='ocrx_word' id='word_1_653' title='bbox 92 5535 278 5612; x_wconf 75' lang='lat' dir='ltr'>&#39;llrsssrrn</span> <span class='ocrx_word' id='word_1_654' title='bbox 296 5541 401 5606; x_wconf 77' lang='lat' dir='ltr'>Osse.</span> <span class='ocrx_word' id='word_1_655' title='bbox 428 5535 592 5607; x_wconf 69' lang='lat' dir='ltr'>vonxt.</span> <span class='ocrx_word' id='word_1_656' title='bbox 1393 5531 1442 5602; x_wconf 72' lang='lat'>36</span> <span class='ocrx_word' id='word_1_657' title='bbox 1908 5563 1919 5580; x_wconf 59' lang='grc'><em>’</em></span> 
     </span>
    </p>
   </div>
   <div class='ocr_carea' id='block_1_4' title="bbox 0 0 2312 5814">
    <p class='ocr_par' dir='ltr' id='par_1_4' title="bbox 0 0 2312 5814">
     <span class='ocr_line' id='line_1_53' title="bbox 0 0 2312 5814; baseline 0 0"><span class='ocrx_word' id='word_1_658' title='bbox 0 0 2312 5814; x_wconf 95' lang='lat' dir='ltr'> </span> 
     </span>
    </p>
   </div>
  </div>
 </body>
</html>
