4704 5826
104 303 180 378 eu
666 297 826 377 naor.
861 297 937 378 on
969 287 1284 378 nocrnma·
1316 293 1583 379 aaaron
2004 407 2007 412 Ι
2067 307 2144 383 stc

104 471 256 548 brorum
279 469 433 570 positus,
458 469 689 560 substentitta,
723 476 908 569 qualitates
934 489 968 547 et
990 473 1104 546 officia
1153 468 1320 542 Hmnans
1337 493 1436 541 mens
1449 473 1606 562 agnoscit
1621 488 1783 547 artemet
1797 475 1980 566 opificem,
2000 493 2034 548 et
2048 481 2144 551 videt

105 579 211 664 scire,
224 601 266 650 ae
282 579 484 662 observare,
496 601 591 671 quae
606 575 737 670 quibus
749 578 939 648 foveantur
953 591 1014 648 aut
1031 577 1105 650 lae-
1152 574 1314 664 inseipsa
1333 575 1630 664 expressissimum
1648 578 1779 647 deDeo
1796 579 2038 650 testimonium
2047 584 2142 650 noli-

104 684 250 756 dantur.
301 667 400 751 Haec
426 678 754 774 quantulacumque
778 680 933 769 cognitio
960 681 1111 770 prodest
1153 673 1223 746 cias
1238 699 1468 744 numerorum
1485 692 1518 746 et
1533 679 1687 762 ordinis,
1709 681 1897 750 discrimen
1912 677 2141 753 honestarum

104 785 151 854 ad
166 784 334 855 vitandos
352 782 485 854 multos
499 782 663 868 morbos,
688 803 791 872 saepe
809 781 916 852 etiam
942 776 1103 872 philoso·
1151 790 1187 846 et
1215 779 1373 868 turpium
1407 769 1615 867 actionum,
1646 782 1800 873 quaein
1832 797 1949 854 mente
1981 779 2144 856 humana.
2230 831 2235 842 -

102 881 210 977 phica
225 885 408 976 diligentia
425 883 556 974 depelli
572 897 722 974 possunt
737 905 862 955 recens
877 885 959 952 ‘nati
984 883 1102 952 morbi
1152 879 1252 970 quasi
1268 891 1409 948 aeterno
1425 893 1525 970 septo
1540 882 1724 950 distinctae
1736 897 1832 954 scrut.
1884 883 1956 956 Res
1980 888 2066 956 tales
2090 888 2137 958 ita

103 1000 297 1080 antequam
311 987 561 1068 confirmatur,
586 985 717 1078 quibus
733 999 854 1076 postea
879 985 1007 1054 medici
1024 985 1102 1053 fru-
1151 1003 1232 1050 casu
1248 1005 1289 1048 ex
1305 983 1430 1050 atomis
1446 982 1613 1052 conflatas
1630 1008 1702 1051 esse
1717 985 1935 1074 impossibile
1953 1003 2013 1060 est.
2065 989 2138 1058 lta-

103 1105 178 1162 stra
193 1083 405 1158 adhiberent
421 1085 586 1158 remedia.
639 1084 680 1158 ld
697 1086 863 1156 lieri-non
878 1101 1009 1177 potest,
1031 1087 1101 1153 nisi
1151 1105 1222 1174 que
1255 1105 1356 1172 saepe
1386 1084 1484 1175 quasi
1511 1085 1653 1152 intuens
1677 1082 1879 1166 hominem,
1914 1101 1948 1157 et
1971 1091 2010 1157 in
2034 1093 2143 1160 nobis.

102 1190 266 1282 corporis
295 1185 446 1260 humani
474 1186 674 1258 aedilicium
695 1187 817 1280 aliquo
843 1191 950 1256 modo
974 1201 1100 1258 notum
1149 1185 1237 1273 ipsis
1257 1179 1342 1252 hacc
1366 1185 1509 1273 vestigia
1536 1187 1605 1256 Dei
1627 1188 1796 1270 lustrans,
1829 1185 2036 1260 cohorresco
2061 1207 2167 1264 toto.

102 1293 162 1367 sit.
214 1289 328 1383 Saepe
352 1291 391 1359 in
416 1289 543 1360 subitis
563 1288 732 1380 periculis
754 1289 890 1359 orificio
912 1289 1100 1359 ventriculi
1150 1307 1320 1374 corpore,
1346 1289 1504 1359 acdoleo
1522 1302 1654 1358 tantam
1670 1289 1740 1357 Dei
1757 1291 2011 1378 neglectionem
2031 1295 2141 1363 nobis

102 1391 273 1466 accidunt
287 1390 492 1476 accidentia,
518 1413 609 1484 qnae
623 1391 662 1460 in
678 1404 837 1488 tempore
853 1392 1097 1461 animadversa
1149 1385 1337 1476 obrepere,
1375 1413 1456 1458 cum
1493 1403 1563 1458 tam
1595 1391 1778 1480 perspicua
1813 1407 1846 1461 et
1873 1417 1946 1461 non
1977 1396 2138 1466 fallentia

102 1496 209 1567 facile
237 1493 351 1566 arceri
380 1507 547 1586 possunt,
586 1493 744 1585 neglecta
772 1515 858 1562 vero
887 1516 1008 1564 necem
1036 1495 1100 1562 ad·
1149 1489 1351 1558 testimonia
1371 1491 1415 1558 de
1436 1512 1509 1558 sese
1524 1493 1628 1560 nobis
1646 1492 1876 1580 impresserit,
1901 1497 1961 1564 scd
1982 1497 2136 1566 assensio

103 1599 238 1668 ferunt.

208 1693 275 1770 Est
304 1711 423 1770 autem
454 1695 663 1768 manifestus
686 1695 813 1784 furor,
859 1720 934 1767 non
964 1695 1099 1766 moveri

103 1825 190 1874 cura
209 1801 361 1872 mendae
375 1799 470 1870 vitae
492 1811 529 1870 ct
551 1797 784 1880 valetudinis,
811 1822 918 1892 quam
941 1813 975 1868 ct
996 1822 1099 1890 prae-

85 1905 193 1996 cipit
216 1899 313 1973 Deus
333 1897 371 1972 et'
396 1900 553 1972 adiuvat.
606 1898 695 1970 Vult
717 1899 813 1970 enirn
834 1913 870 1972 et
892 1923 966 1970 esse
989 1923 1099 1989 genus

8 2043 11 2064 ι
101 2003 303 2077 humanum
321 2015 356 2073 et
372 2001 411 2072 in
428 1997 495 2074 hac
511 2001 655 2072 mortali
670 2001 743 2072 vita
760 2002 963 2094 praeparari
981 1998 1099 2071 homi-

103 2129 169 2177 nes
184 2108 230 2176 ad
244 2119 422 2176 aeternam
438 2098 781 2176 coelestisliicclesiae
794 2105 1099 2177 consuetudinem.

101 2208 179 2280 Nec
200 2208 318 2278 subito
345 2207 423 2278 vult
447 2205 605 2294 extingui
628 2227 772 2288 omnes,
807 2208 866 2274 sed
894 2207 1098 2297 superstites

105 2335 182 2382 esse
198 2311 336 2404 aliquos
352 2321 497 2399 propter
513 2307 696 2378 iuniorum
713 2308 969 2394 educationem,
995 2307 1097 2378 insti-

104 2413 303 2494 tutionem,
331 2410 573 2480 defensionem
594 2422 628 2480 et
645 2409 952 2498 gubernationem.
1003 2407 1099 2479 Haec

102 2513 173 2586 Dei
190 2513 353 2584 voluntas
367 2535 470 2603 saepe
489 2511 745 2582 corrsideranda
768 2526 859 2598 erat,
887 2527 920 2583 et
944 2524 984 2584 ut
1005 2515 1097 2582 vitae

104 2640 215 2686 onera
231 2627 266 2686 et
281 2611 347 2686 hos
362 2635 567 2684 communes
582 2613 720 2683 labores
733 2614 852 2684 minus
866 2615 1013 2683 moleste
1026 2616 1098 2684 fer-

102 2743 244 2802 remus,
286 2728 322 2786 et
346 2728 388 2786 ut
410 2709 496 2786 haec
519 2713 659 2802 fragilia
685 2737 831 2804 corpora
859 2717 993 2784 maiore
1016 2717 1098 2784 dili-

103 2823 221 2912 gentio
239 2832 383 2910 propter
400 2818 618 2888 voluntatem
632 2811 702 2884 Dei
723 2832 757 2886 et
773 2815 923 2886 aliorum
944 2819 1095 2887 necessi-

101 2936 211 2992 tatem
231 2920 443 2990 foveremus.

135 3025 139 3032 “
185 3019 299 3093 'Cum
321 3033 439 3090 autem
456 3031 539 3090 nota
556 3019 602 3090 sit
620 3013 705 3088 haec
725 3022 838 3112 prima
855 3019 991 3092 utilitas
1009 3042 1095 3087 ron-

104 3123 331 3194 sidcrationis
363 3117 512 3192 humani
543 3122 718 3212 corporis,
756 3126 883 3193 accedo
918 3124 960 3188 ad
997 3121 1095 3188 alias.

103 3225 236 3298 Nutrix
252 3239 303 3296 est
322 3225 513 3294 multarum
538 3221 712 3294 virtutum
737 3219 823 3292 hacc
844 3226 918 3314 ipsa
943 3223 1095 3312 aspectio

104 3328 257 3400 aedilicii
285 3327 480 3398 multarum
510 3325 549 3394 in
578 3323 683 3394 nobis
713 3327 881 3415 partium.
940 3319 987 3391 Et
1011 3323 1094 3414 quia

46 3513 48 3518 Ι
102 3431 219 3523 prima
236 3429 349 3500 virtus
366 3442 434 3512 est,
461 3427 595 3516 agnitio
613 3423 681 3495 Dei
704 3427 856 3516 opificis,
885 3426 986 3494 valde
1008 3449 1094 3493 con-

103 3533 266 3601 firmatur
290 3530 453 3600 adsensio
475 3531 519 3596 de
543 3527 783 3620 providentia,
809 3552 891 3596 cum
914 3527 1094 3596 admiran-

102 3637 310 3705 domantem
328 3633 366 3700 in
384 3645 453 3701 tota
467 3623 702 3700 'fabricatione
719 3624 876 3700 hominis
891 3629 1094 3698 considera-

101 3757 204 3816 mns,
235 3734 279 3803 de
302 3757 370 3826 qua
395 3757 470 3802 non
493 3747 623 3804 temere
644 3732 778 3800 dictum
803 3745 871 3811 est,
911 3726 1093 3800 homiuem

102 3861 178 3906 esse
195 3859 342 3926 parvum
363 3837 555 3915 mundum,
581 3833 664 3925 quia
687 3857 785 3902 inens
807 3832 923 3922 imago
941 3830 1006 3900 Dei
1031 3845 1095 3910 cst,

100 3937 281 4028 fastigium
296 3931 453 4006 hominis
468 3935 662 4013 cerebrum,
686 3934 787 4003 nervi
803 3950 836 4005 et
853 3935 1009 4024 spiritus,
1032 3933 1094 4024 qui

101 4042 302 4129 gubernant
316 4059 439 4106 omnes
454 4035 630 4114 actiones,
654 4035 844 4106 coelestem.
857 4056 1019 4108 naturam
1037 4059 1093 4103 re-

100 4143 239 4212 ferunt:
266 4139 386 4210 culina
399 4139 546 4230 gignens
559 4136 786 4222 alimentum,
806 4153 919 4208 terrae
935 4153 968 4210 et
983 4161 1093 4230 aquae

104 4243 259 4313 similior
281 4254 344 4316 est.
409 4237 621 4312 Conantem
644 4241 740 4332 quod
768 4239 923 4310 fons'est
945 4241 1036 4307 vitae
1059 4250 1094 4308 ct

100 4343 234 4424 vivifici
258 4341 386 4412 caloris
409 4341 487 4412 Soli
509 4341 700 4411 rectissime
728 4342 883 4412 conferri
916 4340 1092 4409 existimo.

100 4445 177 4517 Iam
192 4443 353 4534 singulae
367 4451 485 4535 pa'rtes
499 4441 548 4514 ita
563 4455 644 4534 apte
658 4441 868 4514 distributae
891 4456 973 4512 sunt
996 4439 1092 4525 locis,

99 4563 137 4620 et
151 4546 338 4618 distinctae
353 4545 517 4629 materia,
541 4543 678 4634 liguris,
704 4544 950 4636 qualitatibus,
974 4557 1017 4614 ut
1032 4567 1093 4612 or-

99 4650 187 4721 dine
204 4671 245 4718 ac
271 4661 345 4718 arte
368 4645 642 4730 convincamur,
668 4638 760 4714 hanc
785 4669 903 4718 rerum
928 4663 1090 4717 naturam

99 4771 325 4846 nequaquam
344 4771 425 4818 casu
448 4747 622 4832 extitisse,
646 4745 707 4814 sed
732 4769 805 4816 esse
825 4765 977 4819 mentem
1005 4769 1091 4816 con-

98 4852 283 4936 ditricem,
310 4851 459 4944 quaeda
477 4873 550 4921 sese
563 4846 806 4921 testimouium
824 4865 941 4922 extare.
964 4852 1001 4919 in
1024 4843 1092 4916 ho-

1148 1591 1193 1658 de
1222 1591 1448 1682 providentia
1470 1593 1610 1661 firmior
1636 1599 2028 1676 esset‚1etreverentia
2056 1622 2136 1688 erga

1146 1687 1265 1761 Deum
1289 1694 1424 1779 maior,
1455 1695 1485 1761 si
1507 1717 1609 1785 saepe
1638 1710 1672 1765 et
1693 1708 1822 1766 attente
1846 1693 1913 1766 ltoc
1938 1701 2138 1770 aedilicium

1147 1793 1392 1884 aspiceremus.
1452 1793 1525 1864 lam
1552 1811 1684 1889 quanto
1711 1791 1779 1867 hoc
1806 1799 2052 1872 admirabilius
2073 1817 2137 1886 est,

1147 1896 1245 1988 quod
1260 1919 1315 1965 res
1340 1897 1596 1968 diversissimas
1619 1899 1657 1966 in
1680 1893 1844 1984 homine,
1871 1905 1970 1992 quasi
1996 1905 2034 1972 in
2056 1928 2138 1994 par-

1147 2021 1230 2066 vum
1260 1999 1437 2068 mundum
1466 2000 1610 2070 inclusit
1636 1995 1865 2082 architectus,
1913 2005 2067 2074 culinam
2104 2020 2138 2076 et

1146 2112 1313 2174 mentem.
1384 2148 1385 2152 =

1247 2198 1338 2272 Cum
1355 2198 1462 2273 homo
1478 2203 1643 2274 conditus
1657 2205 1702 2274 sit
1719 2208 1762 2274 a'd
1782 2207 1970 2298 imaginem
1987 2223 2022 2280 et
2046 2210 2136 2278 ccle-

1147 2302 1346 2374 b'rationern
1363 2303 1448 2384 Dei,
1476 2321 1510 2376 et
1527 2321 1567 2376 nt
1582 2308 1721 2377 fruatur
1737 2309 1811 2378 eius
1834 2310 2005 2400 sapientia
2022 2324 2055 2380 et
2073 2313 2138 2380 bo-

1147 2407 1256 2476 nitate
1276 2407 1315 2474 in
1337 2408 1436 2478 omni
1461 2409 1682 2493 aeternitate,
1722 2411 1806 2501 quid
1830 2435 1919 2503 opus
1941 2427 1991 2482 est
2007 2414 2137 2496 culina,

1148 2531 1237 2600 quae
1255 2509 1322 2578 erit
1340 2511 1456 2579 ociosa
1475 2511 1513 2579 in
1531 2511 1590 2578 illa
1612 2525 1773 2580 aeternae
1789 2510 1967 2582 Ecclesiae
1988 2539 2136 2584 consue·

1148 2611 1283 2683 tudine.
1343 2611 1413 2682 Sed
1439 2607 1533 2680 haud
1560 2613 1668 2680 dubie
1690 2614 1779 2683 facta
1802 2629 1854 2683 est
1880 2611 2005 2685 harum
2028 2618 2136 2684 dissi·-

1147 2713 1377 2782 millimarum
1404 2732 1522 2784 rerum
1546 2715 1744 2805 copulatio,
1781 2716 1919 2786 culinae
1941 2734 1974 2788 et
1998 2721 2136 2802 mentis,

1147 2809 1238 2882 hanc
1253 2815 1364 2904 ipsam
1381 2817 1427 2884 oh
1443 2837 1600 2898 causam,
1627 2817 1708 2907 quia
1725 2813 1822 2884 Deus
1843 2819 1880 2901 in
1905 2815 1970 2888 hac
1999 2819 2067 2887 vita
2092 2821 2136 2887 il-

1148 2916 1216 2984 lius
1238 2930 1402 2986 aeternae
1426 2916 1533 3001 lucis,
1573 2932 1608 2988 et
1630 2919 1721 2986 vitae
1743 2917 1843 2990 initia
1878 2923 1952 2990 vult
1983 2924 2137 2995 accendi.

1147 3017 1235 3087 Vult
1251 3041 1345 3087 nunc
1361 3041 1503 3111 quoque
1520 3043 1586 3087 nos
1600 3042 1673 3088 esse
1688 3041 1750 3088 sua
1767 3022 1916 3111 templa,
1939 3047 2045 3116 quare
2061 3041 2136 3094 stu·

1146 3120 1203 3187 dia
1219 3121 1295 3190 sinc
1307 3122 1527 3199 ardentiora,
1551 3144 1641 3211 quae
1659 3123 1750 3189 viam
1766 3123 1810 3190 ad
1828 3123 1902 3192 cius
1920 3125 2136 3212 agnitionem

1146 3225 1356 3305 ostendunt,
1383 3238 1417 3290 et
1441 3223 1492 3318 sit
1508 3245 1591 3290 cura
1612 3224 1727 3292 maior
1750 3227 1893 3314 regendi
1917 3251 2053 3305 nrores,
2087 3229 2134 3298 ita

1146 3335 1185 3391 ut
1209 3317 1294 3390 haec
1319 3327 1393 3414 ipsa
1409 3321 1476 3391 Dei
1497 3323 1566 3392 vox
1591 3347 1722 3392 sorraus
1745 3325 1781 3392 in
1803 3328 1933 3394 nostris
1956 3330 2134 3398 mentibus

1146 3423 1326 3513 praecipit.
1355 3444 1359 3452 ·
1375 3421 1447 3494 Nec
1461 3437 1598 3492 tanturn
1613 3426 1791 3494 convincit
1808 3452 1874 3495 nos
1888 3424 1944 3496 hic
1960 3431 2068 3514 ordo,
2096 3445 2134 3502 ut

1145 3547 1218 3594 esse
1240 3523 1353 3593 Deum
1382 3526 1484 3594 fateri
1515 3549 1697 3614 cogamur,
1733 3530 1792 3595 sed
1817 3529 1920 3598 etiam
1942 3531 2055 3622 qualis
2079 3533 2136 3616 sit,

1145 3641 1286 3708 monet,
1313 3641 1346 3694 et
1361 3627 1549 3716 imaginem
1568 3629 1835 3714 gubernationis
1853 3631 1995 3701 divinae
2011 3633 2049 3700 in
2068 3660 2133 3703 uo·

1145 3729 1199 3797 bis
1226 3727 1516 3798 circumferimus.
1583 3727 1676 3801 'l'ota
1706 3732 1900 3824 antiquitas
1929 3730 1996 3804 hoc
2026 3735 2132 3804 morlo

1144 3831 1326 3900 distribuit
1347 3825 1503 3900 hominis
1525 3830 1634 3910 vires,
1677 3831 1765 3903 dixit
1790 3835 1828 3902 in
1853 3836 1957 3904 nobis
1989 3858 2060 3904 esse
2089 3833 2131 3908 ati

1144 3926 1388 4029 ἡγεμονικὸν,
1435 3929 1479 4002 τὸ
1516 3929 1726 4022 &optadus
1751 3934 1815 4006 καὶ
1843 3933 1885 4007 τὸ
1917 3934 2132 4029 θρεπτικὸν.

1144 4029 1365 4132 ἡγεμονικὸν
1381 4035 1540 4104 continet
1556 4036 1706 4105 noticias
1722 4037 1883 4107 rectrices
1900 4043 2003 4109 vitae.

1247 4133 1419 4204 Haesura
1435 4137 1635 4206 discernant
1653 4132 1797 4208 honesta
1815 4155 1849 4208 et
1866 4143 1995 4232 turpia,
2015 4157 2132 4211 osteu-

1144 4238 1233 4305 dunt
1263 4237 1377 4330 qualis
1409 4237 1454 4306 sit
1477 4235 1591 4321 Deus,
1631 4239 1795 4310 videlicet
1818 4244 1976 4332 sapiens,
2017 4269 2131 4328 veratx,

1143 4341 1275 4422 bonus,
1300 4339 1494 4423 beneficus,
1520 4340 1643 4422 iustus,
1670 4359 1794 4422 castus,
1818 4345 2001 4414 liberrime
2016 4369 2132 4432 ageris,

1144 4439 1272 4508 vindex
1303 4441 1494 4524 scelerum,
1527 4441 1632 4508 talem
1666 4443 1898 4534 intelligimus
1930 4472 2004 4516 esse
2031 4449 2129 4518 illam

1142 4541 1311 4632 optimam
1335 4556 1487 4611 utentem
1517 4537 1835 4634 architectaricem,
1871 4573 1960 4644 qnae
1985 4550 2129 4642 quidem

1142 4659 1175 4714 et
1189 4665 1255 4712 nos
1268 4643 1345 4714 vult
1360 4667 1439 4713 cum
1457 4637 1647 4736 archetypo
1663 4671 1868 4736 congruere.

1241 4739 1289 4816 Et
1309 4760 1349 4816 ut
1365 4744 1555 4814 discrimen
1578 4739 1645 4816 hoc
1669 4741 1896 4823 honestarum
1917 4765 1950 4822 et
1971 4753 2130 4844 turpium

1140 4833 1321 4940 actionum
1343 4847 1480 4917 firmins
1500 4862 1607 4931 esset,
1633 4851 1771 4922 addidit
1786 4849 1952 4945 θυμικὸν
1970 4854 2006 4922 in
2025 4859 2132 4926 corde

97 4957 238 5026 minum
257 4966 401 5038 natura,
428 4951 537 5046 idque
554 4949 695 5022 anobis
717 4953 857 5039 agnosci
882 4967 916 5024 et
939 4950 1092 5037 intelligi
1140 4962 1284 5019 aeterno
1300 4963 1333 5018 et
1348 4948 1563 5018 immutabili
1582 4951 1728 5035 ordine,
1754 4955 1895 5024 dolores
1914 4956 2070 5026 exitiales
2093 4959 2131 5026 in

99 5058 197 5128 velit.
224 5051 357 5124 Verum
372 5067 424 5126 est
439 5047 531 5124 hanc
547 5067 655 5124 totam
672 5047 1091 5142 pulcherrimammundi
1140 5053 1245 5120 corde
1276 5051 1507 5121 violationem
1538 5051 1754 5124 discriminis
1778 5056 1876 5127 illius
1905 5057 2132 5144 concitantur,

97 5153 321 5241 machinam,
346 5156 519 5246 templum
537 5151 710 5238 Reicere,
736 5169 771 5224 et
792 5154 960 5247 impressa
982 5153 1090 5225 vesti·
1139 5166 1177 5222 ut
1201 5166 1348 5224 naturae
1366 5152 1534 5223 extinctio
1557 5152 1729 5225 iudicium
1751 5153 1933 5228 architecti
1958 5163 2133 5238 ostendat.

98 5261 156 5352 gia
172 5252 353 5330 architecti
373 5255 494 5328 multis
509 5257 685 5348 partibus,
710 5258 769 5326 sed
791 5279 833 5327 eo
855 5259 965 5348 magis
980 5253 1087 5327 homo
1140 5251 1250 5323 Vides
1267 5256 1362 5324 cuim
1379 5253 1418 5322 ia
1435 5249 1582 5323 lanariae
1604 5255 1731 5346 pictam
1757 5283 1831 5330 esse
1850 5260 2003 5332 formam
2027 5263 2132 5334 iusti·

97 5361 272 5454 templum
284 5355 356 5452 Dei
375 5372 446 5444 est,
478 5358 562 5453 quia
585 5371 719 5429 caetera
741 5381 889 5451 corpora
913 5385 993 5432 cum
1016 5356 1090 5428 sint
1138 5355 1232 5436 ciac,
1258 5355 1438 5448 praelucet
1453 5355 1491 5426 in
1507 5349 1718 5456 ἡγεμονικῷ
1733 5374 1825 5431 recta
1843 5361 1996 5446 noticia,
2020 5377 2056 5435 et
2072 5391 2135 5435 co-

98 5466 175 5536 sine
205 5475 344 5548 mente,
385 5485 460 5532 non
486 5473 681 5552 agnoscunt
707 5471 820 5530 artem
850 5475 884 5534 et
915 5461 1088 5555 opificem.
1138 5480 1211 5528 mes
1233 5472 1285 5530 est
1308 5457 1436 5530 vindex
1457 5459 1686 5547 iustissimus,
1711 5476 1744 5531 et
1767 5463 2002 5558 implacabilis
2025 5467 2133 5540 dolor
