4614 5820
68 207 180 346 sss
446 209 734 370 nacmssoa
770 261 1234 365 anourrsruur
1268 257 1413 343 1una
1443 265 1724 352 samaro,
2036 275 2114 356 ιιι

67 465 132 516 nes
144 433 346 534 inspeciem
363 429 585 534 probabiles,
607 423 646 513 iu
667 434 912 514 humanarum
932 443 1063 514 volun·
1084 439 1091 502 l
1115 438 1207 510 ferre
1221 440 1265 510 ad
1284 463 1401 512 casum
1417 441 1574 515 alienum
1587 440 1611 515 *a
1629 446 1821 538 principali
1842 449 2040 522 intentione
2055 439 2108 520 le·

66 557 177 617 tatum
189 543 411 630 actionibus,
435 563 527 638 quae
543 568 606 616 sua
621 557 750 616 natura
767 542 963 617 admodum
980 557 1064 616 sunt
1086 507 1090 576 Ι
1114 541 1181 632 gis.
1239 537 1329 612 Erat
1357 541 1395 612 in
1417 543 1502 636 Llege
1526 544 1675 620 Sabbati
1702 551 1911 644 principalis
1939 553 2109 624 intentio:

65 646 253 734 flexibiles,
278 659 314 717 st
337 658 484 745 propter
503 646 708 720 varietatem
731 669 918 718 causarum
942 647 1064 719 etcir-
1115 636 1313 744 quhibere
1328 667 1454 736 operas
1475 647 1639 736 serviles,
1666 645 1815 740 horest,
1841 655 2018 738 assiduas,
2044 656 2104 724 ab·

64 747 347 820 cunstautiarum
360 747 487 840 agitari
501 749 601 820 varie
618 759 778 841 possunt.
1113 747 1282 816 ducentes
1295 769 1315 816 a
1328 749 1537 818 ceremoniis
1552 751 1697 824 divinis.
1749 751 1813 826 Est
1829 756 2108 846 igiturstrictum

167 848 288 939 Quare
308 849 488 920 laudanda
520 863 572 922 est
595 845 872 922 Atheniensium
897 847 1063 940 gravitas,
1113 847 1187 932 ius,
1213 847 1250 916 id
1263 861 1314 919 est
1328 849 1606 938 calumniosum,
1631 856 1816 948 complecti
1829 881 1928 930 casus
1941 872 2109 945 caeteros,

63 952 128 1046 qui
147 953 219 1041 lege
234 952 513 1034 constituerunt,
539 965 581 1022 ut
594 953 676 1024 lecti
692 953 828 1024 iudices
845 951 1005 1024 iurarent
1026 975 1063 1022 se
1113 949 1216 1020 idest
1233 950 1445 1022 domesticae
1456 955 1671 1026 necessitatis
1685 978 1826 1048 operas,
1849 984 1939 1055 quae
1954 985 2027 1030 non
2043 963 2108 1030 ab-

63 1055 361 1144 pronuuciaturos
376 1055 563 1126 esseiuxta
577 1055 690 1144 leges,
716 1049 871 1139 horest,
894 1077 969 1126 uon
986 1054 1063 1146 pri·
1112 1051 1249 1122 ducunt
1272 1075 1292 1121 a
1313 1055 1535 1131 ceremoniis.
1593 1056 1716 1153 ltaque
1746 1075 1866 1133 noster
1883 1073 1997 1134 textus
2026 1085 2108 1132 sen·

64 1169 145 1226 vato
160 1157 331 1238 arbitrio,
356 1179 432 1226 non
447 1157 692 1227 commenticia
707 1156 827 1251 aliqua
847 1155 965 1248 legum
982 1179 1063 1226 mo-
1111 1153 1258 1224 teutiam
1289 1155 1414 1225 utilem
1444 1157 1557 1243 vitae,
1597 1161 1776 1249 muribus,
1818 1165 1897 1255 paci
1932 1165 2106 1236 continet.

63 1258 257 1331 deratione.
311 1253 540 1348 Experisutia
567 1257 690 1332 docuit
711 1259 822 1330 vitam
855 1281 931 1330 nou
959 1279 1061 1351 posse
1111 1249 1202 1325 Cum
1230 1255 1330 1328 iubet
1356 1258 1521 1352 scriptam
1551 1263 1762 1356 aequitatem
1785 1266 1903 1359 sequi,
1940 1261 2107 1360 probibet

62 1359 326 1450 mrerescripto
343 1359 440 1444 iure,
460 1360 522 1430 sed
541 1382 694 1430 vosnon
710 1361 826 1432 solum
844 1359 1063 1454 experientia
1112 1357 1317 1450 tyrannides
1353 1371 1387 1428 et
1413 1361 1618 1452 potentibus
1646 1366 1786 1436 frenum
1817 1367 1950 1454 inlicit,
1986 1391 2032 1438 ne
2064 1392 2106 1438 ex

61 1460 294 1546 moveamini,
329 1462 391 1530 sed
424 1460 680 1556 multomagis
713 1461 897 1534 voluntate
923 1461 1060 1534 divina:
1111 1457 1250 1548 privato
1272 1459 1422 1532 arbitrio
1449 1487 1505 1534 res
1527 1465 1697 1544 iudicent.
1756 1469 1852 1540 Deus
1867 1469 1962 1540 enim
1978 1469 2055 1540 vult
2072 1483 2109 1542 ιι

60 1559 160 1634 Deus
182 1563 258 1632 vult
280 1561 410 1653 scripto
435 1561 515 1632 iure
541 1562 650 1634 vitam
673 1565 766 1656 regi,
796 1589 817 1635 a
843 1587 915 1658 quo
935 1563 1062 1636 silicet
1111 1559 1207 1652 ipsos
1224 1562 1478 1650 gubernatores
1491 1567 1604 1638 teneri
1621 1568 1775 1658 legibus,
1798 1596 1874 1641 nun
1897 1573 1973 1642 vult
1990 1595 2107 1642 caecas

61 1665 243 1734 discedere
265 1663 405 1756 privato
435 1663 603 1747 arbitrio,
638 1666 728 1736 levis
751 1666 819 1738 erit
844 1666 900 1738 ius
924 1664 1062 1753 autori-
1111 1685 1236 1732 eorum
1256 1663 1468 1757 cupiditates
1491 1669 1689 1758 dominari,
1722 1673 1801 1743 vnlt
1821 1674 1959 1764 legibus
1973 1674 2106 1744 civium

61 1777 133 1851 tas,
152 1781 194 1839 ,ιι
215 1766 442 1860 quantumin
459 1767 620 1859 exemplo
641 1768 728 1840 mali
742 1782 806 1844 est.
857 1763 996 1838 Deinde
1010 1766 1061 1838 ita
1110 1763 1242 1850 vitam,
1266 1791 1432 1858 corpora,
1456 1771 1637 1858 fortunas,
1663 1775 1845 1844 connubia
1862 1777 1997 1846 munita
2020 1797 2105 1846 esse.

62 1868 196 1948 sentio,
223 1882 264 1940 ut
279 1867 505 1958 Magistratui
520 1869 677 1941 officium
697 1883 791 1942 recte
806 1870 951 1942 facienti
964 1867 1063 1942 Deus
1109 1864 1194 1936 Nou
1216 1866 1325 1958 igitur
1346 1873 1558 1942 sumendum
1581 1889 1631 1946 est
1654 1899 1695 1946 ex
1720 1877 1948 1948 facultatibus
1973 1877 2106 1948 civium

62 1994 126 2040 nos
149 1993 273 2061 parcre
300 1969 418 2056 iussit,
453 1971 503 2042 ita
527 1971 645 2061 legum
671 1971 750 2042 voci
775 1973 971 2064 parendum
997 1983 1063 2046 est.
1112 1981 1284 2062 quantum
1314 1969 1417 2040 aulae
1445 1989 1593 2064 possunt
1623 1977 1858 2068 profundere,
1886 2003 1960 2049 non
1981 1991 2105 2050 contra

63 2069 195 2142 Melius
210 2072 320 2161 igitur
335 2067 533 2144 Architecti
551 2073 736 2145 dixerunt:
770 2072 876 2164 Lapis
894 2075 939 2143 ad
955 2095 1061 2163 regu-
1111 2069 1277 2162 scriptam
1300 2073 1514 2166 aequitatem
1537 2079 1768 2151 saeviendum
1789 2079 1828 2150 in
1849 2105 2019 2173 corpora,
2045 2095 2107 2152 aut

61 2172 150 2258 lam,
175 2197 250 2244 non
275 2173 396 2262 regula
421 2175 467 2244 ad
485 2173 641 2266 lapidem
663 2176 966 2246 accommodanda
990 2189 1059 2246 cst:
1110 2170 1221 2242 vitam
1241 2175 1484 2246 modestorum
1514 2177 1658 2252 civium.
1719 2179 1843 2254 Cernit
1863 2179 1962 2252 Deus
1984 2181 2104 2252 omnia

61 2273 96 2344 id
114 2276 228 2365 magis
246 2278 472 2366 probandum
490 2289 544 2348 est
589 2300 697 2370 quam
717 2278 812 2370 quod
833 2278 878 2346 de
892 2277 1060 2368 plumbea
1110 2271 1261 2360 vindex,
1287 2273 1350 2368 qui
1365 2287 1549 2366 potentum
1568 2280 1697 2352 iniusta
1709 2281 1867 2356 facinora
1881 2283 2018 2374 magnis
2034 2285 2106 2354 cla-

61 2378 181 2466 rcgula
198 2373 517 2449 dixitAristoteles
552 2329 670 2450 iteca
686 2377 796 2470 igitur
811 2389 925 2450 textus
939 2391 1061 2448 noster
1110 2373 1216 2446 dibus
1226 2378 1354 2467 punire
1364 2377 1465 2449 solet.
1503 2377 1766 2473 scriptumest:
1792 2385 2106 2478 Regnumagente

61 2477 97 2548 in
113 2479 191 2568 lege
207 2477 365 2564 Placuit,
399 2478 498 2549 iubet
525 2479 691 2571 scriptam
713 2479 925 2574 aequitatem
950 2479 1060 2573 sequi.
1109 2475 1306 2566 ingentem
1329 2481 1556 2568 transfertur,
1582 2499 1726 2576 propter
1746 2487 1906 2560 iniurias.
1944 2483 2106 2560 'Rursus

62 2575 174 2672 ldque
196 2603 335 2671 semper
355 2579 610 2674 aequissimum
633 2604 708 2652 esse
722 2573 936 2666 statuamus,
962 2582 1059 2675 quod
1109 2577 1215 2648 etiam
1248 2590 1364 2653 textus
1396 2595 1519 2654 noster
1543 2587 1697 2660 occurrit
1731 2589 1835 2660 alteri
1862 2590 1973 2676 malo,
2007 2591 2103 2684 quod

61 2681 97 2750 iu
131 2683 213 2772 lege
245 2683 344 2772 gravi
375 2682 525 2752 consilio
564 2696 702 2774 recepta
734 2683 967 2754 constitutum
994 2695 1058 2754 est.
1108 2692 1292 2774 praetextu
1311 2683 1436 2774 scripti
1460 2699 1589 2756 contra·
1606 2687 1777 2760 iustitiam
1801 2691 1903 2771 facit,
1938 2691 2106 2764 videlicet

61 2782 133 2854 Cur
147 2783 261 2874 igitur
274 2783 444 2856 discernit
458 2795 574 2856 textus
588 2783 650 2854 ille
665 2785 831 2877 scriptam
845 2784 1058 2878 aequitatem
1109 2774 1338 2874 sophisticae,
1363 2807 1425 2854 seu
1437 2785 1677 2859 calumniosae
1692 2791 1992 2882 interpretationi3
2020 2805 2104 2863 nam
2182 2813 2185 2820 ’

61 2886 174 2956 aiure
190 2886 331 2971 stricto,
356 2888 452 2980 quud
469 2885 568 2956 aliud
585 2909 659 2954 non
675 2887 925 2966 videturesse,
951 2909 1058 2980 quam
1108 2881 1148 2950 in
1174 2894 1270 2952 textu
1292 2897 1415 2955 nostro
1441 2886 1601 2960 strictum
1627 2891 1683 2962 ius
1699 2896 1746 2964 de
1760 2875 1980 2966 calumnioso
1997 2896 2101 2964 intel·

60 2987 184 3080 scripti
206 2989 336 3072 verba,
370 2987 433 3058 sed
459 3009 524 3077 ego
545 2987 706 3058 strictum
733 2988 789 3058 ius
812 2981 882 3058 boc
904 2987 985 3056 luco
1000 3011 1059 3057 ca-
1108 2983 1251 3074 ligitur,
1276 3009 1357 3056 cum
1383 2980 1450 3058 hoc
1473 3011 1613 3082 semper
1635 3009 1768 3085 pugnat
1790 2997 2105 3090 scriptaaeqqitss.

60 3089 275 3160 lumniosam
292 3088 624 3180 interpretationem
637 3089 814 3180 intelligo.
867 3087 989 3159 ludaei
1005 3101 1059 3160 te·
1108 3084 1191 3157 Non
1209 3099 1261 3158 est
1281 3101 1399 3160 autem
1424 3113 1547 3161 rarum
1563 3093 1685 3188 scripti
1701 3111 1882 3190 praetextu
1900 3099 2045 3186 ludere,
2070 3111 2106 3196 et

61 3193 193 3262 nebant
207 3192 317 3262 verba
336 3189 459 3283 scripti
475 3191 521 3260 de
537 3191 703 3272 sabbato,
727 3215 774 3262 ue
789 3191 914 3261 fierent
929 3213 1058 3282 operae
1107 3211 1150 3258 ex
1165 3187 1304 3278 legibus
1318 3189 1455 3282 optimu
1470 3205 1505 3264 et
1519 3193 1644 3266 divino
1658 3195 1808 3270 consilio
1825 3201 1979 3274 conditis
1993 3225 2033 3272 ac
2050 3209 2104 3271 res
2235 3262 2241 3273 .

60 3293 215 3364 serviles.
273 3291 358 3364 ldeo
380 3293 420 3362 in
442 3291 589 3364 sabbato
613 3315 711 3363 nunc
726 3315 870 3388 quoque
889 3292 977 3362 adeo
997 3315 1058 3362 ιιι-
1107 3287 1218 3382 ceptis
1231 3285 1437 3362 Cotburnos
1453 3293 1585 3383 facere,
1608 3297 1670 3390 qui
1685 3323 1811 3391 magna
1835 3299 1985 3394 imperia
2000 3328 2103 3394 saepe

60 3395 300 3488 perstitiosum
314 3407 368 3466 est
381 3393 509 3474 otium,
534 3405 575 3464 ut
590 3415 665 3464 non
680 3395 797 3466 solum
812 3417 889 3464 nou
900 3405 1058 3488 coquant
1106 3389 1261 3480 graviter
1284 3409 1549 3468 concusserunt.
1609 3395 1692 3469 Dixi
1716 3403 1762 3472 de
1792 3415 1890 3474 textu
1915 3406 2003 3496 legis
2020 3405 2103 3476 Pla·

59 3497 189 3580 eodie,
216 3517 290 3566 uon
305 3497 501 3566 accendant
515 3493 614 3585 ignes
628 3496 667 3564 iu
681 3485 908 3580 fornacibus,
931 3497 992 3565 sed
1010 3520 1056 3566 ne
1107 3491 1197 3578 cuit,
1222 3509 1395 3588 quantum
1411 3487 1520 3567 buius
1535 3501 1704 3594 temporis
1715 3506 1875 3594 angustia
1890 3507 1968 3580 fert.
2019 3489 2103 3576 Estss
2229 3567 2232 3576 .

60 3600 202 3694 quidem
229 3612 353 3668 munos
384 3599 577 3688 decerpant
606 3619 670 3669 sua
702 3621 815 3669 mauu
852 3620 874 3668 s
904 3591 1057 3692 lychnis.
1106 3617 1176 3689 que
1192 3617 1329 3692 summa
1344 3595 1417 3676 rei,
1441 3621 1482 3666 ex
1506 3600 1645 3692 scriptis
1659 3603 1798 3694 legibus
1814 3629 1870 3677 res
1894 3607 2103 3678 iudicandas

59 3699 208 3774 Gaumm
236 3698 364 3771 dicunt
397 3721 474 3772 nou
502 3721 623 3771 rerum
651 3698 955 3790 magnitudinem,
995 3711 1055 3770 sut
1106 3717 1200 3781 esse,
1225 3699 1591 3790 neccoucedeudum,
1616 3717 1655 3774 ut
1670 3705 1818 3798 privatis
1835 3709 2008 3792 arbitriis,
2034 3710 2103 3779 bn·

59 3803 231 3896 parvitate
251 3801 471 3872 aestimanda
494 3793 568 3872 essa
587 3796 675 3872 baec
698 3801 834 3888 officia,
858 3802 919 3870 sed
937 3799 1053 3891 legum
1105 3809 1236 3888 gantur
1273 3801 1555 3888 moderationes,
1602 3807 1663 3877 sed
1698 3815 1924 3883 statuendum
1959 3811 1996 3884 id
2029 3835 2103 3882 esse
2192 3837 2193 3840 ¹

59 3905 188 3976 serbis.
259 3900 425 3995 Speciosa
450 3915 502 3972 est
526 3902 643 3974 oratio
662 3915 699 3975 et
717 3927 821 3996 saepe
843 3902 953 3973 valet:
993 3905 1054 3972 sed
1093 3899 1380 3994 aequissimum,
1404 3905 1501 3997 quod
1519 3929 1601 3977 vere
1626 3911 1732 3982 sentit
1752 3911 1827 3998 lex,
1852 3929 2101 4008 nequetamen

60 4020 177 4080 ιιιιιιιι
208 3998 277 4075 bae
305 4005 498 4076 verborum
531 4003 732 4095 angustiae,
771 4028 845 4077 non
878 4028 961 4076 raro
990 4027 1055 4098 pa·
1105 4001 1326 4075 calumniose
1360 4003 1642 4098 interpretandas
1676 4035 1759 4084 esse.
1829 4012 1903 4086 lam
1940 4017 2102 4106 cogitate,

60 4109 154 4182 siunt
174 4107 348 4178 absurdas
369 4102 582 4188 sententias,
607 4119 643 4178 et
660 4107 812 4180 rectiora
837 4105 952 4177 officia
967 4131 1055 4178 con·
1104 4127 1211 4198 qusm
1227 4104 1383 4176 difficilis
1399 4121 1433 4178 et
1449 4131 1647 4196 magnares
1664 4113 1730 4196 sit,
1756 4114 1952 4208 simplicem
1969 4117 2102 4192 verita-

60 4212 216 4285 turbsnt.
1104 4219 1176 4277 tem
1193 4205 1233 4276 iu
1248 4219 1321 4277 tam
1342 4207 1559 4280 flexibilibus
1580 4215 1737 4286 materiis
1760 4217 1914 4290 retinere
1936 4235 1972 4292 et
1998 4220 2100 4290 tueri.

153 4311 251 4384 lllud
267 4307 378 4400 igitur
398 4309 529 4382 rectius
544 4321 613 4396 est,
637 4331 720 4381 cum
739 4307 917 4404 quaelibet
934 4307 990 4380 lex
1007 4311 1053 4380 de
1103 4304 1186 4380 Sint
1207 4307 1317 4398 igitur
1344 4311 1508 4381 custodes
1539 4311 1627 4384 iuris
1655 4316 1810 4408 primum
1836 4320 1905 4391 viri
1925 4321 2031 4407 boni,
2064 4333 2101 4392 et

58 4439 128 4488 uuo
150 4413 274 4509 aliquo
294 4435 378 4484 casu
408 4414 472 4506 qui
495 4411 693 4506 plerunque
718 4410 848 4482 accidit
870 4410 1053 4504 loquatur.
1102 4423 1260 4481 amantes
1274 4409 1434 4482 veritatis
1449 4413 1663 4504 etiustitiae3
1686 4419 1816 4489 deiude
1836 4423 1941 4494 etiam
1958 4423 2101 4509 eruditi,

59 4513 125 4588 llic
137 4516 240 4588 casus
251 4513 290 4584 in
305 4513 604 4586 accommodanda
619 4514 694 4603 lege
708 4513 904 4584 intuendus
918 4525 988 4602 est,
1011 4523 1053 4584 ut
1101 4508 1307 4600 vigilantes,
1345 4514 1536 4588 exercitati.
1596 4515 1688 4589 Nam
1722 4535 1757 4592 et
1778 4524 1872 4594 *boni
1905 4527 2098 4619 aliquando

57 4619 102 4690 sit
122 4641 248 4690 norma
278 4613 624 4708 interpretationum.
681 4613 756 4687 Lex
784 4639 876 4711 quae
908 4615 1051 4706 capitali
1101 4613 1216 4704 specie
1237 4613 1323 4685 recti
1347 4615 1530 4693 labuntur.
1582 4615 1668 4692 ldeo
1682 4623 1856 4697 acerrimo
1873 4629 1992 4698 studio
2006 4649 2098 4720 opus

59 4721 227 4814 supplicio
249 4719 346 4788 fures
369 4715 494 4809 punit,
521 4715 688 4806 intelligit
711 4729 923 4806 grassatores
941 4730 976 4788 ιι
992 4717 1050 4786 iu·
1100 4726 1173 4800 est,
1195 4727 1236 4786 ut
1247 4715 1342 4788 intra
1360 4729 1470 4788 metas
1486 4731 1521 4789 et
1534 4734 1635 4814 septa
1650 4725 1810 4799 veritatis
1825 4729 2014 4820 opiniones
2030 4755 2100 4799 no..

60 4824 255 4907 sidiatores‚
286 4842 441 4914 quorum
464 4832 560 4893 aetas
582 4832 616 4892 et
640 4820 858 4920 cousuetudo
876 4819 1048 4889 intuenda
1099 4827 1189 4886 stras
1204 4816 1438 4894 includamus.
1490 4817 1599 4910 Quod
1615 4825 1654 4894 iu
1667 4823 1825 4918 Reipub.
1839 4831 2098 4920 gubernatione

61 4939 118 5001 est.
166 4920 250 4997 Alia
273 4943 330 4992 res
349 4933 420 5006 ιιι,
454 4920 485 4992 si
512 4945 602 5014 puer
621 4921 783 4992 nondum
804 4920 890 4992 satis
913 4920 1050 4992 intelli·-
1099 4941 1232 4990 munus
1252 4935 1375 4993 noster
1397 4923 1488 4993 urdo
1513 4923 1705 5012 sustineat,
1729 4953 1804 5000 uon
1829 4943 1880 5004 est
1895 4935 2098 5020 obscurum,

60 5051 139 5118 gens
160 5035 334 5122 quantum
351 5023 400 5096 sit
420 5022 459 5094 iu
483 5023 580 5094 furto
603 5021 857 5115 turpitudinis,
887 5021 1046 5093 alienum
1098 5019 1230 5092 uostris
1252 5021 1412 5093 consiliis
1434 5039 1468 5098 et
1490 5028 1676 5100 sententiis
1699 5029 1851 5114 iudicia,
1875 5033 2039 5120 foedera,
2063 5049 2099 5106 et

59 5131 204 5224 quadam
227 5125 351 5200 aetatis
371 5124 527 5198 stulticia
547 5125 702 5211 auferat,
735 5139 798 5196 sut
817 5123 849 5195 si
870 5123 951 5218 quis
966 5147 1047 5198 mo-
1097 5145 1189 5215 pens
1211 5123 1333 5196 omnia
1356 5125 1501 5198 vincula
1520 5129 1619 5220 pacis
1633 5131 1707 5221 regi
1722 5134 1850 5208 solent.
1908 5133 1947 5207 ld
1965 5159 2098 5208 munus

60 5233 190 5318 dutus,
218 5253 281 5324 per
307 5226 559 5318 negligentiam
591 5250 667 5300 nou
688 5227 848 5298 reddidit
870 5225 1045 5299 alienum:
1095 5225 1203 5315 longe
1220 5225 1336 5298 maius
1359 5239 1430 5314 est,
1462 5251 1569 5322 quam
1591 5233 1650 5304 eui
1667 5228 1823 5308 bumana
1842 5237 2016 5331 sapientia
2033 5263 2099 5331 par

60 5335 100 5403 de
120 5328 177 5404 bis
191 5331 332 5404 essibus
347 5329 459 5419 legem
475 5352 551 5399 non
572 5327 671 5424 loqui
688 5342 963 5400 cousentaneum
979 5341 1042 5402 est.
1094 5347 1169 5398 esse
1197 5327 1327 5418 possit,
1357 5331 1419 5427 sed
1443 5327 1543 5404 Deus
1565 5333 1733 5408 facientes
1756 5337 1916 5416 adiuvat.
1978 5339 2099 5430 Fides,

60 5427 154 5510 Esset
170 5434 281 5527 igitur
300 5430 464 5504 strictum
484 5429 543 5506 ius
559 5430 841 5520 calumniosum,
864 5429 971 5504 verba
984 5453 1044 5504 re-
1093 5427 1300 5522 diligeutis,
1324 5431 1503 5522 studium,
1526 5435 1639 5507 animi
1656 5439 1854 5516 moderatio
1879 5443 2024 5519 anobis
2041 5429 2100 5518 rs-
