4614 5820
179 199 183 206 ²
218 256 293 333 ιιι
506 219 515 236 ’
647 253 806 331 unct.
839 253 913 330 nn
947 251 1399 335 conrnucrroua
1432 251 1811 336 scnooanuu.
2163 197 2228 338 ou

219 443 403 500 coaeterno
419 425 574 497 Domino
598 441 720 497 nostro
738 425 816 496 lesu
834 425 975 498 Christo
984 477 996 518 ,
1023 445 1056 500 et
1071 431 1207 520 Spiritu
1256 425 1509 496 commonitate
1525 427 1677 509 ·vivere‚
1721 452 1787 499 nec
1818 429 2038 503 immanitate
2066 429 2229 528 Cyclopea
2299 417 2300 458 ³

221 545 355 601 saneto:
396 529 561 597 miserere
596 529 663 597 mei
695 543 841 618 propter
874 527 988 598 lesum
1022 526 1206 602 Christum
1256 527 1489 610 delectemur,
1512 526 1552 594 in
1567 551 1657 620 qua,
1683 544 1723 600 ut
1746 531 1865 624 inquit
1877 526 2087 624 Euripides,
2117 525 2231 603 ἀκούει
2299 599 2300 604 ,

220 633 333 700 lilium
356 645 477 713 tuum,
510 653 613 720 quern
638 629 781 698 voluisti
805 651 869 720 pro
891 631 995 699 nobis
1015 631 1207 701 essevicti-
1257 620 1370 698 οὐδὲν
1384 623 1504 708 οὐδεὶς
1519 622 1679 708 οὐδενός.
1730 627 1813 699 Non
1830 632 1953 702 excitet
1967 635 2114 704 ambitio
2132 647 2231 703 certa·

221 756 334 814 mam,
359 751 458 817 rege,
484 729 583 812 iuva,
610 753 739 798 renova
762 754 818 798 me
841 729 978 820 Spiritu
998 747 1208 816 sanctotuo,
1257 731 1353 796 mina
1376 727 1470 796 inter
1492 728 1654 814 ordines,
1688 745 1748 800 aut
1772 729 2007 820 Professores,
2032 737 2092 803 sed
2118 737 2232 803 cedant
2299 731 2300 738 '

221 855 302 920 rege
322 846 355 901 et
378 853 476 898 serva
499 826 691 899 Ecclesiam
721 844 836 917 tuam,
868 843 904 900 ct
933 833 1091 922 politior,
1117 855 1207 927 quae
1256 829 1401 898 utilitati
1416 829 1595 898 communi
1610 831 1767 920 privatae
1781 833 2007 922 cupiditates,
2029 837 2233 904 anteferatur

221 931 390 1024 praebent
407 925 558 1020 hospitia
574 931 791 1000 aerumnosis
802 927 978 1002 Ecclesiis.
1019 931 1119 1002 Talis
1133 937 1207 1003 for·
1256 929 1648 1021 tranquillitaspublica
1664 931 1809 1022 privatis
1825 934 2017 1008 affectibus.
2042 934 2140 1004 Haec
2154 931 2235 1002 mibi
2299 951 2300 1020 J

220 1057 277 1102 ma
294 1030 461 1102 discernit
476 1031 711 1120 precatio'nem
729 1028 965 1101 Christianam
981 1035 1025 1104 ab
1042 1031 1207 1117 Ethnica,
1257 1029 1425 1119 cogitanti
1456 1043 1561 1122 atque
1584 1032 1741 1122 optanti,
1772 1053 1874 1124 saepe
1898 1035 1937 1102 in
1968 1047 2120 1109 mentem
2147 1035 2235 1103 venit

223 1132 365 1203 ludaico
384 1129 597 1202 ct'Purcica.
640 1131 692 1200 Ac
709 1154 846 1200 necesse
864 1147 915 1202 est
932 1128 1000 1204 boc
1015 1135 1207 1204 discrimen
1257 1129 1472 1200 narrationis
1486 1128 1671 1200 Plinianac
1686 1135 1730 1201 de
1746 1133 1883 1204 duabus
1899 1137 2029 1227 capris:
2056 1159 2147 1229 qnae
2162 1157 2235 1204 cnm
2299 1139 2300 1202 3

221 1233 384 1322 intelligi,
409 1231 573 1322 proponi,
600 1246 633 1300 et
649 1231 789 1302 assiduo
804 1233 986 1306 inculcari.
1033 1235 1206 1306 Necvero
1257 1230 1326 1300 sibi
1348 1231 1581 1304 occurrissent
1604 1232 1644 1300 in
1666 1246 1772 1324 ponte
1794 1235 1881 1304 adeo
1904 1251 2070 1325 angusto,
2102 1251 2143 1307 nt
2165 1257 2236 1324 spa·
2299 1261 2300 1320 3

223 1337 299 1403 sine
339 1331 450 1402 literis
491 1345 525 1400 et
563 1333 749 1402 collatione
791 1333 1002 1421 opinionum
1041 1335 1207 1428 explicari
1258 1331 1353 1400 cium
1367 1355 1441 1400 non
1457 1343 1562 1416 esset,
1587 1357 1658 1426 quo
1676 1335 1783 1402 altera
1799 1335 1895 1404 iuxta
1912 1337 2056 1407 alteram
2074 1336 2236 1429 praeteri·

222 1448 345 1528 potest.
397 1433 542 1521 Semper
563 1433 672 1522 igitur
694 1435 731 1502 in
751 1429 1018 1506 EcclesiaDeus
1036 1439 1105 1507 coli
1128 1437 1209 1508 lite·
1259 1443 1325 1515 ret,
1348 1431 1507 1500 mirabili
1522 1445 1596 1502 arte
1609 1433 1701 1502 viam
1718 1434 1785 1502 sibi
1802 1436 1971 1508 lecerunt.
2011 1435 2133 1506 Altera
2149 1437 2235 1504 euim
2299 1475 2300 1528 ss

222 1559 278 1606 ras
294 1550 327 1606 et
343 1535 454 1602 bonas
476 1546 568 1602 artes
586 1535 715 1604 voluit:
741 1559 781 1604 ac
797 1559 841 1604 ne
865 1559 1008 1626 prorsus
1026 1541 1209 1626 extingue·
1259 1543 1472 1622 prostratum
1489 1555 1617 1623 corpus
1633 1535 1671 1601 in
1694 1547 1799 1622 ponte
1818 1535 1864 1604 ita
1881 1529 2049 1622 collocat,
2075 1552 2116 1608 ut
2138 1539 2237 1605 altera

138 1665 146 1676 ·
222 1651 347 1707 rentur
378 1632 512 1714 studia,
552 1629 688 1704 scholas
715 1637 870 1705 mirabili
905 1640 1010 1708 modo
1037 1639 1207 1708 defendit.
1258 1633 1418 1702 insistere
1440 1645 1615 1722 prostrato
1638 1635 1798 1725 corpori,
1831 1649 1866 1706 et
1890 1639 2039 1706 transire
2066 1663 2133 1729 per
2155 1637 2238 1705 illud

224 1737 312 1806 Vult
328 1735 422 1804 euim
437 1758 502 1804 nos
519 1760 641 1805 omnes
661 1736 783 1805 audire
797 1733 988 1806 Ecclesiam
1005 1741 1209 1822 doctricem,
1259 1747 1385 1822 posset.
1437 1730 1553 1804 Multa
1569 1734 1748 1818 incidunt,
1773 1735 1836 1804 ubi
1852 1737 1880 1804 si
1895 1759 2001 1807 nemo
2016 1739 2120 1810 alteri
2137 1739 2240 1819 cedat,

222 1851 263 1908 nt
275 1835 518 1907 venustissime
535 1835 765 1924 significatum
781 1850 833 1906 est
847 1837 885 1905 in
900 1836 1081 1908 Samsonis
1097 1835 1209 1934 bisto-
1259 1855 1405 1922 magnos
1429 1835 1603 1904 tumultus
1628 1836 1773 1906 existere
1796 1859 1936 1906 necesse
1950 1840 2006 1910 sit.
2059 1839 2156 1910 Haec
2169 1861 2239 1905 mo·

167 2017 179 2028 ,
222 1939 295 2008 ria:
327 1935 408 2007 Nun
431 1937 672 2020 invenissetis,
703 1937 772 2006 nisi
799 1938 910 2007 vitula
934 1961 1011 2008 mea
1039 1939 1209 2011 arassetis.
1260 1947 1428 2002 numenta
1451 1933 1489 2000 in
1507 1931 1703 2024 Republica
1725 1937 1920 2026 intelligere
1938 1963 2024 2024 nos,
2049 1953 2083 2010 et
2108 1941 2240 2008 frenare

223 2037 257 2110 Α
274 2038 405 2129 populo
425 2036 531 2106 lsi-adl
549 2038 738 2107 didicimus
753 2033 987 2128 Evangeiium
1010 2038 1104 2111 intei-
1123 2063 1210 2130 gen.
1260 2035 1411 2125 impetus
1424 2047 1563 2103 nostros
1576 2039 1685 2110 decet.
1726 2033 1798 2104 Alii
1814 2053 1958 2129 propter
1970 2064 2058 2130 opus
2074 2065 2113 2108 ac
2128 2036 2240 2108 loono·

225 2154 277 2234 tes
294 2159 452 2228 sparsum
475 2161 537 2226 per
553 2139 754 2229 Apostolos.
813 2135 866 2208 lta
887 2139 1051 2233 deinceps
1073 2162 1210 2232 semper
1259 2157 1332 2218 res,
1355 2135 1417 2202 alii
1433 2149 1575 2224 propter
1589 2137 1742 2226 partium
1758 2137 1873 2206 studia
1890 2137 2069 2210 interdurn
2091 2141 2241 2209 efferun-

224 2241 263 2308 in
282 2235 438 2307 Ecclesia
460 2233 556 2306 Deus
574 2239 711 2332 aliquos
734 2241 894 2309 doctores
914 2243 1030 2326 dedit,
1052 2255 1086 2312 et
1110 2241 1210 2311 testi·
1260 2249 1335 2304 tur:
1368 2234 1431 2304 ubi
1446 2235 1559 2306 multo
1581 2237 1710 2311 rectius
1724 2247 1799 2306 erat
1821 2259 1895 2306 ⁵0⁵⁸
1915 2240 2128 2332 reprlmffls
2153 2255 2186 2310 θῑ
2205 2249 2242 2306 ¹¹²

223 2339 344 2410 monia
385 2360 467 2406 suae
504 2339 696 2408 sententiae
731 2353 896 2430 perpetua
935 2356 1051 2410 extare
1086 2343 1209 2411 voluit.
1260 2335 1342 2402 illae
1362 2335 1515 2424 capellae
1539 2336 1631 2405 inter
1645 2359 1681 2406 se
1704 2339 1850 2418 cedunt,
1876 2340 2119 2412 moderatione
2136 2335 2241 2408 animi

225 2439 345 2527 Quare
360 2452 393 2507 et
411 2438 585 2528 principes
609 2453 643 2509 et
665 2441 900 2530 respublicae,
926 2453 959 2508 et
976 2465 1040 2510 nos
1064 2441 1131 2534 ipsi
1148 2442 1209 2534 qui
1260 2457 1383 2503 sanare
1408 2435 1632 2508 offensiones.
1691 2435 1787 2507 Haec
1816 2437 1846 2506 si
1877 2439 2081 2525 fecerimus,
2115 2437 2242 2509 favebit

224 2563 370 2610 munere
384 2539 535 2606 docendi
548 2540 739 2628 fungimur,
761 2552 953 2608 statuamus
966 2537 1031 2610 boc
1047 2541 1208 2610 omnium
1261 2535 1356 2603 Deus
1380 2530 1518 2603 scholae
1545 2549 1579 2605 et
1602 2537 1729 2606 studiis
1751 2539 1893 2607 nostris.
1951 2539 2042 2608 Nam
2065 2554 2240 2632 utrunque

223 2635 461 2709 bumanorum
495 2663 641 2727 operum
675 2661 851 2708 summum
887 2663 978 2724 esse,
1009 2642 1209 2710 studiorum
1261 2635 1431 2724 postulat,
1462 2635 1626 2705 videlicet
1657 2637 1759 2706 iidem
1789 2638 1827 2706 in
1853 2639 2014 2708 iaciendo
2043 2642 2181 2722 ollicio,
2212 2651 2242 2707 et

225 2739 578 2809 conservationemet
600 2740 904 2830 propagationem:
933 2742 1211 2835 etsuoquisque
1261 2757 1379 2802 curam
1414 2737 1564 2804 tuendae
1598 2739 1815 2809 concordiae.
1868 2735 1920 2808 Ac
1945 2741 2088 2833 utrique
2124 2737 2242 2810 virtuti

225 2841 303 2909 loco
328 2839 528 2921 annitatur,
561 2855 599 2910 ut
628 2837 767 2909 sclrolae
798 2841 947 2910 floreant
969 2855 1004 2910 et
1026 2859 1210 2916 ornentur.
1260 2835 1786 2926 promllllllngenllapraemla.
1841 2838 2056 2910 Meministis
2072 2843 2170 2911 euim
2186 2865 2242 2931 pa-

224 2941 447 3030 ingratitudo
461 2940 555 3007 enim
573 2941 723 3008 maxime
740 2937 1028 3031 reprehendenda
1043 2956 1103 3024 est,
1130 2965 1209 3012 curn
1260 2934 1417 3002 rabolam
1439 2931 1644 3025 Evangelii,
1678 2939 1741 3008 ubi
1762 2939 1884 3011 laudat
1905 2935 2068 3011 Christus
2097 2965 2243 3024 servum,

224 3039 322 3111 Deus
335 3039 503 3108 immensa
522 3041 736 3128 benignitate
757 3055 790 3109 et
806 3041 1043 3110 misericordia
1059 3065 1094 3110 se
1111 3055 1205 3133 pate-
1260 3035 1323 3127 qui
1346 3035 1513 3104 talentum
1535 3039 1625 3106 bene
1649 3040 1890 3112 collocaverat.
1948 3037 1995 3110 Et
2020 3039 2181 3112 psalmus
2203 3043 2241 3108 de

225 3141 365 3220 lecerit,
385 3140 554 3226 etesinu
577 3163 738 3209 arcanam
755 3143 972 3211 voluntatem
990 3163 1088 3211 snam
1108 3143 1210 3212 uobis
1261 3135 1450 3203 concordia
1488 3137 1624 3228 inquit:
1659 3135 1713 3206 lbi
1749 3137 2030 3209 benedictionem
2065 3141 2243 3212 mandavit

226 3244 264 3310 in
292 3238 347 3310 his
379 3241 617 3309 monumentis
648 3239 812 3310 literariis
838 3241 937 3334 quasi
970 3243 1208 3330 consignatam
1260 3233 1451 3306 Dominus.
1485 3235 1581 3323 Quid
1597 3239 1691 3330 quod
1706 3233 1869 3310 Christus
1883 3241 2005 3309 lavans
2020 3245 2125 3333 pedes
2142 3243 2242 3311 disci-

225 3341 430 3424 tradiderit,
473 3355 512 3411 ut
535 3341 638 3410 nobis
668 3365 730 3430 per
759 3337 851 3410 banc
882 3343 991 3432 ipsam
1021 3367 1140 3411 vocem
1176 3356 1209 3412 et
1261 3336 1445 3426 pulcrum,
1471 3335 1653 3406 iubetnos
1676 3341 1873 3429 exemplum
1896 3339 2054 3410 imitari?
2092 3343 2174 3412 Non
2197 3355 2243 3410 cst
2299 3409 2300 3416 ,

224 3439 311 3513 baec
330 3441 527 3512 testimonia
547 3442 721 3532 impertiat
743 3455 882 3512 aeterna
900 3443 1010 3522 bona,
1035 3443 1210 3532 negligere
1259 3433 1429 3519 servitus,
1460 3437 1520 3504 sed
1543 3437 1654 3506 virtus
1674 3435 1749 3508 Deo
1777 3453 1893 3527 grata,
1923 3443 2072 3511 tolerare
2092 3445 2242 3534 privatas

225 3559 261 3616 et
281 3543 461 3634 aspernari
483 3555 614 3612 tantam
632 3538 698 3610 Dei
722 3565 802 3631 erga
824 3565 889 3612 nos
910 3543 1156 3614 liberalitatem
1176 3559 1210 3614 et
1260 3535 1428 3620 iniurias,
1461 3560 1609 3629 quanam
1634 3539 1794 3628 depulsio
1825 3553 1927 3609 nocet
1958 3543 2122 3631 publicae
2150 3557 2242 3612 tran·
2299 3615 2300 3644 ,

225 3657 494 3715 tantamunera.
546 3637 702 3730 Agamus
717 3641 792 3712 Deo
807 3645 951 3734 gratias,
975 3645 1070 3738 quod
1087 3667 1209 3714 accen.
1260 3637 1439 3729 quillitati.
1482 3635 1578 3707 llaec
1593 3639 1696 3707 nobis
1712 3638 1780 3728 ipsi
1797 3641 2025 3725 inculcemus,
2050 3657 2083 3712 et
2101 3645 2145 3712 ad
2162 3643 2242 3710 haec
2299 3691 2300 3722 ι

226 3746 319 3815 derit
341 3743 571 3814 illustrissimi
592 3741 767 3831 Principis
789 3759 926 3835 pectus,
957 3758 999 3814 ut
1022 3745 1108 3816 velit
1129 3765 1209 3814 suas
1260 3757 1341 3806 vura
1358 3749 1392 3805 el
1417 3731 1660 3829 philosophica
1680 3737 1792 3808 officia
1817 3744 2047 3834 uosquadam
2064 3743 2242 3832 diligentia
2299 3753 2300 3774 ¹

225 3840 399 3915 Ecclesias
415 3844 472 3934 pie
485 3844 602 3913 doceri
625 3857 659 3911 et
673 3855 766 3912 recte
782 3843 875 3932 regi,
902 3855 936 3912 et
957 3841 1071 3913 studia
1089 3845 1208 3914 litera·
1260 3837 1548 3921 assuestcl³m⁰82
1570 3840 1608 3906 ln
1624 3861 1692 3931 ΨΜ
1707 3837 1822 3910 Deum
1835 3841 2056 3929 lssfflfflmffl',
2082 3846 2146 3938 ‘1¹¹i
2163 3867 2241 3935 Pr0·

226 3967 306 4012 rum
328 3945 480 4014 excitari.
530 3939 619 4013 Eius
635 3943 794 4034 exemplo
811 3956 845 4012 et
863 3937 969 4012 buius
984 3943 1084 4013 urbis
1098 3943 1209 4015 Sena-
1260 3953 1338 4028 pter
1360 3933 1452 4006 banc
1475 3940 1752 4009 moderationem
1775 3942 1886 4032 magis
1909 3943 2042 4013 fovebit
2067 3941 2240 4015 scholam.

228 4058 286 4113 tus
299 4046 551 4134 amplissimus,
577 4040 803 4113 Academiam
827 4045 979 4135 benigne
999 4045 1208 4137 complecta.
1260 4038 1498 4110 Svrbiiciamns
1513 4052 1548 4109 et
1560 4039 1662 4109 nobis
1677 4039 1762 4130 ipsis
1777 4054 1810 4110 et
1825 4041 1904 4110 aliis
1927 4043 2024 4132 (nam
2038 4045 2113 4114 sive
2129 4042 2239 4114 borni·
2299 4121 2300 4128 p

228 4159 287 4214 uu·
318 4158 351 4213 et
377 4143 510 4224 foveat,
547 4167 637 4238 quae
665 4143 801 4214 etiamsi
830 4146 940 4216 multa
969 4141 1075 4216 hahet
1103 4169 1209 4215 offla.
1259 4163 1322 4208 nes
1339 4151 1557 4220 moveantur,
1583 4141 1729 4209 dicenda
1746 4132 1796 4212 e'st
1811 4142 1951 4226 veritas,
1976 4161 2016 4216 ut
2031 4147 2239 4238 amplecten-

230 4255 361 4310 menta:
393 4259 510 4314 tamen
536 4247 566 4312 si
598 4269 678 4313 vere
704 4246 896 4328 iudicetur,
930 4245 1068 4316 nullum
1104 4241 1210 4317 habet
1260 4253 1310 4310 tes
1330 4235 1441 4324 banc,
1468 4242 1605 4310 vivant:
1630 4243 1853 4310 mendacium
1875 4245 1971 4312 enirn
1996 4269 2090 4314 mors
2117 4261 2185 4329 est,
2209 4257 2239 4312 et

228 4343 341 4412 maius
365 4367 404 4411 ac
420 4344 576 4412 divinius
595 4340 660 4412 bac
678 4346 858 4416 doctrinae
878 4348 1104 4438 possessione.
1156 4345 1210 4418 Ac
1259 4335 1367 4412 huius
1387 4355 1486 4432 pater
1508 4363 1645 4430 semper
1669 4337 1846 4412 homicida
1871 4344 1956 4414 luit:
1991 4369 2052 4414 sen
2074 4369 2148 4415 non
2168 4369 2238 4412 am·

228 4467 349 4514 revera
372 4467 410 4510 ea
434 4444 575 4511 demum
597 4443 731 4532 integra
754 4447 874 4517 civitas
899 4447 1127 4517 existimanda
1148 4461 1210 4531 est,
1259 4443 1475 4534 plectantur,
1509 4455 1547 4510 ut
1577 4455 1668 4511 extet
1699 4443 1941 4513 testimonium
1973 4445 2239 4516 inemendabilis
2299 4527 2300 4530 Ἴ

228 4547 265 4614 in
289 4567 356 4635 qna
380 4546 422 4611 ad
448 4541 628 4632 politicum
650 4545 810 4614 ordinem
826 4549 958 4617 accedit
976 4545 1043 4619 Dei
1067 4547 1210 4632 noticia,
1259 4537 1516 4636 improbitatis)
1532 4536 1616 4610 baec
1630 4543 1740 4632 igitur
1754 4569 1834 4612 cnm
1849 4547 1972 4630 nobis,
1998 4559 2072 4615 tum
2091 4549 2170 4616 aliis
2186 4547 2237 4614 io-

227 4661 262 4718 et
285 4646 432 4713 aliarum
454 4638 679 4712 honestarum
704 4647 832 4716 artium
859 4649 1022 4737 cognitio.
1074 4647 1141 4719 Sed
1170 4661 1210 4718 ut
1259 4646 1455 4727 calcemus,
1482 4637 1618 4712 scholas
1633 4667 1706 4712 esse
1725 4646 1935 4715 necessarias
1950 4648 1994 4715 ad
2010 4648 2167 4737 pietatis,
2187 4669 2235 4713 re-

227 4746 312 4818 baec
331 4744 500 4836 possessio
514 4744 559 4822 sit
581 4743 768 4829 diuturna,
794 4747 829 4814 id
846 4749 962 4842 aliqua
987 4773 1027 4818 ex
1052 4749 1207 4838 partein
1259 4746 1420 4834 ligionis,
1446 4755 1556 4814 status
1578 4745 1710 4827 civilis,
1735 4745 1945 4816 domesticae
1968 4747 2073 4817 etiam
2090 4745 2236 4817 admini-

227 4845 649 4919 nobisetiamsitumcst.
689 4843 770 4918 Sint
787 4843 996 4918 Academiae
1010 4847 1208 4920 Aristocra-
1259 4845 1438 4916 strationis
1460 4845 1771 4914 conservationem.
1824 4841 1924 4934 Quae
1940 4861 2014 4916 erat
2029 4849 2123 4916 enim
2141 4849 2235 4918 obse-

226 4953 305 5034 tiae,
331 4963 369 5019 ut
387 4945 513 5032 alveoli
530 4969 647 5035 apum,
671 4969 771 5015 suurn
787 4947 934 5040 quisque
949 4951 1101 5019 officium
1117 4963 1208 5019 recte
1259 4971 1318 5017 cro
1341 4949 1454 5015 forma
1476 4946 1595 5015 inttna
1625 4969 1832 5034 regnorum,
1860 4949 2139 5032 assiduitatem,
2166 4949 2234 5016 sine

226 5052 344 5134 iaciat,
375 5052 560 5118 doceamus
583 5045 702 5128 utilia,
734 5047 955 5118 conseramus
978 5073 1101 5142 operas
1124 5075 1208 5120 can·
1259 5047 1459 5118 eruditione
1478 5059 1512 5116 et
1535 5046 1696 5115 doctrina
1721 5047 1928 5117 literarum?
1963 5042 2060 5117 Nihil
2082 5072 2169 5140 opus
2187 5059 2233 5114 est

226 5153 327 5230 dide,
360 5151 521 5218 iuvemus
552 5145 645 5216 inter
674 5170 759 5227 nos,
792 5161 954 5218 tucamur
985 5173 1206 5220 communem
1258 5147 1578 5238 argumentatione,
1615 5147 1824 5237 aspiciamus
1850 5173 1888 5218 ea
1919 5149 2016 5232 loca,
2048 5151 2232 5242 inquibus

227 5249 449 5319 concordiam
482 5252 631 5342 qrradam
672 5243 914 5345 philosophica
954 5253 1207 5325 moderatione.
1257 5250 1435 5319 domicilia
1457 5247 1653 5317 studiorum
1668 5250 1847 5339 quondam
1862 5249 2023 5331 luerunt,
2049 5251 2111 5318 nbi
2132 5250 2231 5318 colle*

226 5350 428 5441 Cogitemus
452 5373 515 5418 nos
538 5351 576 5418 in
599 5343 800 5420 Christiana
824 5362 885 5419 aut
907 5351 1028 5419 saltem
1054 5347 1207 5421 humana
1257 5351 1502 5443 giaquaedam
1526 5347 1744 5420 nuncetiam
1771 5349 1851 5418 illos
1875 5348 2097 5421 scholasticus
2118 5350 2229 5421 titulos
