4704 5826
179 235 254 310 809
480 229 640 306 DECL.
675 229 748 304 DE
782 229 977 306 DlCTO:
1009 229 1217 341 SERMO
1251 230 1504 306 CHRISTI
1537 231 1806 312 ΗΑΒῙΤΕΤ
1837 259 1927 318 xre.
2152 243 2239 320 ⁹00

285 405 388 478 Hanc
403 406 621 478 voluntatem
638 429 717 474 cum
738 405 947 496 expresserit
960 405 997 476 in
1016 429 1080 477 suo
1100 431 1174 477 ser·
1229 405 1415 492 allegorica
1433 405 1736 498 interpretatione,
1756 411 1817 482 sed
1835 413 1872 484 in
1890 415 2036 510 propria
2051 422 2236 490 contentia

183 535 309 595 mone,
335 533 409 580 non
428 508 626 578 tribuamus
648 507 681 576 ei
700 507 983 592 simulationem,
1009 533 1083 579 non
1107 511 1176 579 lin-
1230 507 1461 596 intelligatur.
1515 507 1654 600 indiget
1671 526 1789 584 autem
1806 517 2047 605 speculatione
2062 535 2097 591 et
2111 545 2238 608 sensu,

184 637 307 705 gamus
322 613 360 681 io
377 635 418 680 eo
430 610 721 698 contradictorias
737 609 950 680 voluntates.
1230 623 1270 680 ut
1285 609 1453 680 materiae
1467 611 1730 699 discernantur,
1756 629 1792 685 et
1806 631 1901 688 recte
1916 621 2151 713 accipiantur.
2163 646 2182 712 1

283 711 339 786 'Ae
353 713 480 783 sentiet
497 713 558 780 ille
577 725 840 794 consternatus,
866 711 969 782 reddi
982 713 1050 782 sibi
1068 713 1176 783 vitam
1330 708 1502 782 Nominat
1527 707 1730 800 Theorian,
1773 718 1869 787 viam
1899 722 2070 794 docendi:
2113 750 2235 816 genua

186 815 342 888 intuenti
370 816 407 884 in
429 813 542 884 lilium
570 811 655 896 Dei,
689 825 723 882 et
747 813 916 901 cogitanti
939 815 1013 884 eius
1039 840 1177 884 vocem:
1231 813 1404 881 sermonis
1421 814 1574 902 intelligi
1592 831 1742 906 oportet.
1777 823 1922 892 accedat
1941 837 1976 892 et
1992 827 2132 913 sobria,
2153 855 2234 899 non

187 919 316 990 Venite
331 917 452 1005 adjme
465 938 598 996 omnes,
613 914 682 1086 gui
698 915 866 984 laboratis
882 930 915 986 et
930 918 1069 987 onerati
1085 917 1179 1003 estis,
1230 915 1372 1002 garrula
1394 927 1428 984 et
1450 917 1647 988 cavillatrix
1671 917 1884 1009 Dialectica,
1924 939 2113 1000 teneantur
2133 931 2236 1000 divi-

186 1035 220 1092 et
237 1045 302 1111 ego
318 1019 472 1088 reficiam
488 1041 560 1090 vos.
642 1018 845 1108 aepeetiam
870 1013 1178 1106 inbacluctage-
1232 1016 1348 1084 sioncs
1371 1039 1551 1106 generum.
1603 1015 1714 1092 Aliud
1737 1023 1793 1092 lex
1817 1041 1885 1111 est,
1911 1027 2010 1099 aliud
2035 1033 2235 1120 promissio

186 1147 286 1194 meus
301 1120 483 1190 clamabit:
510 1115 800 1204 CredoDomine,
823 1122 883 1188 sed
899 1145 1001 1211 opem
1018 1123 1071 1190 ler
1085 1121 1179 1189 dilli-
1231 1117 1382 1206 gratuita
1411 1121 1727 1192 reconciliationis:
1771 1125 1869 1196 aliud
1903 1143 1955 1198 est
1987 1131 2234 1205 ministerium

188 1226 330 1294 dentiae
346 1246 455 1293 meae.
509 1219 587 1290 Hoc
602 1244 639 1290 se
663 1221 806 1305 ordine,
834 1217 899 1290 hac
924 1223 1178 1304 consolatione,
1231 1215 1437 1308 Evangelii,
1480 1221 1549 1290 alia
1578 1245 1634 1292 res
1663 1225 1806 1316 politica
1829 1229 2053 1318 gubernatio.
2115 1233 2233 1308 Aliud

145 1347 152 1354 ·
186 1321 365 1418 Propheta
380 1337 562 1408 sustentat,
583 1323 783 1392 clamitans:
810 1319 1180 1414 ExpcctaDominum,
1232 1322 1340 1407 actio,
1376 1347 1466 1416 quae
1490 1325 1698 1395 nominatur
1724 1327 2014 1416 Sacramentum,
2046 1337 2146 1406 aliud
2176 1361 2235 1409 res

188 1441 345 1522 expectat
359 1427 475 1496 anima
492 1451 584 1510 mea,
610 1439 644 1494 et
662 1428 754 1494 iuxta
774 1428 922 1496 verbum
938 1427 1014 1496 eius
1028 1451 1142 1518 spero.
1233 1435 1328 1492 extra
1344 1426 1531 1500 actionem.
1583 1424 1749 1522 Denique
1769 1432 1847 1500 sani
1875 1428 2032 1505 bominis
2053 1453 2127 1523 est,
2155 1465 2235 1510 non

290 1527 450 1600 Sciamus
463 1527 583 1617 igitur,
607 1551 680 1596 non
697 1527 951 1599 infructuosam
967 1550 1041 1598 esse
1057 1529 1180 1598 lectio·
1234 1526 1271 1593 iu
1289 1549 1402 1595 unum
1422 1523 1527 1596 chaos
1545 1531 1764 1600 confundere
1788 1534 1991 1606 universam
2016 1540 2237 1628 doctrinam,

186 1655 269 1704 nem
294 1630 467 1701 sermonis
489 1629 621 1713 divini,
653 1629 712 1698 sed
731 1628 907 1719 Spiritum
930 1645 1090 1700 sanctum
1115 1623 1180 1700 bac
1233 1631 1314 1712 secl,
1339 1629 1429 1699 utlit
1449 1629 1684 1717 inducendo,
1710 1657 1922 1721 numerum,
1948 1639 2236 1731 distinctionem,

188 1737 265 1826 ipsa
284 1755 369 1802 voce
395 1733 585 1802 accendere
610 1745 770 1820 pectora,
796 1732 887 1802 sicut
906 1745 940 1802 et
956 1732 1043 1800 alibi
1062 1733 1181 1826 inquit
1233 1730 1395 1800 ordinem
1411 1731 1583 1801 iudicium
1600 1729 1780 1804 adbibere.

187 1835 338 1920 Paulus,
364 1849 404 1906 ut
420 1859 483 1924 per
495 1819 774 1904 consolationem
800 1834 1056 1925 scripturarum
1082 1858 1179 1928 spem
1335 1829 1438 1902 Hanc
1463 1834 1684 1924 diligentiam
1708 1838 1870 1910 nominat
1884 1837 2111 1933 Epiphanius
2129 1844 2242 1916 θεωὲ

187 1933 408 2008 habeamus.
824 1961 838 1982 ·
1234 1927 1331 2030 ρίαν.
1389 1932 1529 2004 Deinde
1557 1951 1591 2004 et
1612 1961 1753 2008 sensum
1778 1942 1856 2012 vult
1878 1937 2062 2028 adbiberi,
2096 1947 2136 2014 id
2170 1965 2235 2032 est,

122 2033 129 2059 ⁴
291 2037 350 2108 Au
366 2037 490 2108 literae
508 2052 542 2108 et
555 2039 711 2132 syllabae
727 2039 868 2107 dolores
889 2037 1044 2120 leniant,
1068 2053 1103 2110 et
1126 2039 1177 2106 vi·
1235 2036 1446 2104 mediocrem
1467 2039 1730 2126 experientiam.

188 2155 261 2211 tam
276 2141 449 2224 reddant,
474 2139 639 2233 inquies?
679 2138 754 2210 Imo
773 2163 856 2208 vero
873 2139 968 2210 Deus
984 2155 1017 2212 te
1033 2143 1077 2210 ad
1095 2136 1181 2210 baec
1213 2201 1223 2221 ,
1336 2135 1454 2207 Homo
1479 2140 1617 2209 ociosus
1644 2155 1678 2210 et
1700 2165 1884 2234 nunquam
1900 2159 2063 2234 expertus
2081 2173 2235 2241 magnos

189 2244 317 2334 scripta
333 2237 501 2327 retrahit,
526 2243 565 2312 in
582 2237 639 2310 his
653 2243 871 2312 voluntatem
886 2263 985 2311 suam
1003 2243 1079 2313 vult
1095 2267 1181 2312 con·
1234 2239 1495 2316 dolores,·non
1510 2241 1680 2342 intelligit
1692 2242 1894 2314 exercitiaF
1895 2247 1965 2316 idei
1982 2263 2016 2318 et
2024 2247 2121 2340 Spei.
2161 2252 2236 2323 lta-

190 2345 277 2438 spici
288 2353 308 2428 ,¹
333 2358 367 2416 ει
390 2339 520 2414 horum
544 2344 755 2434 cogitatione
777 2357 911 2414 mentes
928 2357 1047 2416 movet
1069 2358 1103 2415 et
1123 2369 1182 2414 ac·
1234 2364 1304 2433 que
1321 2343 1492 2412 vocabula
1508 2344 1612 2412 etiam
1631 2360 1878 2435 corrumpunt.
1931 2347 2124 2421 Monacbis
2143 2355 2234 2425 fides

191 2447 321 2519 cendit.
1234 2455 1372 2511 tantum
1388 2445 1554 2513 noticiam
1571 2447 1755 2534 siguificat.
1798 2445 1983 2520 Peccatum
2002 2451 2076 2520 illis
2089 2469 2234 2527 tantum

291 2545 376 2616 Dixi
391 2547 503 2616 multo
528 2547 670 2615 brevius
695 2549 739 2614 de
765 2546 917 2615 utilitate
939 2547 1121 2631 lectionis,
1147 2562 1181 2618 et
1235 2544 1408 2632 significat
1424 2549 1553 2630 scelus,
1580 2551 1677 2640 quod
1697 2549 1892 2619 voluntatis
1907 2552 2079 2624 electione
2093 2557 2233 2628 factum

128 2651 152 2706 ἱ
191 2651 236 2720 de
258 2649 415 2719 motibus
432 2647 587 2738 Spiritus
607 2649 737 2732 sancti,
765 2672 872 2740 quam
897 2650 1104 2737 magnitudo
1129 2650 1182 2720 rei
1235 2660 1297 2716 est.
1348 2644 1512 2739 Denique
1527 2649 1564 2716 in
1583 2651 1705 2721 multis
1719 2651 1872 2740 negotiis
1895 2653 1964 2722 alia
1986 2669 2070 2725 sunt
2093 2657 2233 2730 iudicia

188 2751 354 2846 postulat.
407 2750 476 2822 Sed
492 2744 578 2821 haec
601 2751 675 2842 ipsa
697 2749 832 2820 utilitas
852 2751 1023 2836 ostendit,
1050 2752 1182 2822 dulcis·
1236 2747 1402 2832 rudium,
1426 2751 1494 2818 alia
1511 2752 1727 2838 peritorum,
1754 2777 1843 2844 quos
1858 2777 1942 2824 usus
1960 2758 2106 2829 erudiit.

190 2853 278 2926 sime
293 2853 427 2924 dictum
448 2875 536 2937 esse,
562 2846 699 2922 habitet
717 2851 899 2922 vobiscum
917 2877 1033 2922 sermo
1051 2851 1130 2927 Dei.
1336 2848 1402 2920 Est
1419 2845 1504 2922 baec
1522 2877 1663 2946 quoque
1683 2855 1856 2944 sapientia
1878 2853 1915 2924 in
1937 2857 2087 2946 legendo
2108 2885 2235 2930 neces-

292 2953 408 3027 Simul
444 2955 540 3024 enim
573 2955 615 3026 lit
648 2977 749 3022 mens
780 2955 1001 3025 domicilium
1027 2954 1183 3046 Spiritus
1236 2952 1344 3035 saria,
1370 2953 1509 3042 saepius
1525 2969 1681 3044 repetere
1694 2957 1859 3026 materias
1880 2981 1971 3052 quae
1992 2978 2168 3051 prosunt,
2194 2981 2236 3036 ut

191 3057 322 3142 sancti,
348 3057 387 3125 in
410 3079 480 3150 qua
497 3079 612 3126 sermo
633 3055 778 3125 divinus
793 3049 939 3128 habitat.
991 3055 1095 3127 Hauc
1110 3081 1183 3128 csse
1235 3051 1368 3123 Paulus
1389 3055 1574 3140 nominat,
1605 3059 1650 3124 ad
1673 3059 1967 3144 aedificationem:
1998 3063 2121 3155 quales
2146 3079 2234 3136 sunt

192 3183 333 3252 gravem
362 3157 522 3228 discendi
546 3171 580 3228 et
606 3157 746 3248 legendi
773 3181 934 3243 causam,
976 3183 1100 3230 omnes
1126 3161 1183 3228 in·
1237 3157 1425 3226 conciones
1440 3159 1484 3225 de
1510 3159 1746 3248 poenitentia,
1772 3162 1816 3228 de
1840 3160 1926 3246 lide,
1951 3163 1997 3230 de
2018 3187 2100 3233 vera
2123 3166 2234 3236 invo-

166 3261 370 3352 .telligunt.
1237 3259 1392 3340 catione,
1419 3261 1463 3326 de
1482 3261 1576 3328 veris
1591 3261 1766 3344 cultibus,
1789 3275 1825 3331 et
1840 3265 2083 3333 enarrationes
2095 3270 2234 3340 articu.

297 3358 451 3432 Additae
466 3375 550 3432 sunt
566 3369 683 3430 autem
700 3359 983 3452 exaggerationes
1007 3376 1040 3432 et
1062 3363 1184 3430 admo·
1237 3361 1354 3428 lorum
1376 3361 1476 3429 fidei:
1504 3373 1539 3430 et
1561 3361 1763 3454 relinquere
1781 3366 1955 3452 argutias,
1978 3389 2129 3458 quarum
2157 3395 2233 3440 non

140 3457 145 3473 ⁴
194 3465 366 3536 ultiones:
402 3461 566 3550 Habitet,
605 3463 743 3556 inquit,
776 3465 957 3534 internos
980 3463 1184 3533 abundein
1237 3477 1289 3534 est
1306 3485 1408 3546 usus,
1435 3476 1474 3532 ut
1498 3462 1583 3530 olim
1610 3478 1710 3534 erant
1733 3464 1829 3533 rixae
1848 3466 1893 3535 de
1910 3465 2163 3560 Genealogiis,
2189 3476 2233 3542 de

194 3568 294 3638 omni
335 3565 517 3656 sapientia.
596 3563 684 3635 Vult
724 3588 826 3656 saepe
859 3565 1083 3658 multumque
1115 3565 1185 3654 legi
1238 3565 1296 3634 die
1311 3564 1567 3642 crucifixionis,
1594 3567 1638 3633 de
1653 3567 1876 3642 fermentato.

194 3670 323 3762 scripta
348 3661 555 3761 prophetica
586 3680 621 3737 et
652 3669 866 3760 apostolica,
905 3680 939 3739 et
962 3667 1040 3739 vult
1062 3690 1100 3737 ea
1126 3692 1184 3738 sa·
1337 3661 1478 3736 Etcum
1495 3665 1719 3754 ingeniorum
1743 3691 1870 3757 magua
1894 3669 1940 3740 sit
1960 3669 2232 3753 dissimilitudo,

192 3773 333 3866 pienter
349 3767 578 3840 considerari.
1239 3769 1342 3838 multi
1362 3769 1417 3838 vel
1432 3769 1550 3838 studio
1566 3768 1795 3854 subtilitatis,
1823 3771 1877 3840 vel
1892 3796 2014 3842 amore
2031 3775 2231 3846 cavillatio·

296 3871 379 3942 Non
397 3871 521 3962 legunt
542 3869 720 3961 sapienter
742 3863 930 3958 haeretici,
959 3869 1021 3963 qui
1045 3893 1118 3940 non
1144 3893 1185 3940 ex
1238 3896 1345 3956 num,
1372 3865 1553 3938 vehuntur
1575 3886 1670 3940 extra
1694 3884 1822 3956 metas,
1854 3887 1889 3942 et
1912 3887 1952 3944 ut
1975 3888 2109 3946 veteres
2133 3879 2232 3948 dice·

102 4041 107 4050 ,
195 3974 281 4066 ipsis
308 3974 467 4045 lontibus
492 3967 674 4060 hauriunt
693 3971 904 4056 sententias,
936 3973 996 4041 sed
1021 3973 1187 4042 adierunt
1240 3975 1336 4057 bant,
1361 3963 1454 4065 ὑπὲρ
1468 3965 1515 4042 τὰ
1530 3967 1756 4064 ἐσκεμμένα,
1784 3973 2064 4046 uttsltifascinati
2079 4001 2231 4050 consue-
2333 4007 2334 4028 ι

197 4100 281 4147 suae
304 4077 478 4170 quaedam
498 4074 653 4144 somnia:
692 4073 821 4143 deiude
842 4087 1033 4164 excerpunt
1059 4075 1186 4145 mutila
1238 4076 1384 4163 tudine,
1411 4075 1466 4142 vel
1488 4074 1571 4143 odio
1596 4089 1629 4143 et
1655 4074 1735 4144 aliis
1750 4075 1952 4163 affectibus,
1977 4079 2160 4153 mordicus
2175 4105 2229 4152 re-

196 4177 311 4264 dicta,
352 4201 443 4272 quae
473 4179 727 4248 transformant
755 4175 793 4243 in
825 4175 959 4246 alienas
983 4176 1184 4247 sententias.
1238 4177 1354 4247 tinent
1368 4176 1474 4246 etiam
1491 4187 1582 4244 terra
1599 4175 1842 4251 deliramenta.

195 4277 329 4350 Totum
356 4301 484 4372 corpus
509 4279 692 4350 doctrinae
721 4278 935 4348 intuendum
962 4291 1032 4363 est,
1070 4291 1105 4348 et
1130 4278 1184 4347 vi·
1339 4277 1548 4348 Frenandae
1563 4291 1646 4348 stant
1671 4277 1779 4368 igitur
1802 4291 1957 4364 mentes,
1979 4293 2015 4350 ει
2035 4274 2229 4352 cohercen-

194 4383 311 4453 denda
331 4381 572 4452 membrorum
595 4379 837 4462 concinnitas,
866 4392 901 4450 et
925 4391 966 4450 ut
987 4380 1035 4450 ita
1059 4380 1186 4466 dicam,
1239 4383 1304 4450 dae
1321 4381 1360 4450 in
1374 4379 1584 4472 obsequium
1599 4375 1763 4465 Christo,
1789 4396 1828 4450 ut
1847 4379 1978 4451 Paulus
1996 4381 2125 4476 inquit.
2161 4381 2229 4452 Ca-

20 4554 22 4563 ,
193 4479 395 4556 harmonia.
1239 4485 1394 4552 vendum
1418 4507 1463 4550 ne
1485 4481 1657 4572 adplausu
1679 4483 1938 4564 multitudinis,
1971 4507 2016 4553 ne
2040 4483 2229 4554 dulcedine

107 4582 114 4596 “
298 4585 410 4657 Ludit
436 4583 688 4656 Samosatenus
720 4584 895 4655 indicto:
936 4582 978 4654 ln
1007 4583 1185 4675 principio
1238 4583 1460 4668 subtilitatis,
1485 4607 1530 4652 ne
1552 4578 1751 4678 φιλαυτίᾳ,
1776 4608 1821 4653 ne
1843 4607 1963 4654 amore
1979 4584 2229 4668 contentionis,
2333 4593 2334 4600 ’

198 4701 273 4760 erat
297 4683 415 4787 λόγος.
471 4683 547 4757 Cur
570 4686 685 4780 iuquit
709 4683 842 4784 λόγον,
875 4685 1046 4776 intelligis
1065 4709 1185 4778 perso·
1238 4687 1491 4758 nesactionum
1508 4686 1651 4766 studiis,
1677 4709 1722 4756 ne
1743 4687 1845 4756 fracti
1871 4700 1986 4772 metu,
2011 4687 2229 4759 abducamur
2333 4681 2334 4694 ³

198 4815 281 4861 nam
297 4815 377 4861 cum
397 4783 516 4886 λέγειν
529 4787 572 4858 sit
589 4787 705 4858 actio?
741 4787 1185 4883 Atsequeustotanarra·
1237 4789 1432 4862 averitate.
1470 4785 1568 4857 Hace
1585 4789 1699 4857 atalia
1716 4787 1826 4858 multa
1838 4787 2121 4869 Paulusmonet‚
2148 4811 2224 4859 cum

197 4893 248 4964 tio
262 4891 418 4964 ostendit
433 4881 547 4988 λόγον
562 4913 747 4981 personam
764 4913 850 4960 esse.
901 4885 1118 4960 Adhibenda
1134 4904 1186 4962 est
1238 4891 1303 4962 ait:
1331 4889 1477 4960 Habitat
1495 4890 1589 4960 inter
1604 4912 1665 4958 vos
1681 4911 1795 4958 sermo
1810 4886 1879 4958 Dei
1901 4890 1940 4958 iu
1962 4891 2063 4960 omni
2087 4890 2225 4982 sapien·

195 4993 304 5085 igitur
319 4993 490 5086 sapientia
509 4991 547 5060 in
562 4992 784 5062 conferendis
798 4993 969 5083 partibus.
996 4989 1067 5062 Nec
1079 4993 1185 5062 stulte
1238 4993 1297 5066 tia.
1349 4991 1431 5064 Scio
1456 5005 1573 5062 autem
1600 4992 1712 5060 multo
1738 4991 1840 5082 plura
1867 4992 2052 5082 complecti
2077 4989 2224 5062 Paulum

195 5095 331 5166 dietum
361 5109 414 5167 est
436 5089 661 5186 Epiphanio:
702 5085 826 5165 πάντα
850 5089 898 5166 τὰ
922 5093 1012 5166 θεῖα
1037 5087 1184 5188 ῥήματα
1237 5095 1275 5163 in
1295 5089 1363 5164 boc
1381 5095 1496 5178 dicto,
1522 5113 1629 5185 quam
1646 5088 1730 5162 baec
1746 5093 2006 5186 quaerecitavi.
2036 5091 2117 5163 Nec
2130 5093 2225 5188 quis·

196 5193 266 5270 οὐκ
288 5192 509 5322 dilqpopiae
525 5191 662 5282 δεῖται,
689 5199 756 5266 aas
783 5221 834 5276 ως
846 5221 938 5290 εχει,
963 5191 1128 5292 θεωρίας
1143 5187 1184 5266 δὲ
1236 5221 1342 5291 mam
1359 5197 1522 5267 evolvere
1539 5207 1645 5264 totam
1660 5193 1764 5264 Pauli
1781 5197 1990 5266 sententiam
2008 5209 2144 5286 potest,
2164 5195 2223 5266 sed

194 5294 313 5370 δεῖται
325 5318 390 5368 και
405 5290 626 5391 αὶσθήσεως,
651 5298 701 5378 sir
714 5293 757 5369 τὸ
773 5293 909 5370 εἰδέναι
924 5289 1079 5390 ἑκάστης
1092 5293 1184 5369 ὑπο·
1234 5311 1354 5369 tamen
1375 5299 1481 5370 verba
1499 5297 1700 5388 aspicienda
1715 5311 1817 5382 sunt,
1843 5313 1877 5368 et
1892 5296 2129 5369 consideratio
2144 5297 2223 5368 sub-

193 5395 336 5478 ascens
357 5393 427 5469 aiv
444 5392 629 5490 δύναμινε
654 5395 811 5469 Divinus
826 5422 940 5468 sermo
957 5423 1031 5468 non
1048 5399 1184 5490 indiget
1233 5399 1318 5470 inde
1333 5401 1414 5492 plats
1430 5401 1563 5470 adseret
1581 5399 1680 5469 lucis.
1724 5393 1777 5470 Ac
1794 5400 2052 5486 adolescentes,
2075 5413 2116 5472 ut
2130 5423 2166 5470 se
2180 5398 2220 5469 ad
