4718 5828
249 275 322 350 14⁷
973 265 1137 346 DECL.
1169 265 1247 344 DE
1279 267 1557 347 VESTITU.
2219 272 2297 348 148

135 437 137 444 ’
246 450 308 521 sed
331 459 505 544 quantcun
531 445 681 540 quisque
700 426 841 536 potest,
873 457 1115 515 monstrosum
1145 443 1241 518 lacit.
1293 443 1441 526 vestire,
1472 467 1536 516 suo
1557 465 1658 513 more
1680 441 1800 512 vivere
1822 443 1963 525 voluit?
1994 441 2108 514 Nemo
2127 443 2294 537 proiecto

246 548 301 622 Ac
317 563 394 622 tum
410 551 554 620 demum
568 547 758 618 sibilortes
771 547 861 632 viri,
886 561 961 618 tom
981 560 1152 648 satrapae,
1177 547 1242 614 de-
1294 545 1396 616 illum
1422 543 1558 615 inulla
1578 546 1671 616 vitae
1693 557 1793 637 parte
1817 548 2060 630 moderatum,
2086 561 2147 617 aut
2171 548 2297 639 legum

246 653 358 746 nique
378 651 483 744 plane
503 649 596 720 beati
617 649 806 734 videntur,
830 673 910 719 cum
933 648 1085 718 maxime
1105 671 1241 716 novum
1292 661 1510 718 metuentem
1524 649 1601 718 iore
1616 648 1746 720 credet.
1797 643 1847 717 Et
1862 642 1928 717 hac
1947 650 2168 740 impudentia
2182 651 2299 740 pleri-
2355 661 2356 670 ’

246 751 410 826 habitum
436 752 658 844 maximeque
687 747 938 822 abhorrentem
968 752 1014 821 ab
1041 751 1154 822 oculis
1173 750 1241 819 bo-
1293 773 1362 842 qoe
1385 763 1468 820 sunt
1484 751 1547 844 qui
1569 775 1612 820 ex
1638 745 1768 818 scholis
1791 763 1932 839 postca,
1966 773 2040 820 non
2058 765 2198 822 tantum
2216 777 2298 822 am-

246 879 377 926 norum
399 855 557 924 virorum
583 854 838 944 excogitarunt.
892 849 1074 942 Quasdam
1096 853 1241 935 formas,
1293 853 1399 922 biunt
1421 851 1765 924 administrationem
1789 851 1990 938 civitatum,
2016 855 2077 922 sed
2093 855 2208 925 multo
2224 849 2297 924 ho-

246 957 331 1053 quia
354 981 429 1026 non
450 977 594 1047 possum
616 957 813 1026 verecunde
846 955 1051 1040 nominare,
1084 967 1240 1046 practer·
1293 955 1485 1024 nestiorem
1524 953 1745 1046 provinciam
1784 955 1966 1024 docendae
2004 955 2207 1045 religionis,
2250 959 2299 1026 ad

246 1059 363 1129 mitto.
400 1055 504 1136 Esset
517 1058 613 1126 enim
629 1059 826 1148 optandum
847 1071 888 1126 ut
901 1058 1072 1127 abderent
1091 1080 1131 1125 ac
1146 1070 1242 1145 tege-
1294 1081 1399 1150 quam
1427 1057 1566 1126 adferre
1599 1057 1814 1144 singularem
1848 1058 2057 1126 modestiam
2091 1059 2297 1148 oportebat.
2355 1091 2356 1098 ¹

246 1174 327 1232 rent
344 1147 550 1250 diligentius
564 1181 620 1228 eas
635 1173 769 1252 partes,
796 1181 884 1252 quas
901 1173 1028 1229 natura
1043 1159 1118 1251 ipsa
1137 1158 1242 1227 abdi·
1293 1158 1429 1228 Audivi
1452 1157 1491 1226 in
1516 1172 1608 1228 terra
1626 1157 1775 1228 Sueviea
1797 1155 1999 1249 Principem
2021 1157 2129 1229 luisse
2152 1185 2299 1231 summa

246 1265 320 1347 dit,
343 1287 389 1332 ne
405 1263 445 1330 in
462 1275 628 1354 promptu
644 1261 797 1353 positae,
823 1261 1008 1331 ambitiose
1023 1283 1058 1330 se
1075 1261 1241 1330 ostende·
1293 1261 1482 1352 prudentia
1498 1285 1537 1328 ac
1551 1261 1680 1352 pietate
1693 1259 1907 1351 praeditum,¹
1925 1257 2301 1332 EberardumBarba-
2355 1313 2356 1320 κ

245 1379 338 1438 rent.
384 1361 468 1436 Non
481 1365 713 1453 neglexerunt
730 1359 823 1433 hanc
838 1377 974 1456 partem
991 1361 1241 1455 sapientissimi
1292 1375 1388 1447 tum,
1414 1363 1463 1432 sic
1485 1363 1581 1431 enim
1605 1375 1751 1447 vocant5
1777 1355 1937 1432 adhunc
1959 1363 2213 1434 aiuntvenisse
2235 1365 2299 1436 iu-

246 1467 496 1558 legumlatores
515 1462 719 1535 in‘Graecis
734 1465 952 1536 civitatibus.
995 1463 1129 1535 Scribit
1144 1464 1241 1532 enim
1294 1487 1419 1534 venem
1437 1466 1613 1557 quendam
1630 1477 1806 1554 petentem
1823 1465 2072 1549 sacerdotium,
2098 1467 2190 1536 forte
2208 1460 2299 1536 huic
2355 1457 2356 1472 ¹

246 1563 453 1660 Xenophon
469 1568 508 1636 in
524 1566 1081 1650 institutisLacedaemoniorum,
1106 1566 1242 1660 Lycur·
1280 1582 1419 1638 uentus
1435 1566 1573 1656 aperuit
1594 1579 1745 1651 vestem,
1770 1579 1810 1635 ut
1826 1566 1962 1636 videret
1975 1565 2146 1659 Princeps
2167 1569 2299 1637 scissas
2355 1597 2356 1634 t

246 1695 331 1762 gum
354 1669 590 1762 praecepisse,
617 1683 656 1739 ut
673 1669 773 1761 pueri
793 1669 831 1737 in
855 1669 1018 1760 publico,
1043 1691 1170 1737 manus
1184 1667 1242 1736 in·
1295 1667 1442 1739 militari
1466 1692 1565 1736 more
1590 1669 1729 1756 caligas.
1783 1665 1824 1735 ld
1847 1683 2196 1759 nuncnemotegere
2216 1683 2298 1738 stu·
2355 1695 2356 1756 1

246 1777 301 1846 t‘ra
316 1786 428 1842 vestes
442 1772 683 1857 continerent,
708 1785 747 1841 ut
762 1771 861 1841 taciti
876 1771 1090 1854 incederent,
1109 1793 1155 1838 ne
1171 1770 1240 1838 cir·
1294 1771 1370 1854 det,
1395 1783 1494 1842 tanta
1510 1785 1560 1841 est
1578 1769 1818 1860 impudentia,
1844 1769 1882 1837 in
1899 1769 1963 1839 illo
1985 1793 2085 1840 casus
2100 1785 2297 1842 retexerat:
2355 1785 2356 1800 ¹

247 1886 544 1967 cumspectarent,
569 1897 635 1942 nec
658 1873 852 1942 delicerent
873 1873 993 1942 oculos
1011 1873 1055 1940 ab
1079 1867 1242 1964 hisquae
1293 1873 1346 1940 ibi
1361 1870 1548 1962 Princeps,
1570 1883 1611 1940 ut
1632 1872 1921 1941 erat'acerrimus
1939 1887 2082 1942 exactor
2103 1886 2298 1968 custosque

246 1991 331 2049 ante
357 1979 464 2069 pedes
486 1987 613 2045 essent.
671 1971 720 2045 Et
741 1975 884 2068 quidem
914 1970 1000 2043 haec
1034 1995 1241 2062 magnarum
1294 1974 1505 2066 disciplinae
1527 1995 1688 2058 morum,
1722 1973 1770 2042 ita
1795 1987 1994 2044 commotus
2017 1987 2088 2058 est,
2113 1988 2153 2046 ut
2173 1999 2299 2068 quan·
2355 2023 2356 2050 ,

246 2080 422 2152 virtutum
447 2077 622 2171 tyrocinia
638 2077 811 2170 quaedam
834 2099 908 2145 esse
925 2075 1141 2147 existimant:
1179 2073 1242 2145 Ait
1294 2101 1399 2170 quarn
1416 2075 1517 2168 loqui
1532 2074 1659 2145 Latine
1681 2099 1755 2144 non
1779 2075 1922 2160 soleret,
1948 2089 2067 2146 tamen
2083 2077 2135 2145 ira
2153 2077 2186 2145 ei
2204 2071 2295 2146 haec

247 2182 344 2252 enim
368 2173 572 2271 Xenophon
598 2177 678 2248 ideo
708 2173 796 2248 haec
820 2178 980 2248 instituta
1010 2201 1102 2262 esse,
1134 2189 1175 2247 ut
1197 2177 1241 2245 ad
1293 2181 1401 2248 verba
1427 2177 1649 2268 expresserit:
1679 2175 1776 2246 Vade
1798 2178 1862 2250 ira.
1916 2176 1975 2248 Sic
1999 2179 2121 2260 illum,
2149 2178 2234 2272 quia
2261 2179 2296 2247 ei
2355 2203 2356 2206 ¹

247 2281 508 2365 verecundiam,
535 2281 708 2372 pudorem
725 2279 1152 2370 acmodestiamaprima
1169 2292 1242 2348 sta·
1293 2279 1948 2370 succensereteconspectosuoabire
1967 2281 2081 2353 iussit.
2133 2278 2186 2351 Ac
2211 2295 2295 2352 tan·
2355 2289 2356 2300 ¹

246 2386 312 2456 tim
336 2383 485 2476 pueritia
507 2381 749 2452 adsuelierent.
800 2381 945 2471 Quanto
961 2383 1071 2472 magis
1095 2403 1160 2449 nos
1179 2380 1241 2472 qui
1293 2396 1369 2452 turn
1392 2380 1521 2465 abfuit,
1553 2393 1594 2449 ut
1618 2381 1854 2450 sacerdotium
1880 2382 2077 2464 conferret,
2114 2395 2155 2452 ut
2181 2384 2294 2452 etiam
2355 2441 2356 2446 ,

246 2488 285 2556 in
300 2481 438 2555 scholas
460 2483 559 2553 missi
582 2507 721 2570 sumus,
746 2496 876 2554 utnon
899 2485 1006 2553 modo
1024 2483 1144 2551 literas
1160 2505 1241 2572 per·
1293 2479 1521 2553 vehementer
1544 2481 1770 2571 obiurgatum
1789 2483 1980 2570 dimiserit,
2006 2485 2102 2576 quod
2125 2484 2163 2551 in
2180 2482 2294 2553 Prin·
2355 2493 2356 2564 Ϊ

246 2590 461 2679 ciperemus‚
486 2588 547 2656 sed
569 2599 610 2656 ut
632 2588 678 2654 ad
699 2585 820 2654 omnia
843 2579 989 2655 honesta
1006 2585 1120 2653 officia
1137 2585 1242 2652 insti·
1293 2586 1382 2676 cipis
1398 2597 1624 2676 conspectum
1644 2586 1764 2653 venire
1782 2609 1862 2654 curn
1878 2607 2019 2654 scurrae
2034 2579 2169 2668 habitu,
2191 2589 2293 2678 quod

246 2689 452 2760 tueremur?
484 2685 580 2756 Haec
596 2687 811 2756 incunabula
825 2688 1028 2772 modestiae,
1055 2686 1094 2754 in
1110 2687 1240 2755 vestitu
1292 2687 1428 2756 ambire
1443 2685 1678 2756 sacerdotium
1694 2711 1799 2756 ausus
1815 2701 1915 2768 esset,
1933 2682 2096 2757 cumbae
2113 2687 2293 2778 significa-

248 2806 354 2885 atque
376 2791 515 2860 incessu
538 2811 678 2858 servare
694 2789 861 2879 oportuit.
913 2788 1049 2858 Verum
1067 2789 1154 2881 quid
1172 2783 1241 2856 hoc
1292 2790 1391 2860 tione
1407 2787 1667 2881 impudentiae,
1693 2813 1733 2858 ac
1755 2784 1927 2874 levitatis,
1953 2814 1971 2858 a
1993 2813 2062 2882 qua
2084 2789 2293 2880 longissime

245 2893 397 2962 monstri
419 2905 489 2976 est,
519 2891 617 2961 aliud
638 2891 752 2960 oratio
775 2887 1084 2980 scholasticorum,
1116 2891 1240 2980 dispu-
1293 2892 1412 2961 abesse
1428 2891 1627 2960 sacerdotes
1643 2891 1755 2960 decet.
1790 2887 1827 2960 0
1843 2914 2027 2960 censuram
2046 2893 2189 2982 diguam
2209 2893 2292 2962 lau·
2355 2935 2356 2938 =

246 2995 399 3066 tantium
414 2995 458 3062 de
479 2986 637 3062 honestis
658 2991 802 3077 officiis,
825 2993 924 3063 aliud
939 2993 1045 3062 vestis
1070 2991 1240 3084 loquitur,
1293 2995 1355 3074 de,
1399 2993 1614 3086 dignamque
1650 2993 1820 3062 memoria
1859 3006 1974 3063 vestra
2014 2991 2292 3070 commilitones.

246 3119 337 3190 quae
353 3119 525 3166 summam
551 3094 808 3184 impudentiam
831 3095 1058 3184 praesefert
1110 3091 1241 3163 Plane·
1270 3093 1427 3165 'Merito
1450 3095 1544 3163 enim
1567 3095 1657 3166 tanti
1675 3095 1761 3180 viri,
1779 3095 1845 3164 'cui
1868 3096 1961 3164 fama
1985 3107 2038 3165 est
2059 3095 2099 3163 in
2120 3089 2188 3164 boe
2212 3111 2290 3167 toto

223 3222 316 3294 ·que
336 3197 449 3266 miror
465 3195 552 3290 quid
577 3197 649 3264 illis
669 3192 707 3264 in
730 3209 884 3266 mentem
907 3196 1047 3281 veniat,
1074 3219 1154 3266 cum
1180 3219 1239 3264 co·
1293 3195 1507 3267 Germaniae
1530 3197 1700 3286 imperio,
1729 3219 1904 3266 summam
1929 3197 2122 3288 sapientiae
2144 3197 2291 3267 laudem

245 3301 363 3390 gitaut
382 3311 555 3392 quantum
581 3321 601 3367 a
625 3321 662 3367 se
683 3298 752 3390 ipsi
773 3297 1001 3378 dissentiant,
1032 3321 1138 3390 quarn
1165 3321 1239 3367 non
1291 3300 1461 3370 tributam
1479 3321 1566 3383 esse,
1593 3299 1810 3368 commoveri
1826 3299 1961 3386 iudicio
1977 3299 2159 3371 debemus.
2193 3297 2292 3370 Huic

245 3403 433 3472 conveniat
451 3403 495 3470 ad
512 3399 708 3470 orationem
725 3421 843 3487 suam,
869 3402 914 3468 ad
937 3399 1074 3484 studia,
1099 3395 1157 3470 hic
1174 3393 1240 3469 ha·
1292 3401 1388 3472 enim
1411 3424 1535 3471 omncs
1558 3401 1704 3492 populi,
1739 3425 1819 3472 curn
1843 3424 1966 3470 omnes
1988 3401 2131 3470 ordines
2145 3398 2184 3470 in
2200 3427 2291 3472 con-

243 3503 352 3577 bitus.
404 3502 444 3573 si
467 3502 507 3571 in
528 3525 630 3571 scena
656 3502 816 3594 prodiret
843 3525 924 3571 cum
949 3497 1075 3572 habitu
1098 3524 1239 3572 scurrae
1291 3495 1382 3574 ciliis
1413 3503 1630 3595 populorum
1666 3499 1882 3574 Germaniae
1912 3505 1957 3571 de
1987 3503 2150 3572 maximis
2179 3505 2291 3576 rebus

244 3603 510 3697 Agamemnon,
542 3627 648 3674 nemo
671 3628 744 3674 non
771 3603 1024 3674 vociferaretur
1044 3604 1149 3674 illum
1171 3601 1239 3674 Hi·
1290 3627 1394 3696 saepe
1415 3607 1554 3675 adsensi
1575 3605 1664 3688 sint,
1688 3605 1932 3675 adsentiamur
1952 3617 1988 3674 et
2009 3627 2076 3674 nos
2091 3599 2156 3674 bac
2175 3619 2290 3697 parte,
2355 3653 2356 3662 η

243 3708 414 3780 strionem
431 3706 552 3776 decori
565 3706 717 3776 oblitum
733 3725 819 3792 esse,
842 3706 977 3774 nescire
991 3729 1126 3786 scenae,
1142 3707 1238 3798 quod
1291 3722 1326 3778 et
1341 3718 1536 3777 statuamus
1550 3707 1587 3776 id
1606 3707 1700 3799 quod
1718 3730 1773 3774 res
1789 3720 1856 3790 cst,
1884 3706 1978 3776 nulli
1993 3730 2068 3774 non
2082 3707 2204 3776 ordini
2218 3703 2291 3778 ho-

243 3809 364 3894 aiunt,
398 3809 547 3878 servire:
579 3821 651 3878 tam
682 3829 822 3876 morose
849 3807 1047 3878 iudicamus
1071 3807 1109 3873 in
1131 3807 1237 3878 ludis.
1289 3809 1429 3878 minum
1454 3802 1517 3877 has
1538 3808 1710 3898 ineptias,
1735 3810 1795 3877 sed
1817 3808 1968 3878 maxime
1991 3803 2210 3880 scholasticis
2228 3810 2291 3879 in-

244 3911 343 4002 Quid
360 3910 492 4002 putatis
508 3931 630 4000 graves
645 3905 741 3980 viros
764 3907 920 3979 iudicare
935 3909 972 3976 in
997 3908 1097 3976 seriis
1120 3909 1238 3994 rebus,
1291 3912 1435 3980 decoras
1460 3933 1546 3978 esse.
1598 3907 1722 4003 Neque
1740 3933 1825 3980 vero
1848 3909 1898 3980 sic
1922 3911 1984 3979 ille
2003 3912 2132 3995 sensit,
2158 3927 2192 3983 et
2209 3935 2288 3982 non

242 4028 417 4108 quantum
434 4007 519 4083 huic
539 4033 662 4082 scenae
675 4033 741 4080 nos
763 4009 896 4079 servire
912 4010 1042 4095 velint,
1067 4009 1106 4078 in
1120 4035 1238 4104 quam,
1290 4013 1448 4083 sentiunt
1464 4012 1558 4080 idem
1574 4013 1801 4082 omnesboni
1817 4013 1902 4096 vici,
1927 4012 2090 4084 omniurn
2115 4007 2289 4084 honesto-

242 4115 469 4210 quialudom
489 4108 691 4206 huncessc‚
717 4137 792 4182 non
815 4113 923 4182 modo
948 4112 1152 4199 literarum,
1177 4115 1237 4183 sed
1289 4139 1369 4186 rum
1386 4111 1573 4184 hominum
1591 4107 1766 4183 haedere
1782 4115 1909 4184 calculi
1924 4115 2161 4190 consentiunt.
2193 4113 2291 4204 Quis
2353 4127 2356 4134 ”

243 4215 405 4287 omnium
442 4214 617 4286 virtutum
658 4215 965 4308 percipiendarum
1008 4215 1237 4302 arbitrantur,
1290 4217 1385 4302 enim
1401 4231 1576 4301 vestrum,
1599 4213 1663 4308 qui
1683 4219 1791 4286 modo
1808 4216 2004 4287 liberaliter
2023 4215 2206 4289 institutus
2222 4232 2288 4306 est,

243 4317 325 4388 ideo
340 4315 484 4388 deducti
498 4338 636 4403 sumus,
661 4330 703 4388 ut
718 4311 803 4386 hinc
817 4309 951 4408 optima
968 4315 1157 4408 disciplina
1173 4319 1237 4386 ad·
1289 4318 1353 4413 qui
1369 4319 1439 4387 nisi
1454 4318 1501 4388 sit
1515 4318 1862 4409 impudentissimus,
1888 4319 1981 4390 ausit
2001 4319 2285 4412 inconspectum

242 4419 388 4492 suesacti
401 4417 515 4489 bonos
532 4441 648 4488 mores
664 4418 708 4486 ad
720 4415 900 4512 Rempnb.
917 4417 1113 4489 afferamus.
1165 4417 1236 4490 Sed
1289 4421 1345 4493 sui
1368 4421 1478 4512 patris
1499 4443 1579 4490 cum
1600 4419 1769 4491 inusitata
1787 4433 1882 4492 veste
1896 4419 2045 4492 venire?
2076 4420 2184 4511 Quod
2200 4443 2286 4492 curn

242 4521 363 4617 quales
380 4542 496 4590 mores
510 4520 670 4590 adferent
688 4520 742 4588 illi
759 4523 800 4590 ad
817 4517 976 4612 Respub.
989 4520 1051 4614 qui
1066 4533 1235 4615 tanquam
1288 4524 1338 4596 ita
1360 4522 1422 4606 sit,
1448 4535 1568 4614 putate
1590 4520 1678 4592 haec
1698 4523 1785 4592 vitia
1802 4523 1841 4592 in
1862 4521 2044 4594 communi
2062 4525 2147 4595 odio
2167 4525 2288 4596 bono-

242 4624 281 4693 in
303 4622 544 4714 impudentiae
561 4621 647 4692 ludo
664 4621 794 4691 versati
812 4637 948 4706 essent,
973 4623 1106 4693 iudicia
1120 4625 1235 4694 bono·
1287 4649 1368 4696 rum
1390 4625 1551 4695 virorum
1581 4625 1743 4695 omnium
1773 4647 1855 4696 esse.
1923 4623 2141 4719 Quanquam
2164 4640 2288 4698 autem

242 4749 322 4798 rum
342 4725 503 4822 uirorum
527 4736 754 4793 contemnere
776 4737 1055 4809 consueverunt,
1081 4725 1144 4818 qui
1168 4750 1237 4818 pu·
1287 4727 1416 4798 merito
1432 4751 1498 4818 pro
1513 4726 1652 4818 legibus
1666 4721 1790 4796 haberi
1806 4729 1944 4812 debeat,
1969 4727 2146 4822 quidquid
2159 4751 2288 4800 omnes

241 4829 367 4900 dorem
382 4825 676 4897 etvereeundiam
690 4825 832 4917 penitus
845 4849 886 4896 ex
901 4823 1030 4897 animis
1047 4826 1235 4910 eiecerunt,
1287 4829 1376 4900 honi
1389 4828 1460 4898 viri
1483 4831 1660 4910 sentiunt,
1687 4841 1804 4899 tamen
1823 4829 1853 4898 si
1875 4829 1995 4900 minus
2006 4831 2103 4922 apud
2118 4853 2181 4900 vos
2194 4831 2287 4901 alie-

242 4931 306 5026 qui
317 4929 435 5022 legum
451 4939 549 4997 metu
564 4927 736 5018 deposito,
753 4927 859 4997 licere
874 4928 943 4998 sibi
956 4929 1132 5023 quidquid
1148 4929 1237 5002 libet
1287 4955 1416 5002 norum
1432 4931 1603 5002 autoritas
1617 4931 1727 5016 valet,
1752 4933 1870 5005 valeat
1880 4933 1974 5022 apud
1990 4955 2287 5028 unumquemque

242 5029 470 5102 existimant?
520 5027 639 5101 Multa
661 5029 774 5116 enim,
803 5043 843 5102 ut
864 5030 958 5116 dixi,
983 5031 1069 5101 vitia
1087 5033 1150 5103 alit
1172 5033 1234 5104 illa
1287 5033 1343 5104 sui
1358 5034 1469 5127 patris
1484 5033 1673 5118 autoritas,
1700 5057 1806 5128 quam
1825 5047 1876 5106 est
1890 5033 2002 5125 pietas
2016 5035 2190 5128 quaedam
2205 5059 2286 5104 ma-

241 5133 454 5226 ineptiarum
471 5131 671 5206 adfectatio.
705 5129 824 5221 Quam
843 5155 939 5223 spem
953 5134 997 5202 de
1013 5158 1049 5204 se
1067 5135 1235 5226 praebere
1284 5135 1417 5206 xlmam
1434 5149 1468 5206 et
1482 5135 1722 5226 gravissimam
1738 5137 1878 5212 ducere.
1912 5133 2034 5223 Quare
2047 5136 2077 5205 si
2093 5151 2285 5228 parentum

240 5234 347 5307 bonis
363 5234 448 5304 viris
462 5246 576 5325 potest
591 5234 643 5318 is,
668 5233 731 5327 qui
750 5233 788 5302 in
805 5235 917 5326 prima
932 5235 1084 5328 pueritia
1097 5237 1235 5326 legibus
1283 5237 1397 5308 animi
1411 5239 1456 5308 ab
1473 5233 1530 5308 his
1544 5237 1687 5328 ineptiis
1703 5237 1743 5306 in
1759 5237 1889 5310 vestitu
1907 5233 2122 5319 abhorrent,
2149 5233 2286 5309 abhor-

169 5337 170 5340 ’
242 5359 279 5406 se
301 5329 482 5407 coherceri
503 5349 609 5429 atque
631 5335 820 5425 gubernari
844 5351 986 5408 nonest
1007 5359 1150 5427 passus,
1173 5341 1234 5408 sed
1284 5353 1366 5410 rent
1390 5353 1508 5410 autem
1528 5333 1624 5410 haud
1645 5339 1771 5426 dubie,
1802 5341 2022 5412 voluntatem
2047 5339 2193 5410 illorum
2216 5365 2286 5433 pro

243 5437 307 5530 qui
335 5449 506 5528 tanquam
537 5436 765 5528 tyrannidem
795 5450 948 5523 teneret,
989 5459 1055 5508 suo
1083 5439 1233 5510 arbitrio
1286 5441 1361 5531 lege
1378 5436 1582 5519 habeamus.
1629 5440 1753 5536 Neque
1774 5442 1870 5513 enim
1894 5441 2094 5514 existimare
2111 5441 2285 5514 debemus
