4616 5816
204 233 281 308 οη
711 225 1389 356 praenecessarium
1416 226 1736 310 nouandis
1864 233 1869 242 ·
2149 213 2228 327 'roe

206 404 361 478 lectione
378 403 648 494 permulceatur.
693 398 741 474 Ut
757 401 851 472 enim
869 403 907 470 in
924 397 993 474 hoc
1007 401 1138 494 scripto
1152 416 1206 477 est
1255 426 1413 488 merum,
1437 402 1499 496 qui
1516 404 1592 476 eius
1611 430 1667 478 res
1689 422 1851 498 gestaru
1872 412 2081 490 louiaiarta
2098 419 2231 496 immor-

207 508 382 602 quaedam
396 505 546 596 perlecta
564 518 598 574 et
616 503 777 576 absoluta
795 505 910 594 imago
926 505 1119 596 sapientiae
1136 501 1205 576 bu·
1256 503 1320 576 tali
1342 505 1498 574 carmine
1515 508 1753 582 celebraturus
1770 529 1869 588 esset.
1919 515 2016 588 Haec
2032 522 2074 590 de
2090 519 2232 596 Homero

207 631 350 692 manae,
380 620 654 700 quantacunque
672 627 713 672 ea
729 605 876 674 omuino
893 629 967 676 esse
981 619 1041 676 aut
1057 607 1203 695 cogitari
1256 591 1503 678 Philostratus.
1544 605 1612 678 Per
1627 604 1694 680 hoc
1713 608 1808 684 haud
1824 617 1933 689 dubie
1948 620 2162 710 significans,
2184 627 2233 694 di-

208 724 344 804 potest,
370 708 418 778 ita
433 709 471 776 iu
488 709 586 776 omni
610 730 738 796 genere
754 708 935 776 doctrinae
955 702 1049 776 nihil
1065 708 1205 778 dulcius
1256 707 1390 776 vinitus
1406 707 1592 778 excitatum
1611 712 1718 782 luisse
1734 715 1954 804 Homerum,
1987 735 2022 794 et
2036 724 2154 794 divina
2170 728 2233 796 vir.

209 825 338 894 coest,
364 804 457 878 nihil
472 809 697 892 luculentius,
724 803 817 876 nihil
834 808 871 876 in
889 813 982 901 quod
1002 809 1114 878 maior
1131 812 1205 878 clo·
1257 820 1331 878 tute
1356 807 1513 878 alllaturn
1539 805 1624 880 baec
1650 817 1828 888 cecinisse.
1882 817 1922 888 ld
1944 827 2040 914 quod
2065 828 2181 896 multis
2201 831 2233 900 in

208 912 374 1008 quentiae
397 912 567 1002 splendor
595 911 748 994 eluceat,
782 923 820 980 ut
845 926 937 978 recte
962 911 1096 981 (lictum
1120 911 1203 980 sita
1257 909 1344 978 locis
1367 909 1485 978 videre
1508 911 1609 996 licet,
1641 938 1721 984 euru
1747 918 1844 990 velut
1858 945 1898 992 ex
1915 926 2022 1016 arlyto
2041 927 2095 996 vel
2112 931 2234 1000 cortina

210 1013 339 1084 Fabio:
365 1009 678 1100 Quemadmodum
694 1013 738 1080 ab
755 1035 886 1080 oceano
906 1035 1028 1080 omnes
1045 1013 1204 1080 auruium
1257 1010 1364 1080 altius
1390 1012 1560 1104 quiddam
1588 1026 1624 1083 et
1648 1016 1825 1100 divinius,
1863 1047 1970 1114 quam
1999 1051 2063 1116 pro
2091 1023 2233 1100 humano

208 1130 244 1188 et
270 1113 424 1184 sontium
454 1137 576 1184 cursus
603 1112 705 1182 initia
732 1113 890 1204 capiant,
933 1113 979 1184 ita
1007 1111 1205 1182 Homerum
1257 1113 1551 1204 captusonnisse.
1603 1111 1769 1190 Indicant
1792 1115 1860 1192 hoc
1882 1127 2076 1212 nonnulla,
2100 1134 2235 1224 quaein

208 1217 377 1290 omnibus
395 1215 617 1308 eloquentiae
635 1215 795 1305 partibus
816 1215 1014 1304 exemplum
1036 1228 1070 1284 et
1087 1231 1205 1284 ortum
1258 1211 1333 1282 eius
1365 1218 1523 1304 poemate
1554 1237 1673 1307 sparsa
1701 1234 1811 1306 sunt,
1838 1225 2022 1308 vaticinia,
2056 1245 2150 1322 quae
2170 1257 2235 1302 uon

213 1319 364 1390 dedisse.
403 1315 486 1386 Non
503 1315 597 1384 enim
615 1315 753 1406 pluvias
768 1315 828 1384 ille
842 1339 965 1408 aquas,
996 1329 1035 1386 ut
1052 1317 1102 1388 ait
1118 1314 1206 1386 Pin·
1258 1313 1390 1408 absque
1413 1313 1534 1388 afflatu
1559 1318 1720 1388 numinis
1735 1323 1780 1390 ab
1808 1318 1961 1398 humana
1980 1335 2236 1424 meoteconcipi

210 1423 337 1500 darus,
363 1418 516 1507 colligit,
547 1419 607 1486 sed
633 1416 712 1486 vivo
737 1417 884 1486 flumine
907 1419 1078 1498 exundat,
1109 1419 1206 1486 dono
1258 1427 1468 1508 potuerunt:
1504 1417 1607 1510 quale
1638 1415 1705 1490 hoc
1737 1437 1788 1494 est
1809 1428 1853 1496 de
1876 1431 2079 1518 posteritate
2098 1429 2236 1520 Aeneae

211 1523 367 1616 quodam
394 1519 637 1611 providentiae
660 1519 802 1586 divinae
822 1521 866 1588 ad
889 1513 956 1588 hoc
981 1519 1141 1606 genitus,
1166 1532 1208 1590 ut
1258 1533 1291 1586 et
1308 1515 1512 1590 aeternitate
1529 1519 1639 1588 futuri
1655 1519 1812 1594 Romani
1828 1527 1989 1618 imperii,
2010 1535 2106 1626 quod
2123 1559 2142 1604 a
2158 1535 2236 1606 Ver-

211 1625 250 1692 in
265 1647 306 1694 eo
321 1635 412 1692 totas
427 1620 517 1690 vires
533 1643 614 1690 suas
630 1619 831 1712 eloquentia
847 1619 1074 1711 experiretur.
1258 1617 1343 1708 gilio
1360 1611 1427 1688 hoe
1446 1641 1549 1688 versu
1566 1622 1742 1694 redditum
1762 1640 1830 1698 est:

294 1751 373 1824 Etsi
386 1754 496 1844 igitur
512 1767 591 1844 post
607 1753 684 1824 eius
698 1765 845 1822 aetatem
862 1753 1018 1824 ellloruit
1034 1751 1116 1822 satis
1132 1751 1207 1820 loe-
1376 1739 1416 1804 Et
1430 1747 1493 1804 ”⁸¹1
1507 1755 1665 1824 natorum,
1692 1761 1721 1810 et
1740 1756 1795 1834 qni
1809 1767 1967 1820 nascamur
1980 1759 2017 1820 ab
2031 1762 2118 1842 tpata.

212 1857 262 1926 lix
278 1857 469 1926 Poetarum
487 1869 688 1946 proventus,
712 1853 787 1944 ipse
802 1867 920 1923 tamen
939 1877 1077 1945 semper
1093 1876 1208 1937 aarum,
1260 1851 1380 1942 Quare
1395 1877 1467 1922 noo
1483 1856 1581 1925 abre
1595 1857 1819 1932 Democritus
1833 1865 1933 1952 dixit,
1958 1865 2154 1940 Homerum
2170 1895 2237 1943 sor·

211 1954 281 2028 hoc
298 1971 366 2041 est,
390 1980 570 2028 summum
592 1979 633 2025 ac
654 1955 852 2046 principem
870 1955 988 2024 locum
1011 1955 1147 2038 tenuit,
1173 1967 1208 2024 et
1258 1955 1365 2026 titum
1385 1955 1492 2024 luisse
1509 1957 1728 2030 divinantem
1744 1963 1912 2043 animam.
1962 1968 2033 2041 Sed
2048 1973 2113 2043 iata
2132 1997 2237 2064 perse-

210 2081 306 2130 uuus
321 2059 489 2128 omnibus
504 2077 593 2150 quos
608 2057 681 2125 ulla
694 2056 777 2126 tulit
790 2069 894 2140 aetas,
919 2055 1038 2126 Poiitis
1054 2055 1206 2147 palmam
1259 2056 1339 2148 qui,
1364 2080 1438 2126 non
1453 2073 1536 2130 srrnt
1552 2053 1658 2129 huius
1672 2061 1741 2132 loci
1758 2079 1819 2136 aut
1832 2071 2011 2160 temporis.
2057 2069 2113 2146 Ad
2129 2089 2237 2144 nostra

212 2159 430 2254 praeripuit,
454 2157 739 2250 longissimisqne
756 2157 953 2226 intervallis
967 2171 1112 2228 cunctos
1128 2169 1208 2248 post
1260 2157 1379 2246 igitur,
1405 2170 1511 2250 atque
1527 2161 1570 2228 ad
1586 2183 1627 2230 ea
1642 2185 1733 2255 quae
1748 2169 1878 2239 nostris
1895 2171 2022 2242 studiis
2039 2187 2076 2245 et
2089 2178 2238 2246 moribus

213 2261 421 2352 sereliquit,
447 2259 554 2351 idque
570 2249 703 2338 effecit,
729 2273 769 2328 ut
782 2280 949 2348 magnum
966 2273 1000 2328 et
1013 2259 1132 2348 magni
1149 2258 1209 2329 iu·
1259 2258 1426 2350 propiora
1449 2273 1552 2346 suut,
1585 2277 1817 2342 revertamur.
1867 2265 1947 2341 Etsi
1977 2297 2063 2344 vero
2092 2275 2178 2345 mihi
2204 2279 2237 2346 io

213 2362 310 2454 genii
325 2357 487 2431 habitum
502 2360 557 2443 sit,
582 2359 658 2430 eius
674 2360 821 2431 virtutes
835 2383 908 2428 non
924 2359 1067 2452 quidem
1084 2383 1207 2430 aemu-
1261 2359 1454 2450 praesentia
1479 2383 1553 2430 non
1568 2378 1667 2435 vacat
1683 2367 1849 2458 colligere
1870 2367 1919 2442 cd
1942 2371 2238 2472 φιλοσοφούμενα

212 2463 365 2546 latione,
398 2463 493 2555 quod
521 2461 740 2552 impossibile
766 2473 837 2546 est,
869 2463 931 2529 sed
952 2461 1076 2532 saltem
1101 2461 1208 2530 intel·
1260 2461 1320 2530 illa
1336 2461 1536 2546 recondita,
1562 2465 1607 2532 de
1623 2465 1807 2559 principiis
1822 2493 1961 2560 rerum,
1987 2477 2031 2545 de
2052 2493 2151 2549 motu
2168 2505 2237 2549 cor-

213 2565 307 2634 lectu
320 2565 434 2656 sequi.
475 2557 579 2633 Ganit
596 2565 640 2632 de
655 2587 697 2631 eo
711 2575 751 2632 ut
763 2561 958 2651 magnifice,
983 2562 1032 2630 ita
1048 2579 1122 2632 uon
1138 2562 1207 2633 mi-

215 2687 284 2736 uus
301 2687 381 2734 vere
395 2662 586 2732 Manilius:

523 2789 669 2869 cultasque
684 2807 724 2848 ex
738 2805 790 2846 ora
804 2784 929 2868 proluso
994 2775 1155 2878 (inquil)

319 2885 429 2952 Omnia
444 2892 602 2970 posteritas
617 2892 719 2950 latices
732 2891 764 2948 iu
779 2889 909 2949 earmina
926 2887 1026 2966 duxit,

320 2991 515 3073 Amnemqua
529 2993 561 3050 iu
575 3003 679 3052 tenues
695 3009 766 3052 ausa
781 3003 825 3052 est
839 2989 983 3051 deducere
1000 2993 1091 3071 rivos,

317 3089 414 3153 Unius
431 3092 580 3154 l'oeoumla
595 3095 694 3154 bonis.
880 3079 885 3086 ²

214 3195 264 3272 Et
283 3197 497 3274 Theocritus
520 3204 587 3288 ait,
612 3200 799 3272 Musarum
820 3225 919 3286 aves,
946 3197 1095 3290 horest,
1122 3203 1207 3274 reli-

216 3325 306 3396 quos
321 3301 466 3387 Poetae,
492 3303 522 3372 si
544 3327 624 3374 cum
638 3301 796 3374 Homero
818 3301 951 3375 certare
968 3305 1104 3390 ausint,
1129 3305 1206 3375 sru-

215 3417 286 3474 stra
310 3405 491 3487 laborare,
517 3417 550 3474 et
572 3405 667 3474 velut
683 3429 902 3500 coccysmum
927 3409 1030 3476 edere
1058 3409 1102 3476 ad
1124 3408 1205 3476 dul-

215 3506 374 3576 cissimos
396 3505 567 3576 lusciniae
591 3519 725 3576 cantus.
786 3505 954 3578 Testatur
976 3508 1059 3577 item
1081 3503 1205 3578 Philo-

216 3620 345 3680 stratus
360 3605 557 3678 Homerum
574 3631 651 3678 non
672 3607 762 3678 sicut
777 3604 1049 3701 Euphranorem
1073 3623 1206 3680 statua-

214 3709 328 3794 rium,
352 3708 414 3802 qui
431 3709 643 3802 quibusdam
664 3709 703 3777 in
718 3731 780 3779 sua
798 3723 872 3779 arte
887 3711 1077 3782 virtutibus
1094 3725 1208 3782 caete-

213 3810 263 3881 ris
292 3811 486 3902 praestitit,
520 3813 580 3880 sed
604 3811 643 3880 in
666 3811 851 3896 omnibus,
883 3835 974 3904 quae
998 3811 1143 3905 quidem
1163 3813 1206 3886 in

215 3937 433 4008 unoquoque
451 3913 601 3981 maxime
619 3912 760 3982 laudata
776 3912 859 3997 sint,
886 3913 1206 3984 eminentissimum

215 4037 300 4112 esse.
351 4011 520 4086 Etrefert
536 4014 598 4085 ille
618 4013 778 4084 festivam
796 4014 843 4083 de
855 4011 1013 4086 Homero
1037 4013 1208 4102 salsulam,

215 4141 322 4212 quam
337 4139 411 4187 non
426 4117 583 4188 alienum
601 4115 687 4189 duxi
703 4114 859 4186 breviter
871 4110 938 4186 hoc
953 4115 993 4185 in
1014 4115 1093 4186 loco
1108 4139 1204 4187 com-

216 4243 423 4290 memorare.

319 4345 495 4422 Achillem
521 4349 590 4435 ait,
632 4376 712 4422 cum
735 4349 938 4422 adolescens
963 4363 1073 4436 esset,
1114 4351 1207 4422 miro

217 4451 334 4523 studio
354 4465 388 4522 et
410 4475 529 4520 aurore
546 4449 703 4522 Musicae
718 4476 758 4521 ac
771 4449 935 4522 Poeticae
953 4451 1133 4542 flagrasse,
1159 4453 1206 4522 ita

218 4567 257 4624 ut
267 4553 425 4646 quotidie
439 4579 457 4622 a
470 4551 585 4622 Musis
600 4553 828 4624 contenderet
841 4554 1016 4646 precibus,
1033 4568 1073 4623 ut
1086 4578 1208 4626 earum

218 4653 351 4725 auxilio
377 4655 415 4722 in
446 4655 672 4726 excellentem
697 4653 875 4726 Marsicum
904 4669 1020 4746 posset
1047 4659 1207 4730 evadere.

218 4751 381 4850 Cumque
397 4755 536 4825 nullum
556 4757 683 4826 orandi
706 4755 811 4825 finem
833 4755 982 4842 faceret,
1007 4759 1150 4830 tandem
1166 4781 1207 4826 ex

218 4855 334 4929 Musis
350 4855 536 4948 Calliopen
557 4857 610 4926 illi
633 4857 855 4950 apparuisse,
876 4882 916 4926 ac
939 4857 1137 4944 monuisse,
1163 4881 1207 4927 ne

219 4983 299 5028 cum
313 4959 392 5030 latis
409 4973 592 5051 pugnaret,
616 4961 719 5030 aliter
735 4959 830 5028 enim
846 4960 981 5051 superis
996 4960 1110 5030 visum
1124 4983 1209 5045 esse,

219 5082 291 5128 non
308 5073 422 5131 vatem
438 5084 535 5144 eum,
562 5063 621 5131 sed
641 5073 873 5153 praestantem
888 5063 1093 5132 bellatorem
1111 5063 1207 5132 sertu-

219 5183 318 5242 rum,
344 5162 455 5255 etqui
477 5162 562 5233 talea
584 5186 639 5232 res
662 5177 812 5252 gereret,
837 5164 933 5234 uude
950 5161 1080 5234 Poe'tae
1096 5175 1207 5234 mate-

219 5261 308 5330 riam
323 5265 500 5332 scribendi
516 5269 690 5357 sumpturi
705 5279 831 5336 essent.
864 5263 947 5336 Post
963 5279 1104 5338 centum
1121 5287 1207 5334 vero

211 5387 331 5446 ‚annos
353 5365 569 5436 exoriturum
593 5369 770 5462 quendam
791 5381 929 5454 vatem,
962 5365 1107 5440 nomine
1126 5363 1206 5436 Ho-

1260 2585 1387 2654 porum
1405 2563 1608 2634 coelestium
1632 2579 1666 2635 et
1688 2583 1881 2657 astrorum,
1906 2577 1952 2644 de
1977 2579 2175 2664 elementis,
2199 2583 2237 2650 de

1260 2665 1396 2733 mundo
1422 2678 1457 2734 et
1477 2687 1518 2734 eo
1540 2666 1695 2756 duplici,
1729 2671 1774 2738 de
1797 2675 2051 2750 constitutione
2081 2678 2237 2768 hominis,

1259 2766 1303 2833 de
1330 2765 1444 2834 anima
1469 2765 1598 2836 eteius
1620 2769 1799 2858 partibus,
1830 2777 1875 2844 de
1901 2780 1984 2848 sede
2010 2784 2237 2870 potentiarum
2292 2789 2293 2854 3

1258 2865 1415 2956 animae,
1443 2868 1487 2934 de
1511 2868 1658 2957 singulis
1683 2875 1867 2962 potentiis,
1891 2880 1938 2947 dc
1958 2881 2160 2970 affectibus,
2186 2883 2239 2951 iis-
2292 2861 2293 2881 Χ

1259 2991 1327 3060 que
1345 2967 1495 3036 laudatis
1510 2981 1544 3038 et
1559 2971 1711 3058 vitiosis,
1737 2975 1781 3042 de
1793 2977 1932 3048 ratione
1947 3005 2056 3072 porro
2073 3001 2175 3079 atque
2188 2987 2238 3052 iu-

1259 3069 1418 3152 tellectu,
1443 3091 1619 3162 sensuque
1633 3085 1667 3140 et
1684 3078 1843 3165 adpetitu
1859 3105 1938 3149 curn
1962 3107 2004 3152 eo
2024 3089 2169 3175 perenni
2189 3089 2237 3154 di-

1259 3169 1446 3239 micatione
1467 3171 1712 3262 depugnante,
1741 3181 1785 3244 de
1812 3179 1873 3249 illa
1895 3181 2075 3256 diviniore
2099 3203 2132 3259 et
2162 3187 2237 3257 item

1259 3271 1362 3340 bruta
1387 3284 1485 3362 parte
1509 3266 1678 3346 hominis.
1736 3274 1850 3365 Haec,
1883 3281 2047 3376 inquam,
2076 3313 2154 3358 cum
2176 3289 2237 3356 iam

1259 3367 1348 3440 mihi
1370 3395 1551 3442 recensere
1568 3399 1644 3444 non
1665 3376 1786 3464 liceat,
1811 3393 1930 3452 murco
1953 3388 2067 3459 sciant
2089 3391 2238 3476 studiosi,

1258 3475 1419 3542 omnium
1444 3469 1570 3544 harum
1597 3499 1715 3547 rerum
1737 3482 1892 3567 semina,
1925 3497 1959 3556 et
1980 3509 2043 3557 ceu
2076 3491 2187 3560 lantes
2204 3493 2238 3560 iu

1259 3573 1416 3644 Homero
1431 3599 1514 3644 esse.
1546 3573 1669 3670 Neque
1683 3580 1778 3650 sallus
1794 3583 1997 3658 meliorant
2011 3591 2237 3680 praestantior

1259 3677 1373 3768 pictor
1396 3677 1494 3746 illius
1517 3679 1705 3748 nobilioris
1726 3705 1766 3752 ac
1788 3685 1978 3757 divinioris
2001 3691 2112 3783 partis
2134 3691 2236 3763 nostri

1259 3777 1389 3860 extitit,
1415 3801 1523 3870 quam
1546 3777 1734 3852 Homerus.

1347 3925 1572 4022 Quapropter
1587 3929 1707 4022 Scipio
1723 3937 1813 4028 apud
1831 3935 1959 4010 Silium
1975 3941 2111 4032 ingenti
2128 3961 2160 4018 et
2175 3969 2239 4014 non

1259 4029 1343 4100 salsa
1378 4031 1482 4100 laude
1506 4027 1604 4104 x'ehit
1628 4033 1776 4106 Homeri
1804 4041 1966 4110 umbram
1994 4049 2088 4136 apud
2118 4048 2239 4116 inleros

1259 4131 1500 4222 conspec‘tam,
1525 4147 1559 4203 et
1585 4159 1731 4228 magnae
1751 4137 1951 4212 foelicitatis
1968 4143 2045 4216 loco
2067 4149 2140 4218 suis
2161 4163 2240 4218 tem-

1139 4267 1143 4274 ·
1260 4233 1406 4324 poribus
1430 4235 1534 4303 talem
1555 4253 1668 4306 vatem
1696 4253 1814 4330 optat,
1840 4267 1943 4334 quern
1970 4246 2087 4318 locum
2109 4263 2241 4341 propter

1259 4335 1497 4404 adolescentes
1513 4361 1585 4404 non
1600 4337 1694 4430 piget
1708 4335 1765 4410 hic
1782 4343 1965 4438 subiicere,
1993 4347 2042 4420 sic
2056 4352 2152 4420 enirn
2169 4351 2227 4420 ait:

1310 4457 1416 4542 Atque
1430 4457 1481 4520 hio
1498 4457 1603 4540 Elysio
1620 4463 1791 4526 tendentem
1806 4467 1903 4528 limite
1918 4491 2042 4536 cerneus

1309 4558 1449 4644 Effigiem
1464 4565 1599 4640 iuvenis,
1627 4579 1722 4644 caste,
1748 4571 1798 4628 oui
1815 4572 1889 4630 vitta
1902 4573 2014 4649 ligabat

1312 4661 1463 4745 Purpurea
1478 4666 1588 4726 effusos
1605 4671 1747 4748 pernulla
1760 4674 1885 4732 nitentia
1898 4677 2000 4752 orinia,

1310 4761 1385 4844 Dio,
1410 4769 1469 4842 ait,
1495 4765 1547 4828 hie
1568 4772 1693 4850 quinam
1706 4751 1811 4852 virgo',
1836 4795 1907 4836 uam
1924 4779 1993 4838 lusa
2008 4778 2137 4860 refulget

1311 4865 1491 4948 Praecipua,
1517 4871 1604 4932 l'rous
1619 4891 1699 4932 sacra
1715 4876 1793 4952 viro,
1819 4879 1991 4960 multaeque
2006 4895 2171 4963 sequuntur

1310 4965 1454 5030 Mirantes
1469 4975 1604 5046 animae,
1633 4985 1662 5034 et
1679 4977 1757 5036 laato
1776 4979 1905 5040 clamore
1918 4980 2118 5064 l'raqueutaut.

1311 5067 1375 5148 Qui
1391 5076 1509 5148 vultus,
1535 5095 1625 5156 quem
1636 5079 1661 5136 ai
1678 5071 1786 5157 Stygia
1799 5100 1862 5140 nou
1879 5095 1953 5142 esset
1968 5088 2000 5144 in
2017 5087 2130 5162 umbra,

1309 5167 1462 5236 Dixissem
1476 5175 1564 5235 liaoile
1578 5196 1639 5236 esse
1653 5173 1766 5240 Deum.
1816 5177 1845 5242 N
1848 5201 1887 5242 ou
1900 5185 2028 5258 titteris,
2052 5189 2162 5270 iuquit,

1307 5271 1406 5336 Docta
1424 5297 1524 5338 oomea
1542 5280 1663 5356 triviae,
1688 5287 1798 5344 meruit
1811 5279 1896 5346 Deus
1910 5307 1972 5350 essa
1987 5288 2090 5350 videri.

1307 5373 1348 5440 Et
1363 5377 1423 5440 fuit
1436 5383 1469 5440 in
1485 5391 1567 5442 tanto
1583 5401 1645 5442 nou
1659 5402 1785 5465 purum
1799 5398 1920 5466 pectora
1941 5411 2066 5470 numen,
