4718 5828
88 283 131 357 97
574 279 735 362 DECL.
770 280 845 358 DE
879 275 1184 358 GRADIBUS
1217 278 1605 355 DlSCENTIUM.
2052 293 2103 366 9ss

88 451 177 526 conio
194 477 326 524 ornans
340 447 468 526 Deum.
519 449 662 526 Etenim
680 479 759 528 cnm
776 455 922 550 quidam
939 458 1064 528 admo·
1113 455 1240 524 iactam
1264 451 1469 546 deploratis:
1505 451 1638 524 Verum
1667 453 1796 526 interea
1821 463 1960 550 postulo
1982 480 2100 538 tamen

86 570 174 626 neret
187 557 305 626 lavere
319 553 434 628 Deum
449 557 610 643 afflictis,
637 559 711 648 ipse
725 557 873 628 subiecit
890 559 983 630 clara
1000 584 1063 626 vo.
1113 557 1152 625 in
1168 549 1223 623 bis
1239 555 1407 647 querelis,
1431 569 1470 624 ut
1486 555 1592 624 officii
1609 557 1713 626 etiam
1729 561 1835 630 vestri
1856 570 2102 655 recordemini,

86 683 118 728 ce
138 671 239 752 atque
259 659 384 728 alacri:
416 655 457 730 ld
474 684 557 730 vero
578 654 667 728 mihi
684 673 886 732 constanter
905 661 949 730 de
969 659 1062 751 opti·
1112 681 1151 726 ac
1166 657 1294 744 gratias
1318 657 1475 726 reseratis
1491 653 1567 726 Deo
1585 683 1647 748 pro
1665 659 1727 728 illo
1752 666 1893 734 cumulo
1911 667 2101 742 beneficio-

85 785 134 828 mo
149 759 221 830 Deo
244 785 323 830 meo
346 760 529 854 promitto.
580 758 697 832 Multa
721 759 867 852 insuper
890 775 1062 854 precatus,
1112 784 1209 838 rurn,
1235 759 1298 850 qui
1324 759 1387 828 tali
1410 756 1576 850 Principe
1599 760 1702 830 vobis
1719 764 1883 852 contigit,
1914 783 1947 840 et
1964 795 2100 842 memo.

85 861 266 932 condonati
284 861 352 932 sibi
369 861 399 934 si
418 887 522 958 quem
540 861 712 934 laesisset:
737 863 873 934 mentio
890 865 992 933 etiarn
1008 865 1059 932 fa-
1111 861 1200 930 riam
1226 861 1397 930 virtnturn
1427 857 1602 952 Principis
1629 863 1759 933 animis
1786 869 1910 938 vestris
1939 873 2102 962 infigatis,

85 975 130 1032 cta
147 987 286 1043 eorum,
313 964 442 1058 quibus
466 963 654 1036 videbatur
674 965 870 1051 subiratus,
894 980 933 1036 ut
950 965 1060 1035 senti·
1110 961 1339 1055 cogitetisqne
1355 961 1440 1056 qnid
1458 963 1554 1032 illius
1572 963 1676 1034 etiam
1701 967 1863 1037 manibus
1880 995 1945 1061 pro
1961 997 2099 1048 summo

85 1078 151 1133 rent
180 1065 380 1154 depositum
408 1065 531 1136 odium
558 1066 677 1140 fuisse.
737 1063 855 1136 Multa
879 1067 1060 1138 constituit
1110 1063 1232 1132 labore
1247 1077 1281 1134 et
1301 1063 1437 1152 magnis
1451 1065 1649 1149 aerumnis,
1675 1081 1788 1137 vestra
1805 1095 1906 1142 cansa
1920 1077 2101 1170 susceptis,

84 1166 121 1234 de
139 1162 275 1256 Repub.
309 1168 423 1260 deque
451 1167 601 1257 privatis
624 1168 750 1252 rebus,
792 1169 915 1237 eodem
939 1169 1059 1257 vigore
1110 1164 1276 1234 debeatis.

87 1266 196 1346 animi,
229 1291 303 1360 quo
334 1268 373 1337 in
398 1270 529 1360 optima
554 1269 758 1340 valetudine
781 1268 917 1350 fuerat,
950 1277 1074 1364 quae-‘
1204 1263 1356 1335 Debetis
1379 1277 1495 1334 autern
1512 1259 1580 1336 boc
1599 1267 1772 1358 primum,
1798 1283 1837 1340 ut
1854 1273 2000 1346 salutem
2021 1278 2101 1348 ani-

85 1369 154 1436 dam
175 1369 247 1459 ipse
271 1367 377 1458 legit,
401 1369 514 1440 multa
534 1369 699 1456 dictavit,
724 1371 841 1440 verbis
866 1383 899 1440 et
914 1385 1057 1441 senten·
1109 1391 1186 1436 mae
1202 1365 1299 1436 illius
1315 1367 1382 1459 piis
1399 1366 1561 1457 precibus
1577 1369 1656 1439 Deo
1674 1373 1946 1458 commendetis,
1971 1379 2100 1449 deinde

84 1469 135 1538 tiis
147 1469 189 1538 ita
204 1469 404 1552 collocatis,
428 1483 470 1542 ut
483 1471 668 1564 pristinam
686 1472 815 1542 mentis
830 1458 1058 1543 acrimoniam
1108 1483 1148 1539 ut
1156 1469 1318 1558 religiose
1334 1469 1490 1560 pareatis
1500 1469 1643 1558 optimis
1655 1469 1901 1564 Principibus,
1923 1473 2101 1570 qnihuius

84 1591 281 1659 agnosceres,
305 1584 483 1664 postremo
496 1598 537 1643 ex
546 1573 719 1644 sententia
731 1572 932 1644 constitutis
941 1574 1059 1644 omni·
1109 1571 1220 1639 vicem
1236 1571 1410 1653 subeunt,
1436 1583 1471 1639 et
1492 1571 1653 1660 publicae
1676 1573 1798 1643 salutis
1815 1581 2102 1671 tranquillitatis-

83 1671 154 1756 bus,
175 1671 357 1743 lenissimo
376 1695 504 1764 genere
520 1675 644 1746 mortis
661 1675 834 1746 extinctus
852 1689 921 1760 est,
946 1691 986 1746 ut
1002 1699 1060 1745 sa·
1109 1695 1177 1765 que
1193 1673 1362 1752 tuendae,
1387 1671 1693 1742 turbulentissimo
1708 1687 1800 1746 statu
1817 1679 1924 1749 totius
1937 1679 2102 1776 Europae

84 1772 122 1844 tis
148 1775 349 1864 adpareret,
382 1787 419 1846 et
443 1777 577 1862 morbis
601 1777 760 1866 corporis
783 1779 877 1846 vires
902 1777 966 1846 diu
989 1777 1057 1844 iam
1109 1773 1327 1864 provinciam
1358 1773 1565 1864 suscipiunt.
1629 1771 1732 1846 Hanc
1762 1801 1826 1868 pro
1851 1777 2102 1871 pulcherrimis

83 1873 193 1943 lractas
215 1874 343 1960 luisse,
369 1889 404 1946 et
425 1877 585 1946 animum
609 1877 692 1948 satis
710 1879 981 1970 obsequentem,
1007 1878 1059 1947 la·
1110 1874 1245 1944 meritis
1274 1872 1446 1943 Friderici
1474 1896 1595 1944 manes
1625 1877 1773 1965 gratiam
1808 1882 1963 1952 debitam
1996 1911 2102 1978 repo-

85 1975 239 2068 cilemque
261 1979 307 2046 ad
334 1970 431 2048 hune
453 1993 646 2050 extremum
673 1993 788 2050 actum
810 1979 952 2049 fabulae
975 2003 1059 2049 suae
1109 1989 1227 2055 scunt,
1261 1998 1367 2068 quam
1390 1973 1460 2042 nisi
1483 1975 1580 2064 large
1606 1979 1870 2068 praestiteritis,
1903 1987 2101 2077 suscipietis

84 2078 258 2147 accessisse.
310 2075 465 2170 Magnus
477 2079 623 2174 quidam
638 2077 1060 2150 virinterGraecosscri-
1109 2100 1184 2145 non
1198 2075 1402 2184 ⁸simplicem
1427 2076 1582 2166 culpam.
1638 2074 1722 2148 Non
1744 2081 1838 2150 enirn
1865 2084 1996 2174 ingrati
2020 2104 2100 2160 tan-

84 2177 161 2268 psit,
185 2174 454 2272 Philosophiam
476 2180 603 2251 mortis
626 2179 957 2252 commentationem
977 2205 1059 2265 esse,
1110 2191 1185 2248 tum
1215 2179 1383 2246 adversus
1417 2177 1701 2249 benemerentem
1737 2179 1959 2256 Fridericum
1993 2191 2102 2278 eritis,

83 2293 235 2374 putatque
265 2281 307 2348 in
336 2305 378 2352 eo
406 2305 578 2352 summam
601 2305 674 2351 esse
697 2281 927 2374 sapientiam,
961 2285 990 2352 si
1014 2284 1065 2352 ad
1108 2281 1169 2348 sed
1184 2278 1285 2368 impii
1301 2279 1404 2348 etiam
1421 2277 1458 2346 in
1476 2277 1588 2350 Deum
1605 2293 1639 2350 et
1660 2295 1819 2352 autorem
1837 2287 2101 2374 beneficiorum,

84 2394 215 2450 mortem
240 2383 445 2452 obeundam
471 2385 561 2454 bene
583 2397 805 2476 comparatus
828 2385 1058 2456 assuefactus-
1109 2404 1199 2474 quae
1236 2379 1333 2448 illius
1361 2379 1510 2469 imperio
1539 2381 1720 2474 accepistis
1746 2397 1781 2454 et
1812 2389 1989 2478 auspicem
2013 2395 2101 2464 novi

86 2483 269 2572 qneluerit.
323 2481 393 2556 Sed
411 2508 492 2556 ennr
508 2497 591 2578 puta
609 2499 702 2555 recte
720 2485 973 2566 assuefactum,
997 2485 1059 2578 qui
1109 2479 1265 2572 imperii.
1314 2478 1388 2550 Nec
1404 2480 1471 2550 erit
1485 2481 1631 2571 impune
1646 2483 1900 2573 ingratitudine
1916 2489 2030 2562 Deum
2045 2497 2102 2566 of-

87 2585 122 2650 ad
134 2578 260 2654 Christi
283 2585 505 2676 exemplum,
529 2581 714 2676 Evangelii
737 2610 838 2656 causa
866 2587 977 2656 multa
1002 2601 1059 2655 tu·
1108 2583 1264 2654 lendere.
1323 2579 1454 2650 Precor
1475 2595 1592 2651 autem
1617 2581 1752 2672 Deum,
1778 2587 2102 2665 utFridericiani-

86 2683 163 2760 lerit.
217 2683 288 2755 Hic
311 2711 395 2758 vero
418 2703 539 2759 noster
560 2712 669 2780 quam
692 2687 788 2756 varie
814 2703 997 2781 quassatus
1020 2712 1059 2756 ac
1109 2709 1201 2754 marn
1216 2707 1280 2776 pro
1295 2705 1357 2752 sua
1374 2683 1614 2754 misericordia
1626 2701 1740 2756 servet
1755 2713 1795 2757 ac
1813 2702 1970 2778 tueatur,
1996 2699 2100 2766 dein-

86 2801 209 2858 veratus
238 2802 290 2858 est
319 2812 433 2860 annos
462 2789 533 2860 iam
561 2789 698 2882 aliquot
726 2789 907 2879 religionis
933 2789 1061 2858 causa?
1109 2787 1173 2870 de,
1204 2798 1244 2854 ut
1268 2809 1401 2853 novum
1421 2778 1834 2873 bocimperiumlratris
1857 2793 2032 2884 fortunat,
2065 2814 2099 2871 et

88 2883 171 2974 Quae
197 2883 326 2960 mortis
356 2903 391 2959 et
420 2889 519 2960 exitii
543 2886 756 2962 simulachra
780 2891 913 2961 interea
937 2891 1058 2960 animo
1109 2882 1166 2955 bis
1188 2885 1326 2954 miseris
1351 2885 1569 2976 temporibus
1593 2882 1655 2956 has
1678 2891 1837 2978 regiones
1861 2897 2100 2988 protegat,'et
2181 2903 2187 2910 '

87 2989 247 3060 obversata
276 2991 388 3062 sunt?
420 3006 460 3061 ut
480 3015 617 3082 sperem
641 2993 777 3060 venisse
800 2995 842 3062 ad
869 3005 1058 3062 extremam
1110 2989 1212 3057 vobis
1233 3001 1385 3055 mentem
1412 2988 1489 3068 det,
1514 2989 1675 3077 publicae
1692 2993 1959 3088 tranquillitatis
1978 3023 2101 3070 aman-

87 3081 163 3158 hanc
184 3116 338 3182 pugnam
365 3093 637 3184 paratissimum.
698 3093 804 3182 Quod
829 3117 910 3164 cum
935 3096 981 3163 ita
1004 3096 1060 3176 sit,
1110 3103 1200 3176 tcm,
1231 3102 1271 3158 nt
1294 3086 1477 3178 Principes
1498 3105 1650 3174 vestros,
1684 3097 1981 3184 quemadmodum
2006 3103 2100 3172 divi-

88 3202 114 3258 et
133 3215 205 3262 cum
226 3193 288 3262 ille
305 3197 490 3266 commode
508 3189 600 3264 banc
613 3193 853 3266 calamitosam
870 3187 978 3265 vitani
996 3197 1060 3263 de·
1110 3194 1205 3261 nitus
1230 3191 1469 3280 praeceptum,
1498 3211 1634 3260 summa
1658 3191 1725 3262 lide
1748 3195 1987 3294 religioneque
2006 3205 2101 3275 cola-

88 3295 242 3380 posuerit,
267 3295 490 3384 gratulemur
505 3295 537 3365 ei
552 3295 670 3386 potius
684 3297 792 3367 talem
807 3295 899 3365 vitae
913 3297 1059 3375 exitum,
1110 3295 1166 3367 tis.
1217 3289 1314 3362 Diri.

89 3389 119 3459 in
133 3419 194 3486 quo
208 3410 280 3468 tam
298 3397 411 3468 multa
425 3395 524 3486 signa
541 3409 678 3481 extant,
702 3411 742 3467 ut
757 3397 1058 3468 immortalitatem

90 3495 235 3584 adeptus,
269 3521 347 3566 non
371 3499 533 3569 amisisse
562 3499 694 3584 vitam,
725 3499 854 3570 merito
878 3500 973 3569 credi
996 3503 1059 3568 de·

91 3593 165 3669 beat.
212 3595 258 3670 Et
276 3624 359 3670 cum
375 3599 451 3690 ipse
466 3623 578 3692 aequo
595 3600 715 3670 animo
731 3601 926 3670 discesserit
942 3625 960 3668 e
976 3601 1059 3685 vita,

88 3695 219 3770 ieramus
240 3700 309 3791 ipsi
330 3701 435 3771 etiam
458 3703 632 3794 patienter
653 3702 870 3772 voluntatem
893 3701 980 3786 Dei,
1005 3715 1058 3772 at·
1108 3701 1176 3776 No.
1194 3703 1252 3779 10.
1679 3737 1691 3760 ·
1928 3741 1976 3787 en,
1994 3725 2088 3792 1525,

91 3819 144 3886 que
158 3816 316 3890 optemus
330 3802 466 3893 potius,
489 3817 530 3872 ut
543 3803 653 3874 simili
670 3803 794 3888 mortis
809 3827 954 3892 genere,
978 3827 1059 3873 cum
1110 3801 1238 3826 Μ
1920 3811 2093 3846 w...

90 3889 158 3968 hinc
177 3904 418 3988 evocabimur,
445 3903 690 3994 defungantur.
740 3903 917 3976 Poeticem
939 3905 1059 3974 existi·
1278 3906 1355 3992 De
1387 3907 1612 4020 gradibus
1648 3911 1930 4004 diffugium·

89 4019 204 4070 nemus
232 4003 459 4076 Fridericum
489 4005 615 4090 luisse,
659 4006 698 4074 in
728 4007 828 4075 cuius
860 4007 930 4076 vita
961 4020 1058 4075 tanta

91 4099 179 4174 ruere
199 4107 433 4199 aequabatur
454 4109 636 4192 fortunae,
669 4106 802 4200 quique
826 4107 924 4176 sinon
948 4107 1058 4177 anim
1178 4064 1290 4190 “att
1308 4067 1783 4206 tlt.tttstfftt‘btttltt‘t.
1801 4073 2010 4218 idiotita:
2021 4085 2100 4212 stt}

92 4203 134 4269 tui
152 4204 327 4279 lenitatem
348 4209 700 4302 moderationemque
721 4209 765 4276 ad
788 4223 983 4306 extremum
1000 4233 1054 4278 us·
1209 4201 1242 4259 T·
1257 4204 1280 4260 ¹·
1299 4222 1325 4274 Ρ·
1340 4205 1416 4266 417··
1439 4205 1567 4259 ittonam.
1587 4203 1620 4263 Τ·
1639 4207 1661 4259 ¹·
1681 4225 1708 4278 Ρ·
1724 4207 1783 4266 ¹³⁰·

92 4325 146 4392 que
170 4310 332 4398 spiritum
363 4309 560 4381 retinuerit.
621 4309 748 4380 Paceur
779 4311 910 4379 dedere
940 4310 1056 4401 superi

92 4425 299 4492 peromnem
321 4411 452 4497 vitam,
477 4436 577 4482 urens
599 4413 747 4502 contigit
768 4435 857 4504 qnae
882 4425 912 4480 et
937 4412 975 4479 in
1000 4435 1058 4501 ge-

93 4511 181 4577 renda
193 4511 331 4605 Repub.
347 4513 429 4606 quia
444 4527 517 4583 tuta
534 4519 672 4603 semper
687 4515 834 4583 consilia
848 4513 942 4583 bello
961 4538 1060 4604 prae·
1109 4501 1234 4586 Notus
1257 4527 1308 4583 est
1330 4509 1440 4582 Ennii
1463 4515 1657 4586 versiculus
1680 4520 1724 4588 de
1749 4523 1924 4594 veteribus
1942 4531 2102 4603 moribus

92 4603 222 4696 serebat,
255 4637 433 4708 nusquam
456 4637 475 4684 a
502 4615 643 4684 lortuna
667 4615 834 4686 destituta
860 4629 931 4700 est,
964 4617 1059 4684 etin
1112 4617 1378 4686 conservandis:

94 4711 217 4796 privatis
249 4717 356 4785 rebus
386 4715 504 4809 siquid
534 4717 671 4786 adversi
701 4717 789 4803 tuit,
822 4731 862 4786 ut
886 4731 969 4786 sunt
992 4713 1061 4786 bu-
1212 4721 1349 4786 litoribus
1363 4727 1493 4808 antiquis
1508 4747 1553 4786 res
1569 4739 1625 4788 stat
1640 4723 1777 4792 Romane
1796 4735 1937 4818 virisque.

94 4829 196 4900 nana,
236 4818 480 4887 moderatione
517 4818 628 4886 animi
664 4819 931 4912 constantiaque
968 4817 1062 4890 vicit.
1115 4819 1211 4890 ldem
1229 4821 1382 4912 prolecto
1397 4821 1435 4887 in
1455 4845 1492 4888 re
1510 4821 1898 4916 literariapracstiterit
1913 4833 2046 4900 servari
2064 4833 2102 4902 in

94 4905 208 4984 tttettti
223 4920 313 4989 vitae
329 4943 452 4990 cursus
465 4919 533 4988 init
548 4941 709 5004 securus,
731 4933 764 4988 et
778 4920 907 5004 foelix,
922 4922 1061 5014 qualem
1113 4923 1281 4993 iaciendis
1301 4921 1469 5011 gradibus
1491 4923 1720 5010 discentium,
1747 4929 1809 5020 qui
1834 4955 1905 5000 non
1932 4934 2102 5004 mediocri

97 5027 195 5102 optare
219 5021 287 5089 sibi
310 5021 372 5108 alii
395 5019 577 5113 Principes
597 5019 723 5090 merito
745 5020 907 5096 debeant.
967 5018 1063 5113 Aga·
1116 5025 1303 5117 prudentia
1319 5023 1548 5092 amarioribus
1568 5025 1741 5112 instituti,
1766 5055 1860 5100 nunc
1876 5057 1995 5102 errore
2013 5061 2103 5129 quo-

97 5135 159 5184 uus
179 5119 293 5212 itaque
316 5123 443 5213 gratias
457 5119 551 5208 Deo,
575 5122 637 5215 qui
658 5122 713 5190 illi
736 5135 839 5191 autor
856 5135 971 5192 tantae
989 5125 1063 5192 loe-
1115 5131 1194 5196 dam
1216 5121 1421 5209 hominurn,
1455 5123 1517 5218 qui
1541 5125 1709 5198 videntur
1734 5133 1950 5224 conspirasse
1974 5140 2016 5205 ad
2039 5141 2103 5206 ab-

97 5211 217 5290 licitatis
239 5225 323 5310 luit,
356 5225 487 5317 quique
511 5219 716 5315 regionibus
732 5225 863 5294 nostris
880 5237 951 5294 tam
969 5227 1061 5294 salu·
1114 5229 1262 5298 olendos
1286 5227 1393 5296 semel
1417 5249 1539 5296 onrnes
1571 5243 1703 5298 veteres
1725 5255 1859 5314 mores,
1897 5237 2103 5308 delendam-

97 5327 201 5406 tarem,
225 5339 363 5420 tamque
380 5327 539 5395 loelicem
555 5325 756 5418 Principem
773 5327 934 5395 donavit.
981 5325 1063 5396 Non
1115 5353 1182 5424 qne
1215 5329 1416 5398 nniversam
1453 5329 1592 5398 civilem
1628 5331 1872 5422 disciplinam,
1913 5341 2104 5432 antiquan-

100 5415 190 5492 debeo
205 5423 400 5516 prohibere,
423 5452 467 5497 ne
481 5427 651 5499 iacturam
668 5429 845 5520 publicam
858 5423 1062 5499 hocamisso
1116 5447 1186 5506 tur.
1236 5429 1359 5523 Neque
1376 5453 1438 5520 ego
1457 5453 1552 5500 nrrnc
1568 5446 1768 5524 suggestum
1785 5441 1972 5509 conscendi
1991 5443 2105 5533 digla-

137 5525 304 5597 lllrrsrrn.
329 5533 434 5604 Oeen.
461 5523 544 5602 Ver..
573 5535 638 5602 xl,
704 5577 709 5588 ι
1467 5529 1491 5599 7

1160 4365 1220 4436 De
1241 4359 1420 4460 proditus
1444 4362 1668 4437 discentium
1693 4374 1818 4444 oratio
1841 4372 1938 4450 aaa.
1961 4379 2051 4452 Met.

1815 5777 1879 5788 ..μ
