4664 5820
53 287 135 364 sar
310 233 314 241 ¹
625 287 788 366 nucu
838 286 913 363 nn
945 280 1287 361 urcmrarn
1319 280 1538 362 aucun.
2031 227 2132 372 ssax

69 460 141 534 No.
157 457 228 534 49.
488 471 489 479 ’
884 458 1051 527 an.1538.
1114 451 1219 535 dam,
1251 449 1460 522 Romanum
1483 451 1540 522 ius
1561 453 1770 525 antecellere
1792 455 1930 547 legibus
1955 459 2106 532 aliarum

63 557 249 590 Μ
884 550 1057 580 ”⁶⁴
1113 552 1290 642 gentium,
1331 565 1366 623 et
1397 576 1478 624 vere
1511 557 1690 648 quandam
1719 553 1990 652 Philosophiam
2022 586 2106 638 esse.

287 661 364 747 De
393 661 630 772 dignitate
659 662 831 772 legum,
1114 654 1196 772 §cio
1222 653 1319 772 enim
1343 667 1426 773 ante
1441 655 1578 749 aliquot
1596 681 1726 744 annos,
1760 666 1938 754 quendam
1962 662 2106 736 ludaico

1114 778 1257 844 ingemo
1273 759 1487 847 praedrtum,
1512 761 1734 831 contendisse
1754 757 1814 833 hic
1832 765 1938 836 etiam
1953 768 2107 858 publice,

163 926 195 962 m
210 906 332 964 serven.
394 905 418 958 1,
430 925 459 978 p.
469 903 532 959 203,
546 914 573 958 ,ι
585 903 658 976 apud
672 901 802 960 Richara.
820 904 853 959 T.
865 903 901 959 Η.
919 919 947 972 p.
957 902 1016 956 503·
1029 868 1066 944 „²
1113 881 1188 928 non
1205 859 1310 928 licere
1323 853 1537 930 Christianis
1549 855 1705 933 Ethnico
1719 862 1797 935 iure
1812 868 1876 952 uti,
1903 869 1985 959 quia
1999 865 2107 939 Chri-

94 987 97 993 “
164 977 329 1034 Secundum
350 975 431 1042 Mylii
450 973 574 1028 chronol·
594 974 762 1044 scriptorum
782 973 1004 1030 Mel.an.1588.
1025 979 1065 1024 eat
1112 961 1247 1031 silanos
1268 973 1429 1054 oporleat
1450 963 1560 1032 verbo
1577 964 1648 1034 Del
1665 966 1869 1054 gubernari.
1918 969 2045 1040 Postea
2067 973 2107 1040 in

164 1046 279 1119 ⁸⁶¹³P¹³⁴
314 1043 406 1102 Atiam
422 1043 509 1098 ‘⁵⁰⁸l·
524 1040 680 1116 argumenti
695 1043 749 1100 vit.
763 1042 835 1096 Μ’*
848 1043 880 1096 ³⁶
893 1061 937 1096 ³¹¹·
952 1038 1044 1112 Μ’·
1113 1062 1266 1154 publicis
1298 1062 1530 1132 concionibus
1565 1068 1784 1139 damnabant
1809 1072 1885 1140 eius
1919 1085 2107 1142 sectatores
2136 1085 2142 1095 ’

275 1207 335 1277 De
362 1202 403 1277 ὡ.
427 1209 552 1278 nitate
578 1195 856 1301 memmio·
1113 1189 1265 1257 poenam
1286 1165 1451 1236 usitatam
1474 1167 1581 1253 furti,
1607 1181 1641 1238 et
1662 1169 1830 1265 pleraque
1853 1174 1922 1244 alia
1945 1175 2107 1246 instituta

400 1228 426 1303 9
677 1275 738 1343 532.
1113 1267 1231 1336 civilia
1248 1267 1391 1358 imperii
1409 1262 1539 1337 horum
1555 1282 1769 1361 temporum.
1819 1272 1933 1346 Porro
1951 1272 2017 1346 hae
2039 1277 2107 1348 tri-

57 1356 174 1440 Nihil
193 1369 237 1440 in
251 1369 325 1442 vita
345 1369 470 1440 utilius
486 1381 557 1451 est,
582 1391 690 1460 quam
707 1366 862 1436 inserere
882 1378 987 1458 atque
1004 1361 1063 1431 in·
1113 1369 1273 1438 bunitiae
1296 1369 1414 1459 legum
1437 1371 1684 1461 abrogationes
1707 1386 1740 1443 et
1762 1375 1916 1447 iniustae
1939 1393 2042 1465 sunt,
2072 1393 2107 1450 et

58 1473 206 1542 stellare
232 1472 363 1544 animis
388 1473 520 1542 bonam
543 1483 578 1540 et
601 1463 833 1538 honorificam
856 1467 1063 1558 opinionem
1113 1471 1321 1542 concutiunt
1346 1469 1505 1562 Respub.
1538 1487 1579 1544 ut
1613 1489 1759 1546 eventus
1784 1477 1823 1546 in
1854 1480 1917 1550 illo
1952 1482 2107 1551 terribili

60 1576 104 1644 de
128 1573 302 1666 Legibus.
352 1573 426 1644 Nec
447 1573 523 1642 ulla
554 1571 669 1642 maior
697 1584 750 1640 est
774 1570 868 1641 vitae
893 1593 933 1637 ac
955 1566 1064 1638 morti
1113 1585 1212 1644 motu
1235 1572 1333 1662 vulgi
1357 1586 1439 1644 ante
1458 1598 1572 1645 annos
1595 1577 1765 1647 tredecim
1787 1582 1955 1653 ostendit.
2013 1582 2107 1656 Sunt

58 1678 259 1768 pernicies,
283 1701 392 1772 quam
414 1677 629 1746 assuefacere
647 1673 786 1742 animos
803 1674 848 1741 ad
868 1672 962 1759 leges
978 1692 1064 1740 con·
1113 1687 1147 1744 et
1169 1670 1277 1744 hodie
1302 1676 1342 1744 in
1364 1676 1673 1748 administratione
1691 1679 1873 1765 civitatum
1895 1709 1970 1753 non
1988 1687 2105 1778 pauci,
2201 1677 2210 1699 ⁸

60 1783 349 1852 temnendasaut
366 1777 593 1849 cavillandas.
646 1773 743 1844 Haec
767 1798 870 1865 saepe
891 1771 1064 1842 inculcari
1113 1800 1266 1869 quorum
1305 1777 1540 1848 conscientiae
1582 1782 1836 1871 superstitiosis
1873 1785 2106 1878 opinionibus

60 1882 326 1954 adolescentiae
347 1904 429 1952 cum
446 1880 492 1950 sit
514 1878 764 1957 utilissimum,
791 1889 885 1946 recte
907 1874 984 1944 fieri
1007 1873 1064 1943 iu·
1112 1879 1335 1964 cruciantur,
1366 1879 1543 1972 quianon
1569 1894 1661 1951 recte
1685 1884 1866 1956 institutae
1890 1903 1972 1958 sunt
1990 1891 2034 1960 de
2049 1913 2107 1960 re-

62 1983 162 2066 dico,
191 1987 292 2080 quod
315 1985 354 2054 in
379 1978 435 2052 his
456 1980 723 2072 promotionum
739 1977 947 2070 spectaculis
961 1999 1063 2066 saepe
1112 2004 1192 2049 rum
1213 1980 1441 2071 politicarum
1462 2005 1541 2052 usu.
1590 1982 1664 2052 Nec
1685 1979 1725 2054 hi
1747 2011 1884 2058 errores
1910 2015 2007 2060 nunc
2032 1993 2107 2084 pri-

62 2084 157 2156 idem
189 2099 442 2178 argumentum
472 2086 516 2152 de
540 2083 712 2172 dignitate
735 2081 854 2170 legum
880 2079 1062 2169 repetitur.
1112 2107 1210 2152 mum
1227 2097 1432 2168 nascuntur,
1458 2097 1574 2154 vetera
1593 2083 1854 2161 htonachorum
1873 2093 2105 2166 deliramenta

63 2184 162 2274 Quid
179 2203 215 2260 et
237 2185 508 2270 honestiores,
537 2209 643 2278 quam
663 2183 865 2274 praedicare
882 2194 917 2251 et
934 2203 1063 2250 ornare
1112 2197 1215 2268 sunt,
1248 2209 1336 2278 quae
1359 2182 1533 2255 Diabolus
1556 2209 1654 2257 nunc
1675 2190 1772 2260 velut
1805 2193 1960 2283 sopitum
1988 2197 2106 2285 ignem

63 2290 158 2358 dona
173 2289 264 2376 Dei,
289 2306 323 2360 et
337 2292 382 2360 ad
399 2311 520 2358 earum
542 2311 660 2356 rerum
678 2284 896 2356 intellectum
914 2295 949 2352 et
962 2305 1064 2350 reve·
1112 2307 1235 2356 rursus
1254 2286 1434 2372 exuscitet,
1459 2301 1499 2357 ut
1516 2287 1607 2358 solet
1622 2293 1759 2360 easdem
1777 2289 1938 2366 haereses
1953 2299 2106 2368 subinde

62 2392 216 2462 rentiam
231 2393 425 2464 exuscitaro
441 2389 640 2480 imperitam
657 2385 948 2468 adolescentiam,
973 2407 1063 2477 quae
1115 2411 1298 2458 renovare.
1351 2386 1472 2477 Quare
1501 2391 1644 2480 prodest
1667 2392 1814 2464 iuvenes
1835 2398 2048 2485 admonere,
2071 2414 2107 2472 et

64 2496 203 2566 suntin
219 2497 294 2567 vita
310 2492 543 2566 utilissimae?
568 2487 643 2562 Aut
659 2512 810 2583 quarum
827 2511 947 2558 rerum
965 2509 1064 2556 com·
1113 2503 1153 2560 ut
1179 2489 1223 2559 de
1249 2484 1316 2558 hac
1342 2490 1548 2583 quaestione
1574 2493 1705 2564 rectius
1728 2493 1905 2582 iudicent,
1941 2515 1975 2572 et
1999 2517 2039 2572 ut
2066 2503 2103 2572 iu

65 2599 323 2670 memoratione
357 2595 476 2688 potius
507 2616 697 2686 personare
724 2593 910 2660 doctorum
944 2601 1064 2658 coetus
1112 2591 1338 2680 dogmatibus
1360 2592 1559 2663 iudicandis
1583 2617 1686 2666 verae
1707 2593 1885 2670 Ecclesiae
1914 2591 2106 2675 sententias

67 2697 215 2787 debent,
241 2725 350 2795 quam
364 2695 422 2768 his
437 2695 680 2778 sermonibus,
705 2693 768 2786 qui
783 2703 931 2782 prosunt
945 2692 1062 2760 ador·
1113 2693 1311 2764 consulant.
1352 2689 1406 2762 Ac
1422 2695 1578 2786 primum
1595 2697 1729 2768 diluam
1746 2716 1991 2790 argumentum
2007 2709 2107 2798 quod

38 2805 42 2814 '
66 2803 220 2874 uandam
237 2803 388 2894 gloriam
403 2799 490 2882 Dei,
509 2810 542 2868 et
557 2798 600 2866 ad
616 2795 840 2887 disciplinam
858 2791 1064 2875 iuventutis,
1113 2795 1326 2886 opponitur,
1354 2790 1584 2867 Christianos
1615 2802 1808 2888 gubernari
1837 2805 1966 2876 debere
1996 2810 2105 2879 verbo

68 2909 274 2992 praesertim
299 2927 379 2976 cum
401 2903 628 2972 indoctorum
651 2897 875 2966 etmalorum
898 2917 1062 2984 congres-
1112 2895 1198 2981 Dei;
1222 2919 1330 2990 quare
1347 2900 1580 2990 contendunt,
1606 2926 1695 2993 opus
1712 2927 1786 2972 esse
1801 2907 2032 2998 scriptura-in
2048 2911 2106 2981 iu-

69 3025 125 3073 sus
140 3010 328 3079 abundent
344 3003 510 3075 convitiis
529 3000 672 3090 legum?
708 2993 762 3070 Ac
782 2993 872 3066 mihi
898 3020 999 3088 saepe
1023 2995 1063 3064 in
1112 2999 1214 3070 diciis
1239 2997 1415 3069 civilibus.
1464 2997 1642 3092 Expedita
1664 3017 1700 3075 et
1725 3005 1832 3096 plana
1855 3012 2036 3102 responsio
2054 3026 2106 3098 est

70 3124 221 3181 mentem
238 3109 354 3189 venit,
381 3103 468 3178 haec
487 3103 642 3174 convitia
658 3100 732 3170 non
756 3113 894 3170 tantum
917 3123 958 3168 ex
973 3121 1059 3190 qna·
1113 3103 1157 3170 de
1181 3101 1358 3191 corporali
1380 3101 1470 3182 vita,
1494 3116 1536 3173 ut
1558 3105 1602 3173 de
1624 3106 1730 3191 cibis,
1763 3110 1960 3198 medicina,
1987 3109 2106 3182 archi-

70 3207 149 3278 dam
162 3209 354 3284 hominum
372 3207 512 3281 iusticia
533 3219 594 3276 aut
619 3202 859 3295 imprudentia
875 3200 976 3286 oriri,
1001 3201 1061 3268 sed
1112 3203 1295 3276 tectonica.
1338 3197 1560 3276 Christianos
1573 3208 1678 3277 etiarn
1693 3210 1883 3296 gubernari
1899 3217 2008 3286 verbo
2023 3216 2106 3302 Dei,

59 3315 183 3406 'spargi
204 3340 226 3386 a
250 3311 405 3386 Diabolo
429 3324 598 3401 tanquam
621 3305 754 3396 spicula
781 3305 826 3373 ad
855 3301 1063 3372 sauciandas
1111 3306 1173 3374 sed
1189 3305 1364 3393 generali,
1390 3331 1461 3398 quo
1475 3307 1679 3404 sinitusum
1696 3306 1822 3381 harum
1841 3317 2105 3410 rerumapp'ro-

70 3417 171 3486 rudes
187 3430 343 3499 mentes,
363 3429 405 3484 ut
418 3413 535 3500 legum
554 3407 749 3478 reverentia
767 3405 1001 3495 extinguatur,
1028 3416 1063 3474 ct
1112 3408 1233 3477 batum
1249 3429 1321 3478 esse
1336 3431 1356 3476 a
1372 3405 1461 3493 Deo,
1481 3407 1554 3478 imo
1570 3405 1634 3480 has
1650 3411 1743 3503 ipsas
1757 3438 1812 3484 res
1826 3412 1896 3485 Dei
1912 3419 2005 3488 dona
2020 3444 2104 3505 esse,

72 3534 236 3610 sequatur
259 3515 443 3608 dissipatio
467 3510 694 3599 disciplinae,
726 3531 817 3600 quae
842 3521 875 3577 et
896 3505 1062 3594 religioni
1112 3508 1254 3579 condita
1271 3509 1317 3578 ad
1331 3530 1434 3578 usum
1451 3524 1625 3584 nostrum.
1678 3511 1864 3586 Caeterum
1884 3531 1925 3588 ut
1947 3523 2104 3592 medicus

23 3681 28 3691 .
72 3632 105 3688 et
120 3619 370 3714 tranquillitati
386 3611 567 3686 communi
583 3621 719 3684 noceat.
771 3605 837 3678 Est
859 3621 977 3678 autem
994 3631 1062 3675 no-
1112 3634 1174 3682 seu
1196 3605 1407 3680 architectus
1426 3635 1502 3680 non
1524 3628 1870 3709 sumuntpraecepta
1887 3643 2104 3692 suarumar-

73 3723 135 3790 stri
155 3725 226 3794 loci
250 3738 353 3814 atque
376 3715 506 3801 officii,
536 3713 707 3783 revellere
730 3711 792 3780 illa
814 3709 970 3802 spicula,
994 3702 1062 3788 hoc
1112 3711 1202 3782 tium
1225 3735 1267 3782 ex
1289 3712 1492 3804 scripturis,
1518 3715 1568 3785 ita
1596 3739 1661 3786 nec
1682 3717 1917 3808 legislatorem
1934 3724 1979 3792 de
1997 3725 2104 3795 rebus

73 3837 139 3909 est,
167 3827 274 3895 falsas
296 3818 541 3915 persuasiones
566 3840 608 3884 ex
633 3813 762 3894 animis
785 3807 994 3897 hominum,
1028 3824 1063 3881 et
1111 3812 1266 3905 politicis
1281 3837 1370 3906 opus
1384 3827 1453 3900 est,
1479 3809 1618 3906 praeter
1634 3822 1833 3908 generalem
1848 3824 2017 3913 regulam,
2043 3851 2104 3897 su-

74 3949 149 3994 cum
169 3928 351 4008 oratione,
383 3936 460 3993 tum
481 3917 650 4010 exemplis
672 3915 850 3986 illustrare
873 3927 978 4008 atque
1001 3935 1062 3982 or·
1112 3940 1207 3986 mere
1222 3915 1335 4008 ipsam
1350 3927 1461 3987 artem
1475 3942 1516 3988 er
1531 3920 1718 4010 scriptura.
1758 3921 1849 3995 Nam
1865 3922 2101 4017 Evangelium

74 4049 154 4096 nare
168 4031 287 4120 legum
309 4051 348 4097 ac
370 4023 457 4096 iuris
472 4020 699 4111 dignitatem,
725 4042 764 4088 ac
785 4016 939 4087 retinere
955 4013 1062 4086 disci·
1111 4043 1192 4090 cum
1217 4019 1361 4109 proprie
1386 4020 1618 4092 concionetur
1638 4025 1682 4092 de
1705 4037 1845 4096 aeterna
1870 4040 1904 4097 et
1924 4015 2103 4120 spirituali

76 4129 203 4218 plinam
228 4142 401 4225 quantum
424 4146 622 4217 possumus.
680 4117 772 4190 Cum
802 4119 912 4207 igitur
932 4117 971 4186 in
993 4111 1062 4186 hoc
1110 4121 1202 4203 vita,
1228 4143 1302 4189 non
1316 4133 1451 4206 mutat,
1477 4145 1550 4192 non
1573 4124 1736 4198 labefacit
1758 4131 2019 4216 oeconomiam,
2042 4148 2103 4204 aut
2139 4168 2141 4174 ¹

76 4229 149 4300 loco
170 4234 261 4304 alius
280 4232 336 4300 vir
361 4227 576 4298 clarissimus
597 4221 641 4294 D.
658 4221 791 4292 Doctor
806 4217 1060 4314 Hieronymus,
1111 4220 1292 4314 politicam
1309 4221 1434 4306 vitam,
1460 4247 1551 4316 quae
1570 4225 1698 4296 collata
1720 4229 1765 4298 ad
1783 4231 1970 4303 interiores
1985 4237 2103 4305 cordis

76 4355 174 4424 quem
189 4359 263 4404 non
278 4333 394 4403 solum
411 4341 555 4421 propter
570 4323 738 4396 beneficia
755 4323 898 4416 quaein
913 4344 970 4389 me
987 4321 1063 4411 pri·
1111 4336 1249 4409 motus,
1274 4322 1464 4415 persimilis
1487 4337 1538 4394 est
1558 4327 1693 4403 domui.
1730 4328 1778 4402 Ut
1793 4333 1888 4402 enim
1904 4337 2032 4406 domus
2051 4353 2102 4410 est

77 4435 178 4504 ratim
199 4435 352 4508 contulit
373 4431 546 4524 plurima,
569 4430 629 4497 sed
655 4427 759 4498 etiam
782 4437 926 4516 propter
948 4422 1062 4492 excel·
1111 4425 1283 4515 singulari
1304 4437 1378 4494 arte
1402 4439 1575 4514 extructa,
1596 4443 1677 4521 apte
1699 4433 1911 4524 contignatis
1934 4440 2101 4511 omnibus

77 4533 199 4608 lentem
215 4539 384 4608 virtutem
398 4547 434 4604 et
447 4531 646 4602 doctrinam
660 4552 824 4611 veneror,
842 4541 876 4598 et
891 4538 1061 4616 tanquam
1110 4528 1301 4619 partibus,
1315 4550 1355 4596 ac
1376 4528 1461 4617 tegit
1483 4523 1655 4622 hospitem
1670 4536 1837 4606 adversus
1855 4545 2100 4630 tempestatum

78 4649 204 4726 patrem
222 4642 320 4724 colo,
346 4633 551 4728 gravissime
569 4655 635 4718 nos
648 4623 858 4700 adhortatus
875 4626 920 4698 sit
939 4649 1061 4696 omnes
1110 4630 1279 4714 iniurias,
1304 4626 1437 4698 interea
1453 4643 1572 4702 tamen
1589 4629 1740 4726 hospitis
1760 4639 1900 4709 animus
1915 4665 1990 4712 non
2007 4643 2101 4713 intra

78 4739 117 4806 ad
131 4742 360 4814 reverentiam
377 4740 507 4827 legum,
533 4735 661 4804 deinde
680 4731 785 4802 etiam
801 4731 980 4800 auditores
994 4753 1062 4798 no-
1111 4727 1177 4801 hos
1198 4731 1347 4822 parietes
1362 4725 1586 4820 cohercetur,
1608 4740 1668 4807 sed
1691 4739 1816 4812 tacitus
1833 4742 1878 4810 de
1889 4741 1956 4814 Dei
1971 4745 2099 4815 volun·
2155 4787 2160 4794 -

80 4851 162 4912 atros
176 4842 453 4934 addiligentiam
468 4838 506 4906 in
517 4837 698 4920 discendo,
724 4828 800 4922 Ego
817 4827 887 4902 hoc
903 4845 1061 4922 tempore
1111 4847 1181 4904 tate
1198 4847 1234 4904 et
1249 4835 1293 4902 de
1307 4833 1520 4906 aeternitate
1532 4839 1705 4926 cogitans,
1728 4843 1853 4932 procul
1872 4857 2040 4939 tanquam
2058 4847 2098 4917 in

80 4941 170 5014 aliud
190 4959 457 5038 argumentum,
482 4941 548 5010 etsi
564 4937 743 5018 vicinum,
769 4957 917 5003 sumam.
968 4930 1061 5002 Tra·
1111 4935 1247 5006 coelum
1271 4935 1448 5021 sublevat;
1481 4939 1679 5012 considerat
1700 4944 1796 5012 enim
1820 4947 1980 5016 omnium
2004 4961 2099 5019 aeta-

81 5047 173 5116 ctabo
188 5051 284 5120 enim
297 5042 539 5117 scholasticam
555 5038 829 5132 disputationem
845 5035 970 5104 utilem
986 5049 1062 5104 stu·
1111 5052 1186 5108 turn
1207 5038 1437 5122 mutationes,
1465 5040 1678 5130 religionum
1700 5058 1799 5114 ortus
1817 5070 1857 5115 ac
1880 5048 2097 5134 discrimina,

82 5145 202 5237 diesis,
233 5151 330 5246 quod
351 5142 566 5218 Christianis
587 5167 660 5213 non
683 5142 730 5211 sit
751 5136 985 5209 necessarium
1007 5136 1062 5205 uti
1110 5139 1343 5228 imperiorum
1366 5140 1477 5226 vices,
1503 5141 1619 5213 tristes
1643 5167 1753 5230 casus,
1780 5147 1910 5240 quibus
1925 5146 2010 5220 haec
2028 5147 2097 5222 hu·
2122 5239 2123 5244 ἵ

81 5244 207 5336 legibus
220 5249 403 5336 Mosaicis,
424 5249 484 5317 sed
500 5247 597 5340 quod
613 5245 717 5314 liceat
730 5242 783 5313 uti
798 5241 944 5331 legibus,
970 5261 1061 5330 quae
1110 5265 1213 5310 mana
1241 5255 1367 5312 natura
1390 5243 1542 5315 obnoxia
1568 5260 1636 5331 est,
1675 5261 1709 5318 et
1728 5249 1904 5339 eregione
1926 5254 2096 5326 beneficia

83 5347 147 5418 iuri
161 5371 305 5428 naturae
319 5363 574 5424 consentaneae
591 5360 691 5430 sunt,
714 5344 852 5416 etiamsi
867 5343 912 5411 ab
928 5335 1060 5411 Ethni-
1110 5337 1261 5428 Christi3
1302 5343 1458 5435 denique
1482 5361 1517 5418 et
1543 5349 1586 5417 de
1609 5342 1674 5418 hac
1697 5350 1772 5441 ipsa
1794 5353 1901 5425 domo
1927 5359 2095 5447 cogitans,

64 5450 128 5526 'cis
145 5453 409 5551 Magistratibus
437 5449 601 5522 conditae
622 5462 718 5520 sunt.
778 5445 918 5516 Deinde
940 5456 1060 5514 osten·
1082 5497 1087 5512 .
1109 5444 1260 5516 miratur
1291 5443 1489 5620 opificzipm,
1523 5461 1557 5520 et
1589 5453 1748 5540 agnoscit
1780 5453 1886 5526 etiam
1918 5459 2093 5553 corporali

129 838 215 924 Apud
239 839 313 896 Crat.
333 835 404 958 bppl.
427 852 455 906 p.
471 835 522 886 225
540 853 618 906 sqq.,
646 833 673 888 in
689 835 842 890 Declamat.
862 836 898 888 Τ.
911 829 935 890 l.
952 851 979 904 p.
994 829 1055 886 242.
