4616 5816
67 303 129 382 ur
566 284 729 369 naen.
764 281 1209 389 nuuununaro
1240 281 1532 363 narrans.
1992 294 2067 366 us
2161 207 2170 230 ⁸

64 477 144 546 ribus
160 470 373 553 obtinuerit,
398 469 494 538 unde
518 461 640 537 ethoc
658 469 796 534 'noinen
824 463 940 535 sortiti
963 469 1030 556 pu·
1079 461 1265 552 ambagum
1287 481 1327 530 ac
1347 461 1573 532 tenebrarum
1597 464 1732 534 amanti
1755 488 1828 534 csse
1853 463 2066 551 videremus,

63 590 165 649 untur
182 572 370 656 Germani,
403 571 500 664 quud
522 581 650 638 natura
679 567 872 656 simplices,
904 566 1029 658 aperti,
1079 587 1160 632 eum
1182 577 1223 633 ut
1245 563 1453 653 degenerem
1481 587 1521 633 ac
1549 560 1700 636 nothum
1731 567 1847 638 odisse
1873 581 1978 662 atque
2005 568 2067 636 de-

61 675 222 755 tonderis,
247 696 286 742 ac
302 672 476 743 libertatis
491 681 649 740 amantes
675 682 806 754 essem,
830 689 927 737 nuuc
944 689 1028 736 vero
1077 665 1209 737 testari.
2010 703 2011 707 =

59 801 177 848 veneno
190 774 456 868 peregrinarum
471 795 511 842 ac
525 771 755 862 pessimarum
769 769 940 860 gentium,
962 793 1028 838 no·
1181 765 1233 837 lta
1261 765 1301 834 in
1333 761 1402 836 hoc
1432 767 1592 858 exemplo
1626 769 1721 862 quod
1745 770 1923 849 recensui,
1958 769 2066 840 trium

58 893 192 950 strorum
214 872 402 947 hominum
427 873 569 962 ingenia
593 872 819 956 inficiuntur,
855 885 889 941 et
912 868 1026 940 Deum
1077 868 1436 970 praeclarissimarum
1460 867 1634 940 virtutum
1657 871 1845 961 imaginem
1870 893 2066 962 expressam

59 979 292 1061 immortalem,
318 999 424 1070 quam
448 977 561 1062 longe·
576 975 787 1062 degenerant
810 997 829 1042 a
852 973 1027 1043 maiorum
1076 971 1255 1054 videmus,
1287 993 1433 1062 nempe,
1468 971 1624 1062 pietatis,
1656 973 1861 1041 clementiae
1880 987 1915 1043 et
1935 973 2067 1042 candu-¹

58 1081 192 1152 virtute?
243 1077 343 1167 Quos
367 1077 402 1145 si
426 1089 561 1145 veteres
590 1073 644 1142 illi
669 1073 874 1144 Germanici
894 1069 1028 1158 heroes,
1076 1073 1137 1146 ris.
1189 1069 1330 1162 Quibus
1346 1097 1424 1141 cum
1444 1067 1503 1142 hic
1523 1075 1678 1144 muudus
1693 1070 1786 1142 nihil
1802 1068 1985 1166 pulchrius
2007 1085 2068 1144 aut

57 1179 177 1264 Caroli,
206 1177 376 1263 Raurici,
404 1173 587 1260 Othones,
617 1173 811 1262 Friderici‚
843 1189 948 1268 atque
971 1171 1028 1244 hic
1077 1174 1311 1265 praestantius
1348 1168 1493 1258 habeat,
1529 1199 1594 1246 nec
1622 1171 1769 1245 homine
1803 1175 1962 1265 dignius,
2001 1195 2067 1246 nos

57 1285 128 1374 ipse,
151 1285 279 1375 dequo
296 1279 455 1348 nobisin
473 1277 668 1368 praeseutia
686 1291 878 1364 sermoest,
902 1271 1022 1346 Chun-
1077 1299 1218 1368 quoque
1243 1297 1301 1343 eas
1325 1276 1489 1366 amplecti
1517 1291 1551 1346 et
1576 1277 1692 1346 colere
1713 1280 1831 1364 decet,
1860 1276 2067 1368 praesertim

57 1385 164 1467 radus,
189 1383 236 1454 ita
253 1381 414 1451 moribus
434 1393 468 1448 et
481 1377 632 1468 ingeniis
653 1391 807 1454 mutatos
826 1391 1029 1469 corruptos·
1077 1401 1157 1447 cnm
1183 1399 1202 1446 a
1219 1377 1413 1446 maioribus
1438 1380 1569 1447 nostris
1595 1379 1773 1450 veteribus
1790 1376 1978 1450 Germanis
1995 1391 2067 1448 tam

58 1508 113 1577 que
126 1485 283 1567 videant,
309 1505 413 1575 quam
431 1503 491 1550 eos
511 1480 740 1550 miseraturus
754 1493 918 1572 putemus
935 1477 1029 1549 Ger·
1077 1491 1195 1549 sancte
1211 1478 1322 1548 cultas
1340 1479 1532 1552 videamus.
1582 1477 1679 1556 Diri.

57 1584 175 1654 maniae
191 1605 274 1654 suae
286 1597 438 1667 statum,
464 1603 569 1674 quam
584 1579 639 1648 illi
657 1581 756 1652 omni
778 1603 905 1670 genere
920 1603 1029 1649 orna-

57 1699 238 1754 mentorum
263 1685 348 1754 belli
373 1707 413 1752 ac
442 1681 539 1772 pacis
561 1682 759 1752 decoratam
784 1683 1029 1774 munitamque

58 1785 282 1878 reliquerunt?
333 1782 415 1853 Non
449 1785 518 1853 tuti
549 1783 696 1854 fuerunt
729 1784 815 1853 olim
844 1783 957 1854 Tucci
983 1783 1028 1852 ab

58 1909 163 1956 eorum
184 1886 293 1956 armis
315 1887 354 1954 iu
382 1885 518 1954 intimis
539 1883 645 1954 Asiae
668 1907 709 1954 ac
731 1883 857 1980 Syriae
880 1883 1029 1973 angulis,
1075 1853 1230 1979 Μ·
1862 1882 1912 1927 ⁸¹¹·
1944 1859 2040 1928 1⁵¹⁰·

59 2011 132 2080 quos
150 2011 245 2058 nuuc
268 1988 310 2056 iu
333 1984 509 2058 vestibulo
532 1981 748 2072 Germaniae
776 1986 875 2054 omni
902 2007 1028 2076 genere
1663 1995 1666 2001 ’

59 2089 269 2162 inmanitatis
289 2088 436 2178 impune
458 2087 607 2176 grassari
623 2087 801 2156 videmus:
828 2089 886 2155 sed
904 2087 1027 2155 desino
1289 2053 1365 2137 De
1393 2052 1635 2138 emendam
1661 2055 1855 2139 laistim·
2046 2173 2052 2182 ⁸

59 2211 313 2259 commemorare
326 2187 469 2278 publica
485 2187 579 2257 mala
592 2183 948 2278 horum-temporum.
973 2185 1027 2256 De
1146 2214 1227 2287 apud
1242 2215 1317 2268 crac.
1333 2212 1405 2285 Myt.
1427 2233 1455 2284 p.
1470 2213 1505 2266 ss
1517 2232 1596 2286 sqq„
1621 2214 1651 2269 iu
1671 2213 1822 2276 Declamas.
1839 2213 1872 2272 Τ.
1885 2215 1906 2274 1.
1926 2237 1954 2290 p,
1965 2217 2021 2282 ελ,
2038 2216 2067 2272 in

59 2289 200 2359 laudibus
214 2285 402 2360 Chunradi
418 2287 577 2360 Saeviet
591 2303 749 2359 veterum
767 2287 1027 2360 Germanorum
1176 2285 1253 2339 ⁸²¹*-
1273 2301 1298 2353 Ρ·
1311 2283 1356 2336 ⁷⁶·
1374 2293 1402 2336 ⁸¹
1419 2285 1448 2335 ¹¹¹
1466 2281 1646 2338 ¹¹¹t¹ffl¹¹⁸¹¹³
1663 2284 1694 2339 Τ·
1710 2284 1759 2344 ¹¹¹·
1775 2305 1804 2355 a·
1817 2285 1878 2341 ¹⁶³·
1891 2311 1926 2328 ···
1954 2285 2015 2343 ¹1¹¹·
2035 2287 2068 2342 ae

60 2385 129 2457 nihi
143 2392 303 2462 instituta
320 2404 371 2460 est
389 2391 524 2474 oratio,
550 2408 705 2484 quocum
719 2391 748 2460 si
762 2415 829 2459 nos
843 2391 1029 2480 iutegrita·
1179 2352 1230 2410 ¹¹⁸⁰
1246 2352 1371 2408 ΝΟΜ
1389 2352 1474 2426 spus.
1495 2351 1558 2408 ω’
1573 2354 1628 2408 ¹¹¹⁰
1647 2353 1725 2426 ‘⁹¹⁸¹'
1745 2370 1773 2426 Ρ·
1785 2353 1845 2410 958·

60 2503 115 2558 tem
130 2492 346 2562 acvirtutem
371 2491 610 2574 imitaremur,
635 2515 700 2561 nec
724 2513 799 2561 eam
822 2492 1027 2584 peregrinu—
1077 2523 1136 2592 De
1170 2523 1337 2614 exemplo
1372 2521 1565 2594 emendati
1597 2523 1758 2596 lamus,
1792 2531 2069 2621 propwamg,

60 2615 123 2659 ‘¹¹¹¹‘
136 2617 272 2663 ΝΟΜ
290 2591 647 2664 ⁶⁰¹¹¹¹¹¹⁰¹¹⁹m¹⁵⁶²²¹
666 2595 916 2684 ⁰⁰¹¹¹¹¹¹¹¹³¹q¹¹⁰
932 2607 1027 2682 ΡΜ·
1074 2625 1235 2720 gloriam
1257 2623 1398 2696 Christi
1423 2627 1464 2695 in
1490 2645 1623 2714 cruca,
1648 2625 1884 2698 Declamatio
1901 2632 2068 2702 recitato

60 2715 176 2778 remur,
195 2690 416 2764 hauddubie
437 2708 790 2786 successumquuque
810 2693 1028 2764 foeliciorem
1152 2748 1177 2797 a
1201 2723 1445 2798 melu-m
1471 2729 1645 2799 Momr
1700 2725 1870 2802 Hambur
1897 2731 1979 2804 m.

60 2797 202 2866 omuibus
217 2797 260 2863 in
276 2795 384 2864 rebus
397 2815 550 2862 essemus
565 2788 734 2879 habituri,
761 2807 796 2863 et
807 2792 937 2886 Remp.
954 2817 1027 2864 non
1651 2775 1664 2818 ’
1869 2751 1895 2828 9
1981 2779 1990 2802 ⁶

59 2895 158 2964 miuus
179 2897 366 2966 florentem
383 2895 531 2985 posteris
553 2896 685 2964 nostris
707 2896 895 2980 tradituri,
922 2918 1028 2988 quam
1077 2878 1214 2961 Multis
1234 2893 1279 2961 de
1299 2891 1412 2961 causis
1437 2915 1576 2983 semper
1596 2891 1635 2960 iu
1657 2907 1843 2986 conspectu
1866 2895 2068 2966 nobiscrux

60 2997 270 3068 aruaioribus
284 2998 490 3086 accepimus.
529 2995 640 3090 Psylli
656 3019 741 3087 gens
755 2993 889 3092 Libyca
903 2998 970 3064 soli
988 3021 1028 3066 ex
1078 2989 1215 3063 Christi
1237 3016 1311 3061 esse
1331 2993 1446 3066 debet.
1487 2989 1702 3086 Quanquam
1718 2995 1813 3064 enim
1828 2989 1888 3066 hic
1902 2987 2069 3089 pulcher·

60 3098 203 3168 omuibus
223 3097 433 3168 mortalibus
456 3097 649 3182 dicuntur,
667 3121 687 3166 a
708 3111 835 3167 natura
850 3101 922 3168 vim
940 3098 1028 3166 insi·
1079 3095 1190 3164 rimus
1207 3095 1324 3180 urbis,
1349 3093 1487 3164 dierum
1504 3117 1544 3163 ac
1560 3094 1718 3165 noctium
1735 3098 1951 3186 gratissimae
1965 3099 2071 3188 vices,

60 3207 116 3265 tam
136 3213 255 3270 contra
281 3221 416 3268 venena
437 3191 585 3282 habere,
609 3199 658 3269 ita
673 3214 713 3270 ut
724 3199 875 3290 impune
895 3200 933 3267 iu
952 3223 1026 3268 me·
1080 3195 1165 3263 anni
1193 3195 1378 3282 circuitus,
1411 3193 1505 3266 Solis
1526 3209 1559 3266 et
1575 3211 1793 3267 caeterorum
1815 3202 1981 3293 syderum
2000 3189 2069 3268 sni-⁸

60 3296 114 3367 diis
135 3300 353 3392 serpentibus
381 3313 418 3370 et
444 3299 671 3369 atrocissimis
695 3301 842 3370 venenis
869 3297 1029 3371 habitare
1077 3295 1181 3366 randi
1210 3319 1351 3382 cursus,
1389 3311 1503 3367 terrae
1532 3299 1768 3384 foecunditas,
1815 3302 1970 3395 denique
1994 3315 2069 3372 tota

60 3402 191 3492 possint,
216 3425 294 3471 eam
317 3401 391 3470 vim
415 3401 455 3468 in
475 3401 646 3490 sanguine
666 3402 839 3486 retinent,
871 3425 911 3472 ac
934 3403 1029 3472 inter
1077 3421 1196 3467 rerum
1214 3412 1340 3467 natura
1359 3399 1463 3466 nobis
1480 3400 1524 3466 ad
1540 3403 1795 3487 agnoscendam
1814 3397 1881 3470 Dei
1902 3403 2067 3474 volunta

60 3517 293 3595 sepropagant,
317 3525 381 3572 nec
395 3525 474 3571 cum
490 3501 570 3570 aliis
583 3497 789 3571 hominibus
803 3504 951 3572 miscent
966 3516 1029 3573 aut
1077 3513 1148 3569 tem
1164 3500 1450 3589 acpracsentiam
1467 3500 1644 3590 proposita
1661 3513 1729 3587 cst,
1756 3514 1873 3572 tamen
1888 3505 2001 3574 multo
2017 3519 2068 3577 est

60 3607 317 3687 communicant,
346 3603 469 3673 sedulo
485 3615 604 3674 tamen
620 3605 807 3673 conferunt
820 3605 864 3672 ad
878 3605 1027 3674 salntem
1077 3600 1250 3669 illustrius
1269 3600 1512 3669 testimonium
1536 3601 1688 3690 ingentis
1716 3617 1750 3672 et
1774 3626 1875 3674 verae
1901 3629 1981 3696 erga
2002 3631 2068 3677 nos

59 3692 242 3791 homiuum,
268 3717 310 3775 ut
325 3705 490 3774 Lucanus
507 3703 572 3774 ait:
1077 3702 1345 3770 benevolentiae
1368 3699 1454 3782 Dei,
1486 3703 1699 3794 supplicium
1728 3703 1812 3786 lilii,
1843 3710 1939 3798 quod
1964 3709 2067 3778 illum

119 3810 176 3874 Nes
192 3825 311 3874 tantum
325 3833 397 3894 gaus
412 3815 466 3874 illa
481 3833 534 3873 sua
548 3825 687 3874 contenta
700 3815 807 3890 salute,
1077 3803 1231 3895 perferre
1240 3817 1358 3873 nostra
1375 3826 1477 3872 causa
1491 3805 1615 3875 voluit.
1651 3803 1772 3900 ltaque
1786 3806 1831 3874 ab
1846 3801 1913 3876 hoc
1920 3808 2069 3900 pignore

119 3911 250 3978 Ermbat
264 3916 452 3996 hospitibus,
478 3927 641 3999 sonusque
654 3919 794 3976 nocentia
808 3924 941 3973 monstra
1077 3904 1193 3973 divini
1221 3905 1352 3974 amoris
1383 3929 1567 3997 nunquam
1604 3906 1699 3974 oculi
1736 3907 1927 3977 deiiciendi
1956 3925 2066 3982 erant.

119 4012 231 4099 Psyllus
250 4017 333 4078 adest
347 4019 479 4098 populu
710 4065 714 4072 .
1075 4001 1145 4075 llic
1169 4007 1377 4075 discendum
1397 4031 1503 4099 quam
1521 4003 1703 4076 horribilis
1728 4010 1774 4078 sit
1787 4009 1838 4077 ira
1855 4009 1923 4080 Dei
1940 4015 2067 4083 adver-

60 4103 198 4205 Comque
213 4137 303 4205 puer
316 4115 409 4202 apud
423 4112 506 4180 illos
527 4110 565 4178 iu
588 4110 702 4180 lucem
725 4109 841 4179 editus
861 4121 929 4192 est,
955 4120 1027 4177 sta·
1078 4129 1137 4176 sas
1153 4103 1340 4182 hontirmm
1356 4107 1504 4185 scelera,
1532 4131 1612 4176 cum
1628 4108 1726 4177 nulla
1744 4134 1820 4178 eam
1840 4112 1980 4185 victima
1997 4115 2068 4184 nisi

61 4209 111 4278 tim
124 4237 197 4284 eum
217 4216 435 4304 abreptuma
453 4226 566 4282 matre
581 4212 618 4280 in
634 4212 752 4282 medio
774 4211 936 4301 aspidum
953 4210 1026 4277 col·
1077 4209 1142 4276 tilii
1156 4231 1253 4276 mors
1271 4209 1405 4298 placare
1421 4209 1586 4298 potuerit.
1630 4205 1699 4278 Hic
1714 4224 1749 4281 et
1763 4213 1968 4301 magnitudo
1983 4241 2074 4286 corr-¹

62 4309 168 4384 locant.
206 4315 257 4387 lta
274 4311 317 4386 τὸ
333 4308 489 4413 γνήσιον
504 4313 644 4404 generis
659 4325 691 4382 et
707 4313 889 4402 sanguinis
906 4310 1026 4400 explo-
1078 4309 1264 4378 siderauda
1289 4323 1341 4378 est
1361 4310 1640 4394 misericordiae,
1666 4317 1760 4406 quod
1782 4315 1894 4384 lilium
1921 4341 2068 4407 prono·

62 4428 176 4496 rantes,
205 4442 225 4488 a
248 4441 319 4511 quo
343 4439 476 4485 venena
499 4415 622 4505 fugere
641 4415 782 4499 vident,
815 4437 895 4483 eum
917 4434 1025 4501 agno-
1076 4411 1132 4480 bis
1148 4411 1324 4500 piaculum
1342 4411 1417 4479 fieri
1433 4411 1562 4496 voluit,
1595 4437 1635 4481 ac
1657 4427 1803 4506 propter
1822 4411 1914 4486 hanc
1932 4429 2067 4489 tautam

62 4518 542 4610 scuntetamplectunturpro
557 4539 635 4586 suo.
666 4513 976 4604 Quemadmodum
993 4525 1027 4581 et
1077 4507 1228 4582 hostiam
1256 4524 1385 4582 certam
1410 4513 1561 4583 salutem
1587 4515 1762 4606 promisit.
1825 4515 1922 4588 Haec
1954 4524 2068 4612 capita

62 4617 179 4707 aquilae
199 4622 357 4690 marinae
376 4641 458 4689 suos
477 4619 591 4689 foetus
612 4631 735 4687 contra
754 4619 919 4686 adversos
942 4614 1027 4684 solis
1076 4627 1160 4684 suut
1183 4615 1341 4684 coelestis
1366 4615 1575 4706 sapientiae,
1607 4641 1698 4709 quae
1727 4619 1779 4687 ibi
1809 4621 1914 4692 nobis
1936 4646 2069 4714 propo·

63 4719 161 4789 radios
173 4723 293 4794 sistere
307 4722 493 4802 dicuntur,
518 4719 650 4814 quique
668 4741 730 4810 per
743 4719 836 4788 diem
853 4741 914 4787 eos
928 4730 1025 4787 recto
1076 4729 1228 4803 nuntur3
1269 4717 1398 4786 deinde
1428 4718 1600 4786 accedunt
1630 4719 1698 4787 alia
1726 4721 1848 4790 multa.
1907 4719 2067 4816 Cumque

64 4817 168 4893 obtutu
185 4824 322 4908 ferunt,
347 4847 412 4914 pro
436 4823 508 4892 suis
529 4822 706 4891 iuventae
727 4815 911 4904 nutriunt,
938 4841 1027 4913 quos
1076 4841 1199 4887 omnes
1208 4813 1344 4889 Christi
1359 4831 1473 4908 gestus
1490 4819 1624 4912 aliquid
1640 4821 1852 4909 significent,
1879 4826 2066 4915 praecipue

64 4939 131 4990 vero
150 4927 191 4994 ad
210 4926 331 4996 lumen
347 4925 431 4996 solis
454 4923 645 4994 connivere
663 4923 803 5004 vident,
830 4936 873 4992 ut
887 4922 1026 4990 adulte·
1076 4920 1136 4988 illa
1153 4921 1294 5012 epitasis
1310 4922 1540 4988 certaminum
1558 4920 1685 5010 ipsius,
1710 4919 1903 4993 Ecclesiam
1920 4927 2067 4996 demul-

64 5019 145 5090 riuos
167 5041 198 5096 et
217 5022 346 5098 nothos
368 5027 407 5096 in
431 5049 529 5096 mare
549 5025 731 5095 abiiciunt.
785 5021 838 5094 lta
853 5021 1025 5092 Germani
1075 5022 1122 5090 tis
1146 5022 1306 5090 maximis
1330 5023 1436 5091 rebus
1458 5024 1636 5097 admonet.
1694 5021 1776 5092 Non
1789 5040 1918 5094 temere
1936 5029 2068 5118 pendet

65 5139 206 5196 nostrum·
233 5128 392 5199 nativum
425 5129 634 5212 candorem,
671 5139 835 5196 naturam
868 5137 1024 5215 apertam
1075 5123 1170 5192 iuter
1191 5127 1281 5193 duos
1304 5125 1478 5207 latrones,
1509 5149 1663 5216 quorum
1690 5125 1780 5194 alter
1793 5136 1844 5195 est
1863 5129 2067 5217 maledicus,

65 5226 123 5294 vari
135 5231 281 5324 rectique
295 5241 334 5299 ac
350 5229 439 5298 lucis
454 5241 643 5312 amantem,
664 5229 763 5297 velut
777 5226 942 5316 sanguini
956 5221 1025 5292 aoss
1074 5225 1163 5294 alter
1187 5225 1387 5296 ex·latrone
1409 5226 1448 5295 fit
1477 5239 1720 5317 propugnator
1746 5221 1891 5297 Christi.
1950 5229 2065 5304 Multa

65 5337 120 5396 stro
132 5333 315 5426 generique
327 5331 418 5401 tueri
433 5349 473 5400 ac
484 5329 926 5413 conseruaredehebamus,
950 5326 1025 5396 etsi
1073 5327 1175 5396 docet
1197 5351 1263 5397 nos
1287 5351 1366 5397 cum
1391 5327 1506 5416 ipsum
1530 5328 1787 5418 spectaculum,
1821 5343 1894 5400 tum
1917 5333 2068 5406 maxime

66 5447 148 5515 qoem
168 5437 335 5511 internos
353 5433 498 5524 iugenio
514 5445 624 5518 tecte,
650 5431 818 5518 obscuro,
845 5431 1025 5522 perplexo,
1072 5429 1227 5500 duorum
1260 5428 1461 5516 altercatio,
1495 5441 1530 5498 et
1549 5424 1683 5532 Christi
1713 5432 1812 5504 velut
1834 5430 2067 5524 agonothetae
