4646 5824
222 255 294 332 ast
569 243 733 322 DECL.
766 245 840 320 DE
873 247 1072 324 DlCTO:
1112 251 1353 332 PROBET
1386 263 1806 362 UNUSQUISQUE
1831 289 1915 349 arc.
2187 277 2252 356 852

228 425 348 496 stiriae
370 421 610 494 Ecclesiarum
632 433 667 492 et
688 419 944 508 imbecillitati,
982 445 1074 516 quae
1094 447 1221 517 magne
1273 433 1470 506 subtilitate
1505 439 1696 512 verborum
1732 455 1767 514 et
1801 445 1999 537 praestigiis
2030 447 2252 522 calumniato-

230 541 301 608 0812
327 539 362 596 ti
383 526 423 594 in
445 524 551 596 b0¹¹i⁸
574 522 776 608 ¹1¹⁰¹¹²ib⁰⁸2
800 523 918 614 Pfflis
948 536 985 595 el
1002 525 1084 596 ideo
1106 551 1221 622 quan-
1273 557 1352 604 rum
1376 539 1521 626 turbor,
1544 544 1604 610 sed
1623 566 1779 634 provoco
1800 549 1845 616 ad
1868 561 1962 620 recta
1982 561 2018 619 et
2037 551 2187 622 candida
2204 553 2252 624 iu·

228 641 306 700 tum
320 628 397 697 fieri
411 625 522 720 possit
535 649 556 697 a
570 649 645 696 non
660 625 1131 700 necessariismutationibus
1140 631 1221 701 abs-
1271 635 1385 724 dicia,
1411 664 1501 736 quae
1524 656 1596 714 tam
1623 645 1731 716 duras
1756 652 1948 720 sententiae
1969 653 2015 722 de
2038 648 2104 724 hac
2126 677 2163 723 η
2185 677 2249 724 non

230 729 356 814 tineri,
390 742 510 799 tamen
532 727 596 798 ubi
619 725 807 822 Principes
828 729 873 797 ad
899 729 1094 800 tollendam
1115 732 1220 802 dissi·
1271 739 1398 814 ferent.

229 831 471 902 militudinem
493 831 626 900 rituum
649 829 984 922 ecclesiasticorum,
1010 833 1132 926 quiin
1153 835 1219 904 ali-

229 933 361 1028 quibus
375 930 542 1004 Ecclesiis
564 932 774 1016 intermissi,
806 931 845 1000 in
868 932 948 1002 aliis
971 933 1219 1022 observantur,

230 1051 265 1107 et
282 1037 327 1104 ad
344 1035 571 1126 disciplinam
589 1033 866 1120 restituendam,
891 1037 1063 1128 quaedam
1079 1037 1218 1110 decreta

229 1139 463 1228 proponenda
486 1139 682 1220 duxerunt,
709 1157 799 1228 quae
819 1148 903 1206 sunt
927 1135 1004 1206 sine
1027 1137 1219 1230 impietate,

227 1240 382 1308 fatemur
396 1261 462 1308 nos
479 1239 645 1318 suadere,
670 1260 715 1306 ne
736 1250 881 1328 propter
903 1261 942 1306 ea
960 1234 1140 1310 Ecclesiae
1154 1244 1218 1312 de-

226 1351 402 1414 serantur.
453 1337 696 1410 intelleximus
725 1339 858 1410 alicubi
887 1339 927 1407 in
949 1337 1079 1412 Suevia
1108 1356 1144 1414 et
1173 1346 1216 1414 ad

227 1437 397 1514 Rhenum
420 1441 460 1510 in
489 1441 629 1532 templis
657 1463 802 1531 prorsus
831 1440 1061 1514 solitudinem
1090 1445 1215 1514 factam

1373 873 1557 950 Praeterea
1588 903 1668 951 cum
1692 883 1840 954 omnino
1866 885 1986 956 deceat
2009 891 2171 958 ordinem
2194 891 2251 960 ali-

1271 1001 1375 1070 quem
1394 1001 1468 1048 esse
1484 977 1667 1052 Feriarum
1681 995 1715 1053 et
1730 981 1941 1057 Lectionum
1967 989 2006 1058 in
2029 992 2188 1082 templis,
2218 1009 2250 1062 ut

1270 1075 1406 1150 Natalis
1430 1077 1586 1169 Christi,
1614 1081 1790 1172 Pascatis,
1816 1085 2065 1178 Ascensionis,
2090 1091 2250 1163 Penteco-

1271 1193 1351 1266 stes,
1378 1205 1442 1252 cur
1456 1207 1530 1252 non
1545 1185 1738 1256 fateremur
1752 1211 1817 1258 nos
1832 1191 1986 1262 libenter
2000 1195 2154 1264 retinere
2171 1209 2249 1264 tem-

1270 1306 1369 1372 pora,
1396 1309 1549 1378 qnorum
1563 1287 1682 1380 aliqua
1690 1287 1786 1360 Deus
1801 1291 1876 1383 ipse
1889 1293 2036 1365 retinuit
2050 1296 2133 1365 inde
2150 1321 2249 1390 usquc

1270 1407 1289 1452 a
1307 1385 1422 1474 primo
1436 1382 1628 1458 Paschate?
1653 1387 1816 1486 Cumque
1834 1389 1962 1464 borum
1978 1411 2177 1488 temporum
2193 1401 2248 1466 ob-

226 1566 319 1628 esse,
350 1543 486 1613 nullam
511 1542 629 1612 audiri
652 1565 774 1610 vocem
796 1543 998 1628 doctrinae,
1035 1545 1158 1614 multis
1178 1547 1217 1614 in
1269 1487 1420 1556 wath
1437 1485 1649 1578 r⁰p¹⁰h⁰¹¹di
1664 1515 1739 1561 ⁰⁰¹¹
1755 1495 1882 1584 Μὴν
1908 1521 1972 1566 ‘¹¹¹'
1989 1521 2062 1568 ⁰⁰¹¹
2084 1515 2119 1571 θῑ
2143 1502 2185 1567 de
2206 1499 2247 1568 θῖ-

225 1645 313 1716 locis
328 1645 392 1716 diu
407 1667 481 1714 non
501 1644 782 1716 administratam
803 1667 877 1713 esse
896 1667 1040 1714 coenam
1056 1643 1216 1722 Domini.
1269 1587 1415 1660 'mmm
1430 1591 1558 1660 ¹¹²¹b¹¹⁸
1571 1593 1758 1663 ‘andidim
1773 1596 1957 1668 indiam?

225 1739 322 1816 Haec
338 1746 495 1816 accidere
510 1747 705 1830 nollemus,
735 1758 770 1816 et
790 1769 871 1816 vere
894 1746 1112 1833 iudicamus,
1144 1747 1216 1819 Ne·
1369 1739 1466 1812 Dum
1486 1743 1758 1816 fundamentum
1779 1748 1922 1843 utrique
1944 1765 2124 1831 tenemus,
2163 1753 2246 1845 quod

128 1879 133 1886 ·
225 1849 374 1918 cessaria
391 1849 619 1918 anteferenda
635 1869 797 1916 essenon
812 1847 1031 1934 necessariis,
1057 1849 1214 1922 retinen·
1268 1857 1320 1913 est
1335 1839 1517 1931 Christus,
1544 1860 1578 1916 et
1595 1847 1738 1940 utrique
1753 1871 1876 1922 sumus
1900 1853 2020 1922 eadem
2037 1847 2173 1924 Christi
2186 1849 2247 1922 Ec·
2305 1923 2306 1932 ,

224 1951 305 2020 dam
329 1973 403 2020 esse
426 1974 548 2020 vocem
569 1945 774 2038 Evangelii,
799 1943 977 2020 Ecclesiae
1000 1973 1215 2042 congressus,
1268 1945 1392 2030 clesia,
1420 1949 1647 2017 concordiam
1666 1972 1731 2019 nos
1745 1952 1915 2046 utrinque
1935 1955 2026 2024 tueri
2051 1955 2149 2045 pium
2173 1967 2246 2024 erat.

222 2049 534 2122 sacramentorum
560 2073 684 2134 usum,
717 2050 821 2120 etiarn
852 2050 883 2118 si
914 2075 982 2144 qua
1017 2051 1214 2144 imponitur
1267 2042 1320 2116 Ac
1342 2061 1381 2118 ut
1407 2072 1471 2118 nos
1497 2049 1696 2120 libertatem
1718 2051 1769 2120 eie
1791 2055 2029 2142 gratulamur,
2055 2057 2104 2126 ita
2120 2057 2183 2146 ipsi
2201 2057 2246 2120 vi·
2305 2099 2306 2110 κ

197 2153 364 2244 'corpori
386 2153 547 2222 servitus.
599 2148 712 2220 Dulce
734 2163 785 2220 est
808 2175 939 2222 nomen
962 2153 1153 2240 libertatis,
1180 2169 1215 2226 et
1266 2147 1382 2216 sittim
1408 2149 1612 2220 servitutem
1645 2165 1823 2238 nostram,
1855 2179 1962 2248 quam
1992 2172 2140 2242 vocant,
2171 2156 2244 2226 boni
2305 2167 2306 2226 ἲ

221 2248 385 2324 homines
408 2251 578 2348 inquieti,
616 2277 696 2322 cum
721 2253 903 2343 religionis
927 2267 1108 2346 praetextu
1133 2263 1212 2326 eam
1265 2251 1449 2322 consulere
1486 2253 1675 2326 debebant.
1738 2251 1811 2324 Nec
1841 2271 1986 2348 propter
2016 2258 2111 2327 leves
2136 2279 2244 2327 causas

219 2356 438 2442 defendunt,
477 2349 721 2425 vehementius
752 2367 897 2425 movent
920 2350 1107 2429 hominurn
1134 2359 1213 2428 ani·
1265 2351 1347 2420 odia
1366 2354 1588 2423 accendenda
1605 2370 1725 2442 erant,
1750 2369 1784 2426 et
1799 2357 1981 2430 faciendae
1999 2361 2244 2442 distractiones,
2305 2355 2306 2398 l

221 2481 311 2529 mos,
367 2455 490 2551 ltaque
504 2481 579 2526 non
594 2458 725 2526 mirum
741 2471 793 2526 est
813 2459 918 2528 nobis
944 2459 1049 2528 irasci
1070 2460 1213 2546 multos,
1265 2455 1469 2542 praesertim
1485 2455 2092 2530 cumaliuerothenicontroversiae
2115 2463 2244 2551 gravio·

220 2582 263 2630 eo
288 2561 386 2653 quod
412 2561 613 2630 libertatem
646 2582 721 2628 non
755 2561 867 2649 magis
905 2560 1010 2628 etiam
1044 2561 1212 2635 laxamus.
1263 2577 1339 2640 res,
1379 2569 1525 2648 propter
1558 2580 1645 2650 quas
1678 2582 1733 2627 res
1767 2563 1918 2630 maxime
1952 2565 2150 2654 prodesset,
2187 2583 2244 2630 nos

221 2658 330 2749 Quod
354 2663 403 2732 ita
426 2661 581 2732 obtineri
607 2659 761 2752 potuisse
785 2660 905 2746 aiunt,
933 2661 963 2730 si
984 2659 1212 2754 Principibus
1264 2681 1369 2748 quarn
1403 2657 1710 2730 coniunctissimos
1736 2685 1828 2747 esse,
1859 2688 1904 2732 ne
1928 2665 2021 2734 odiis
2043 2679 2106 2735 ant
2128 2663 2243 2733 studiis

218 2777 352 2834 metum
377 2763 594 2835 seditionum
617 2761 749 2834 nostris
775 2762 991 2834 clamoribus
1021 2777 1055 2834 et
1085 2767 1210 2856 populi
1263 2757 1473 2845 factionum,
1507 2775 1547 2830 nt
1570 2785 1672 2851 saepe
1694 2763 1839 2848 accidit,
1878 2779 2163 2856 corrumpantur.
2211 2759 2242 2831 0

218 2887 394 2936 consensu
410 2865 662 2938 incuteremus,
1262 2883 1335 2928 rem
1350 2862 1514 2930 miseram
1532 2877 1566 2933 et
1579 2863 1852 2953 deplorandam!
1906 2865 2057 2955 Quoties
2074 2869 2113 2934 in
2128 2863 2243 2935 Eccle-

1262 2961 1312 3029 sia
1345 2963 1546 3033 voluntates
1579 2959 1765 3033 hominum
1796 2965 1983 3036 levissimis
2007 2968 2242 3038 occasionibus

1261 3063 1447 3134 distractae
1461 3077 1563 3150 sunt,
1587 3079 1707 3157 postea
1723 3065 1916 3138 factionum
1938 3071 2053 3139 studia
2074 3084 2110 3139 et
2130 3091 2241 3138 aernu-

1260 3164 1409 3236 lationes
1430 3169 1662 3238 mutationem
1686 3169 1890 3257 dogmatum
1918 3186 2143 3261 pepererunt.
2193 3167 2240 3238 lta

1261 3261 1387 3337 Arium
1405 3269 1509 3338 dolor
1525 3271 1685 3363 repulsae
1708 3271 1889 3356 accendit,
1913 3283 2043 3343 uttam
2059 3273 2159 3343 triste
2173 3271 2239 3343 bel-

1259 3367 1334 3438 lum
1348 3383 1518 3439 moveret.

319 2999 393 3072 Nos
416 3023 502 3068 vero
525 3023 641 3092 neque
661 2999 877 3070 factionibus
901 3011 1053 3085 certare,
1094 3025 1209 3094 neque

218 3101 440 3171 inflammare
464 3101 563 3190 vulgi
582 3101 721 3170 animos
745 3113 867 3170 contra
883 3099 1082 3192 Principes,
1097 3103 1209 3172 *volu-

216 3225 311 3274 mus:
352 3227 436 3272 nam
462 3203 558 3294 quod
581 3201 699 3286 aiunt,
739 3225 805 3272 nos
826 3203 1062 3288 assentatione
1083 3217 1208 3284 tacere,

216 3305 393 3376 calumnia
422 3304 607 3374 manifeste
634 3304 721 3372 falsa
754 3318 822 3375 est:
864 3305 981 3375 sciunt
1005 3305 1100 3374 enim
1128 3306 1208 3398 ipsi,

215 3429 281 3476 nos
299 3406 338 3475 in
351 3408 457 3477 rebus
470 3405 675 3476 necessariis
691 3429 866 3500 nusquam
885 3409 929 3475 de
944 3408 1116 3478 sententia
1133 3430 1207 3477 ces-

214 3509 310 3581 sisse.
376 3507 534 3579 Labores
560 3521 595 3578 et
616 3508 774 3599 pericula
797 3524 917 3580 nostra
940 3510 1082 3593 vident,
1126 3534 1206 3580 cnm
1360 3501 1520 3574 Primum
1538 3517 1655 3575 antem
1671 3529 1733 3574 oro
1753 3505 1868 3576 filium
1884 3503 1953 3576 Dei
1968 3504 2163 3581 Dominum
2178 3531 2236 3575 no·

215 3611 361 3704 quidem
376 3611 445 3701 ipsi
464 3611 540 3678 sine
556 3610 632 3679 ullo
648 3609 806 3700 periculo
828 3611 922 3682 inter
944 3611 1133 3704 applausus
1151 3611 1205 3680 sui
1257 3619 1372 3675 strum
1386 3604 1501 3675 Iesum
1517 3601 1717 3693 Christum,
1742 3621 1782 3678 ut
1806 3607 1880 3699 ipse
1903 3603 1990 3680 haec
2012 3612 2157 3680 vulnera
2174 3606 2236 3678 Ec-

213 3708 342 3784 theatri
357 3712 615 3795 vociferentur,
634 3724 773 3782 tantum
799 3713 843 3781 de
865 3713 971 3782 rebus
992 3737 1066 3781 non
1086 3737 1206 3782 neces-
1258 3707 1444 3776 clesiarum
1459 3721 1576 3789 sanet,
1604 3720 1639 3777 et
1652 3708 1769 3778 flectat
1785 3723 1924 3780 nostras
1937 3725 2074 3782 mentes
2095 3715 2139 3781 ad
2159 3733 2235 3780 con-

214 3815 328 3900 seriis,
350 3816 395 3884 dc
411 3814 542 3908 quibus
558 3827 675 3882 tarnen
693 3837 789 3883 nunc
803 3808 983 3905 sophisma
999 3815 1207 3903 excogitant,
1257 3809 1428 3894 cordiam,
1453 3810 1583 3878 deinde
1600 3811 1682 3878 illos
1700 3811 1793 3902 ipsos
1807 3827 1940 3882 veteres
1956 3813 2089 3884 amicos
2105 3827 2234 3882 nostros

212 3916 409 3986 necessario
439 3915 543 3986 vitari
564 3915 697 3984 lineam
727 3929 878 3999 vestem,
918 3916 1002 4008 qnia
1035 3915 1206 4006 significet
1257 3911 1415 3981 obtestor
1429 3923 1572 4002 propter
1594 3911 1706 3982 filiurn
1723 3909 1809 3996 Dei,
1834 3925 1874 3982 ut
1895 3915 2001 3983 nobis
2028 3911 2233 3986 etEcclesiis

212 4017 322 4108 recipi
339 4032 473 4089 veteres
489 4041 636 4092 errores.
669 4012 719 4089 At
735 4029 828 4088 extat
842 4032 965 4089 nostra
984 4041 1051 4086 vox
1069 4032 1103 4087 et
1119 4041 1205 4088 con·
1257 4014 1387 4082 nostris
1403 4027 1565 4104 parcant,
1586 4037 1665 4083 cum
1690 4013 1824 4107 alioqui
1845 4037 1973 4104 magno
1999 4016 2037 4084 in
2062 4017 2182 4086 dolore
2204 4025 2232 4079 et

211 4119 318 4190 fessio
332 4122 377 4189 de
391 4119 543 4210 singulis
557 4119 727 4193 articulis.
1255 4111 1352 4184 luctu
1372 4115 1500 4200 simus,
1524 4138 1629 4208 quem
1646 4115 1756 4185 levari
1772 4116 1923 4186 aliorum
1939 4117 2183 4190 benevolentia
2203 4126 2231 4182 et

314 4253 514 4327 Conciones
531 4255 670 4327 stritus
693 4257 760 4348 ipsi
783 4257 943 4351 quotidie
962 4255 1203 4326 testimonium
1256 4216 1499 4286 ⁰⁰⁰⁵⁰l³ti⁰⁰⁸
1513 4217 1710 4309 ⁰P⁰r¹⁰b³t⁰

213 4359 301 4428 dant
315 4358 532 4427 confessioni
548 4372 708 4429 nostrae:
733 4359 823 4429 falso
847 4359 957 4450 igitur
980 4358 1106 4428 dicunt
1127 4382 1202 4428 eam
1349 4350 1431 4421 'Nos
1449 4351 1612 4445 quidem,
1638 4352 1721 4446 quia
1736 4353 1845 4424 totius
1859 4353 1974 4426 nostri
1987 4355 2126 4426 consilii
2142 4375 2227 4422 sum·

210 4473 305 4531 veste
321 4459 385 4528 illa
400 4460 550 4534 involvi.
1254 4477 1311 4524 ma
1328 4449 1414 4523 haec
1429 4455 1518 4539 fuit,
1542 4477 1589 4522 ne
1611 4455 1858 4525 desererentur
1872 4451 2068 4543 Ecclesiae,
2089 4455 2155 4526 nisi
2173 4474 2227 4522 ne-

313 4576 431 4667 Quam
445 4573 795 4668 magnogmogushis
817 4579 903 4670 5931,
920 4578 1042 4658 annis,
1076 4593 1117 4649 „t
1141 4601 1202 4648 ve,
1254 4556 1709 4641 cessariaecausaeessent,
1734 4557 1949 4628 conscicntia
1972 4559 2051 4650 piae
2075 4559 2226 4629 volunta·

209 4695 283 4752 tera
301 4680 459 4772 exempla
481 4680 665 4764 omittam,
691 4682 854 4752 videmus
876 4695 973 4752 ortos
999 4703 1073 4751 esse
1095 4703 1201 4770 argu·
1253 4658 1300 4728 ¹5³
1318 4671 1654 4744 ¹¹⁰³⁸¹¹⁸²0¹¹i³ffl¹¹⁸2
1688 4661 2223 4772 ³⁰110111111⁰quid0mp0ffl¹ff¹
2301 4727 2302 4730 ,

210 4783 339 4854 mentis
356 4781 464 4851 simili
483 4781 675 4854 calliditate
688 4783 826 4854 fucatis,
1252 4759 1351 4831 aliud
1367 4759 1557 4830 consilium
1575 4761 1660 4831 dare
1676 4755 1749 4847 his,
1781 4761 1844 4856 qni
1860 4761 1947 4832 alibi
1961 4762 2114 4834 similem
2126 4781 2223 4832 servr-
2301 4775 2302 4837 t

309 4897 387 4991 Ego
409 4900 564 4990 ingenue
584 4899 726 4982 fateor,¹
748 4899 813 4971 etsi
836 4899 1008 4991 optarim,
1043 4913 1083 4972 ut
1098 4913 1200 4971 ante·
1252 4874 1361 4934 ΜΕΝ
1378 4863 1567 4936 ⁸⁰⁸¹i¹¹⁸¹¹i⁸

208 5004 303 5090 dixi,
328 5003 426 5072 nulla
441 5027 480 5073 re
493 5023 638 5094 prorsus
652 5001 789 5072 turbari
804 4997 998 5086 Ecclesiae,
1028 5015 1145 5073 tamen
1168 5004 1200 5075 si
1350 4993 1424 5068 Nec
1440 5009 1532 5068 errat
1548 4995 1761 5066 conscientia
1783 4998 1984 5088 praeferens
2006 4995 2219 5069 necessariam

207 5098 386 5174 haecvota
403 5105 504 5176 irrita
522 5117 622 5188 sunt,
647 5128 703 5172 me
718 5103 757 5172 in
772 5099 838 5172 hac
853 5104 1026 5174 sententia
1041 5127 1198 5188 manere,
1249 5101 1552 5170 conservationem
1569 5097 1757 5168 ministerii
1770 5093 1997 5192 Evangelici,
2019 5125 2093 5172 non
2114 5117 2220 5168 neces·
2300 5185 2301 5200 χ

205 5197 272 5272 hac
289 5205 390 5297 quasi
406 5205 592 5292 servitute,
617 5205 755 5277 etiamsi
772 5207 919 5276 molesta
937 5219 970 5275 et
992 5207 1116 5278 odiosa
1141 5229 1197 5276 es·
1248 5201 1361 5273 sariae
1374 5202 1488 5293 fugae.
1537 5196 1586 5271 Et
1599 5199 1802 5292 saepissime
1820 5197 1988 5294 prohibet
2000 5197 2216 5292 Evangelinm

206 5315 278 5386 set,
304 5329 396 5395 quae
416 5309 510 5398 apud
533 5309 614 5379 illos
635 5307 811 5378 libertatis
833 5307 1034 5378 defensores
1054 5309 1196 5403 vitupe-
1246 5304 1340 5374 rixas
1356 5305 1401 5375 de
1414 5305 1523 5389 cibis,
1547 5301 1695 5386 vestitu,
1721 5315 1755 5374 et
1776 5303 1953 5386 similibus
1977 5305 2102 5386 rebus,
2125 5302 2152 5374 si
2173 5313 2215 5369 ta·

205 5415 320 5472 ratur:
354 5419 469 5476 tamen
503 5432 575 5478 non
604 5409 717 5502 pollui
745 5409 1000 5494 conscientias,
1032 5433 1098 5480 nec
1128 5410 1193 5483 ista
1246 5429 1329 5476 men
1344 5431 1413 5477 vox
1429 5406 1613 5478 doctrinae
1628 5418 1769 5476 maneat
1785 5403 2004 5498 incorrupta.
