4688 5826
122 251 184 334 us
567 245 729 326 nucu
760 245 836 324 nn
867 241 1206 324 nrcnrrara
1237 239 1441 320 srunn
1473 239 1686 320 canon
2067 219 2152 330 ‚sas

120 429 188 502 odit
207 421 459 515 drangulum
495 421 625 494 deinde
653 406 911 506 ministerium,
943 414 1011 492 boc
1037 433 1101 504 cst,
1153 415 1296 501 ieratis,
1321 429 1355 486 et
1371 415 1463 488 fiatis
1481 415 1550 486 mei
1568 415 1747 509 discipuli.
1798 414 1868 490 llic
1891 419 1984 492 clare
2000 431 2147 498 testatur

120 551 241 601 munus
264 526 417 598 docendi
439 526 572 598 iudicat
598 548 671 596 esse
694 525 803 594 facem
824 523 1040 593 seditionum
1066 534 1101 592 et
1153 518 1201 590 ita
1224 519 1414 609 glorificari
1437 533 1595 608 patrem,
1619 520 1649 590 si
1673 521 1761 590 alios
1782 523 1970 592 doceamus
1986 525 2147 609 verbum,¹

119 630 352 722 dissipationis
385 629 495 700 totius
527 627 664 718 generis
695 621 864 709 humani,
898 625 1098 718 etquidem
1153 645 1242 714 quos
1259 621 1303 692 ab
1319 621 1396 713 ipso
1412 635 1581 715 tauquam
1595 622 1759 712 discipuli
1772 625 1982 714 accepimus,
2009 623 2146 700 etPro-

117 733 242 804 Paulus
266 733 346 824 ipse&
360 730 585 802 acerbitatem
606 729 680 800 odii
696 729 734 798 in
752 721 957 797 bominibus
975 728 1101 796 adver·
1152 717 1257 815 pbeta
1282 725 1351 814 ait,
1387 747 1492 816 quam
1517 723 1665 814 speciosi
1689 725 1793 814 pedes
1814 720 2144 818 Evangelizantium

117 858 170 905 sus
183 838 344 903 doctores
358 829 543 921 Evangelii
558 831 757 902 illustribus
774 831 889 898 verbis
906 828 1100 920 descripsit,
1152 848 1284 916 pacem.
1335 825 1518 916 Significat
1542 827 1637 896 euim
1661 839 1694 894 et
1719 823 1795 896 Deo
1822 839 1858 897 et
1878 823 2056 900 Ecclesiae
2077 825 2143 904 hos

117 961 188 1006 curn
203 935 264 1018 ait,
283 931 476 1024 Apostolos
493 927 618 1004 haberi
638 957 702 1023 pro
719 924 942 1002 catharmatis
957 943 991 1000 et
1005 930 1097 1021 peri·
1151 929 1303 998 nuncios
1319 928 1472 1018 placere,
1496 927 1632 998 etiamsi
1656 929 1811 1012 mundus
1827 953 1886 1004 eos
1902 931 1989 1012 odit,
2014 946 2049 1004 et
2064 934 2141 1004 vel·

116 1035 293 1128 psamatis,
323 1031 391 1106 boc
414 1048 483 1119 est,
514 1058 577 1125 pro
603 1033 752 1125 piaculis
770 1032 991 1117 execrandis,
1016 1033 1094 1125 qui·
1151 1030 1202 1098 uti
1219 1020 1381 1121 porteuia
1395 1042 1587 1104 execratur.
1622 1027 1700 1100 Hoc
1715 1030 1832 1121 ipsum
1842 1032 1992 1104 docendi
2009 1057 2140 1108 munus

23 1219 25 1230 λ
115 1140 176 1206 bus
195 1136 295 1208 Deus
318 1136 591 1228 implacabiliter
617 1137 808 1218 irascatur,
831 1159 852 1204 a
874 1136 1004 1227 quibus
1026 1147 1097 1204 tuta
1152 1144 1251 1202 vocat
1273 1130 1403 1202 Paulus
1427 1132 1654 1216 sacrificium,
1683 1131 1776 1202 sicut
1799 1145 1833 1202 ct
1855 1133 1942 1202 alibi
1965 1135 2139 1225 scriptura

23 1231 24 1234 ¹
116 1263 224 1309 rernm
259 1251 386 1309 natura
420 1233 627 1318 abhorreat,
672 1261 823 1330 qnorum
851 1237 976 1306 umbra
1001 1235 1099 1306 velut
1150 1255 1251 1324 saepe
1272 1233 1320 1302 ita
1343 1233 1503 1325 appellat.
1564 1231 1686 1321 Quare
1705 1233 1855 1303 sciamus
1883 1229 1978 1305 hunc
2004 1237 2139 1308 cultnn'r

114 1339 270 1430 contagio
287 1351 414 1410 noceat
425 1340 612 1410 universae
624 1339 781 1410 societati
797 1332 995 1414 hominnm.
1151 1335 1336 1426 praecipue
1356 1335 1490 1428 requiri
1508 1359 1528 1404 a
1545 1336 1667 1425 nobis,
1694 1347 1728 1404 et
1741 1335 1892 1406 sciamus
1913 1336 1989 1408 Deo
2012 1337 2140 1427 gratis-

1150 1437 1278 1508 simum
1296 1461 1426 1508 munus
1444 1459 1527 1506 esse.
1562 1435 1638 1508 Hac
1653 1436 1895 1522 consolatione
1913 1439 1998 1510 boni
2025 1452 2060 1510 et
2076 1439 2139 1530 pii,

1150 1539 1212 1631 qui
1236 1553 1402 1630 praesunt
1425 1535 1609 1624 Ecclesiis,
1640 1553 1837 1610 sustentent
1866 1561 1942 1610 sese
1969 1541 2138 1614 adversus

1150 1640 1272 1732 iniqua
1287 1641 1428 1725 iudicia,
1450 1654 1484 1710 et
1499 1641 1610 1710 sciant
1625 1664 1661 1710 se
1673 1637 1749 1710 Deo
1765 1641 1993 1731 praecipuum
2008 1654 2043 1714 et
2057 1665 2139 1714 san·

1150 1743 1344 1812 ctissimum
1365 1744 1498 1812 cultum
1522 1743 1638 1814 officio
1662 1742 1814 1811 docendi
1839 1733 2023 1832 praestare.
2077 1741 2139 1814 ln·

1150 1843 1262 1914 vitent
1282 1843 1387 1914 etiarn
1410 1839 1496 1912 haec
1511 1843 1696 1934 praecunia
1716 1845 1857 1935 plures,
1882 1857 1922 1916 ut
1940 1869 1975 1913 ss
1992 1839 2138 1917 adhaec

112 1949 227 2044 Neque
244 1951 342 2020 enim
361 1950 435 2020 beri
456 1963 588 2042 potest,
613 1952 702 2044 quin
720 1945 903 2020 horribilis
925 1949 1096 2018 acerbitas
1151 1947 1334 2034 praeconia
1351 1959 1572 2036 praeparent,
1593 1971 1631 2016 ac
1647 1945 1758 2016 sciant
1771 1969 1808 2016 se
1821 1969 1961 2038 quoque
1971 1945 2138 2020 discenda
2183 1989 2185 1996 ι

112 2051 179 2121 odii
193 2053 231 2121 in
256 2053 335 2122 istis
350 2053 491 2137 existat,
515 2054 577 2145 qui
600 2053 759 2122 iudicant
775 2049 1008 2140 Evangelium
1025 2073 1097 2120 esse
1150 2041 1215 2116 hac
1227 2047 1402 2132 doctrina,
1428 2047 1637 2117 sacrificium
1655 2045 1730 2118 Deo
1746 2046 1982 2136 gratissimum
1999 2048 2139 2124 offerre.

23 2189 24 2250 ι
111 2165 164 2223 aut
180 2149 448 2243 blasphemiam,
472 2167 535 2224 eut
548 2155 822 2225 commentitiam
839 2153 1008 2237 fabulam,
1023 2153 1097 2222 dis-
1148 2147 1218 2220 Sed
1237 2149 1330 2219 dicat
1351 2149 1500 2242 aliquis,
1525 2149 1611 2242 quid
1636 2143 1721 2218 haec
1738 2145 1865 2220 Oratio
1879 2151 1923 2218 de
1939 2148 2137 2222 ministerio

112 2256 281 2344 sipantem
299 2255 465 2347 imperia,
490 2255 602 2346 leges,
628 2256 834 2326 constitutas
853 2252 1096 2346 Respublicas,
1149 2251 1192 2318 ad
1207 2245 1374 2335 scholas,
1405 2263 1440 2320 et
1464 2252 1509 2320 ad
1532 2251 1600 2320 hus
1622 2252 1751 2339 gradcu
1776 2250 1815 2318 in
1838 2245 1969 2320 scholis
1990 2250 2140 2324 attinet?

23 2377 24 2446 j
111 2359 369 2443 ordinationes,
420 2358 715 2450 tranquillitatem
757 2357 896 2445 generis
935 2351 1095 2428 humani.
1147 2347 1224 2440 Ego
1242 2351 1421 2420 veroideo
1439 2353 1482 2420 de
1502 2353 1698 2424 ministerio
1716 2351 1801 2436 dixi,
1825 2363 1877 2436 ut,
1902 2353 2139 2444 quoconsilio

23 2483 24 2532 3
109 2456 193 2529 Cum
211 2455 268 2528 his
292 2460 438 2530 summis
460 2459 669 2538 criminibus
695 2459 845 2528 maxima
871 2481 951 2550 pars
970 2459 1095 2528 mundi
1148 2455 1335 2523 tradantur
1350 2477 1466 2522 sacrae
1485 2453 1627 2538 literae,
1653 2455 1695 2524 ad
1714 2475 1816 2544 quem
1833 2452 1939 2521 linem
1957 2448 1996 2526 hi
2009 2455 2139 2543 gradus

23 2599 25 2652 ᾖ
110 2575 224 2632 oneret
239 2557 497 2651 Evangelium,
523 2575 640 2632 tamen
665 2560 796 2630 Paulus
818 2561 959 2650 ingenti
976 2560 1095 2628 animo
1148 2555 1330 2626 constituti
1349 2555 1439 2639 sint,
1464 2555 1706 2625 consideretis.
1758 2551 1847 2622 Nam
1866 2549 1952 2624 haec
1967 2555 2082 2630 studia
2098 2555 2137 2626 in

23 2655 24 2688 ³
111 2665 273 2732 adversus
302 2659 387 2732 haec
415 2665 503 2734 falsa
527 2663 657 2733 iudicia
682 2655 854 2732 clamitat:
887 2660 969 2732 Non
988 2664 1097 2752 pudet
1148 2651 1278 2726 scholis
1299 2659 1343 2726 ad
1365 2657 1668 2726 conservationem
1695 2655 1884 2724 ministerii
1914 2656 2137 2732 ecclesiastici

109 2789 159 2832 me
173 2761 380 2852 Evangelii,
401 2788 535 2858 suaque
550 2790 634 2835 voce
656 2787 722 2834 nos
736 2765 940 2845 confirmat,
965 2777 1006 2834 ut
1026 2777 1096 2833 sta·
1149 2759 1290 2850 proprie
1307 2758 1495 2850 pertinent.
1548 2755 1627 2828 Hoc
1646 2757 1795 2828 consilio
1819 2769 1853 2826 et
1871 2757 1957 2826 oliru
1979 2753 2137 2828 Alexan-

110 2881 242 2936 tuamus
257 2880 354 2952 certo
371 2862 605 2956 Evangelium
620 2889 742 2938 verum
759 2881 793 2937 et
807 2866 928 2934 ellicax
945 2889 1035 2944 esse.
1062 2877 1095 2933 ct
1148 2861 1264 2946 driae,
1298 2874 1331 2930 et
1356 2861 1396 2928 in
1420 2859 1586 2951 plurimis
1607 2857 1764 2949 collegiis
1786 2853 1927 2929 scholae
1954 2858 2137 2930 institutae

110 2981 284 3037 aeternam
299 2965 366 3038 Dei
383 2968 601 3040 voluntatem
618 2992 712 3053 esse,
739 2993 778 3037 ac
794 2989 926 3038 munus
944 2967 1095 3036 docendi
1147 2963 1309 3047 fuerunt,
1333 2974 1374 3031 ut
1394 2961 1479 3030 inde
1496 2973 1721 3032 sumerentur
1734 2962 1897 3032 doctores
1924 2973 1958 3030 ct
1979 2973 2136 3053 pastores

23 3081 24 3112 ³
110 3064 293 3157 Evangelii
320 3071 578 3140 sanctissimum
606 3069 673 3141 Dei
701 3071 837 3140 cultum
865 3092 956 3150 asse,
990 3092 1094 3163 quem
1146 3059 1400 3134 Ecclesiarum.
1452 3058 1615 3134 Christus
1632 3063 1726 3132 enirn
1743 3063 1804 3132 dat
1819 3057 1997 3132 Ecclesiae
2019 3076 2137 3155 pasto-

23 3191 24 3198 *
109 3171 292 3260 praecipue
307 3171 457 3263 requirit
468 3174 513 3242 ab
528 3167 747 3246 hominibus.
782 3169 915 3240 Verum
931 3184 1028 3240 tanta
1044 3185 1096 3239 est
1147 3187 1220 3249 res,
1247 3161 1436 3256 prophetas
1460 3167 1690 3250 etdoctores,
1711 3165 1858 3256 vultque
1879 3164 1924 3233 ab
1939 3158 2137 3244 hisEccle-

23 3347 24 3366 χ
108 3271 291 3342 iufirmitas
307 3272 412 3342 etiam
430 3268 551 3356 iubis,
576 3275 636 3366 qui
654 3288 825 3344 nonsunt
839 3285 956 3364 aperte
973 3270 1096 3358 ἄθεοι,
1146 3267 1234 3336 siam
1258 3267 1396 3337 institui
1418 3291 1458 3336 ac
1483 3267 1622 3351 doceri,
1655 3267 1800 3359 vultque
1823 3265 2025 3357 praeparari
2054 3267 2136 3338 illos

23 3364 36 3438 ι’
109 3389 162 3442 aut
192 3375 397 3444 defensores
435 3375 628 3465 impiorum
664 3377 842 3454 cultuum,
883 3387 925 3444 ut
957 3387 1093 3444 tanturn
1147 3369 1210 3462 qui
1235 3369 1460 3459 praeficiendi
1487 3383 1571 3440 sunt
1590 3364 1776 3454 Ecclesiis,
1810 3390 1874 3436 nec
1896 3367 1973 3440 vult
1993 3367 2136 3458 praefici

23 3505 25 3562 ι
109 3475 227 3543 mnndi
252 3474 396 3544 iudiciis
417 3491 644 3555 moveantur,
670 3502 740 3568 quo
764 3477 883 3545 minus
902 3471 1095 3546 honorilice
1147 3471 1197 3556 eis
1211 3493 1355 3562 prorsus
1371 3471 1553 3554 indoctos,
1579 3483 1638 3540 aut
1661 3465 1824 3540 homines
1848 3467 2049 3558 imperitos,
2073 3468 2138 3561 qui

23 3581 25 3662 l
110 3577 147 3644 de
169 3577 371 3648 ministerio
394 3578 514 3662 verbi,
548 3578 681 3661 idest,
711 3577 1092 3668 depublicodocrndi
1146 3573 1215 3642 sibi
1232 3573 1399 3642 videntur
1415 3566 1697 3655 utiendt'duavot,
1724 3584 1758 3640 et
1781 3569 1858 3638 sine
1878 3568 1952 3648 ullo
1975 3591 2042 3640 usu
2063 3569 2137 3661 spi·

23 3671 24 3688 ’
109 3699 249 3748 munere
267 3679 434 3750 sentiant.
479 3678 738 3762 .Hucaccedit,
763 3682 859 3772 quod
877 3681 1093 3748 cumdocto·
1146 3674 1268 3750 rituali
1284 3699 1325 3742 ex
1342 3695 1415 3742 sese
1433 3673 1571 3763 fingunt
1593 3672 1791 3764 opiniones.
1845 3668 2006 3741 Fuerunt
2027 3669 2137 3761 igitur

109 3799 158 3846 res
179 3777 368 3868 Evangelii
390 3781 463 3852 sint
477 3780 613 3872 spreti,
638 3779 764 3863 invisi,
790 3796 824 3850 et
846 3793 1031 3860 versentur
1055 3780 1092 3847 in
1146 3776 1251 3846 initio
1275 3774 1312 3844 in
1327 3770 1693 3865 'Ecclesiis'Scholae,
1721 3798 1811 3868 quae
1829 3772 1965 3848 utinam
1992 3795 2135 3848 consen-

110 3881 252 3949 assiduis
274 3883 458 3972 periculis,
484 3882 590 3952 multi
608 3882 714 3950 etiam
735 3883 827 3950 fame
844 3895 1006 3973 pereant,
1032 3883 1104 3950 ele-².
1147 3893 1285 3948 vassent
1313 3878 1511 3948 doctrinam
1535 3901 1661 3970 puram
1687 3879 1732 3948 eb
1752 3873 1933 3971 Apostolis
1959 3874 2138 3952 traditam.

110 3993 284 4053 terrentur
306 3979 469 4054 homiues
489 3999 586 4056 metu
613 3981 851 4072 periculorum
881 3997 916 4052 et
940 3983 1092 4052 crucisa
1146 3978 1217 4050 Sed
1249 3976 1334 4050 haec
1366 3993 1551 4074 postquam
1580 3981 1716 4070 ingenti
1745 3994 1779 4052 et
1801 3980 2004 4060 admirabili
2026 3984 2137 4054 bene-

23 4125 24 4134 .
111 4083 302 4154 ministerio
316 4081 521 4176 Evangelii,
545 4099 579 4156 et
601 4086 770 4176 quoniam
790 4080 944 4154 honores
970 4097 1005 4154 et
1019 4107 1095 4152 am·
1146 4081 1226 4150 ficio
1241 4079 1306 4152 Dei
1323 4095 1573 4165 renovatam,
1598 4079 1740 4153 etDeus
1756 4077 1812 4152 his
1838 4084 2023 4174 postremis
2046 4099 2137 4157 tsn-

111 4183 161 4270 pla
178 4187 337 4273 praemia
352 4189 533 4279 proposita
552 4199 636 4256 sunt
652 4187 739 4256 alias
756 4198 983 4279 quaestuosas
1003 4197 1095 4255 artes
1147 4183 1293 4272 poribus
1315 4183 1443 4253 iterum
1461 4182 1559 4253 dedit
1572 4179 1785 4275 Prophetam
1793 4233 1806 4269 ‚
1833 4198 1872 4272 ut
1886 4185 1949 4253 alii
1970 4187 2136 4258 erudias-¹

111 4289 364 4373 exercentibus,
389 4289 471 4359 ideo
493 4287 697 4381 paucissimi
722 4289 825 4378 sead
848 4282 915 4357 boc
938 4286 1093 4360 studium
1147 4298 1221 4369 tur,
1256 4285 1411 4376 pmfccto
1436 4307 1558 4356 rursus
1581 4309 1705 4356 curare
1724 4287 1853 4358 debent
1876 4281 2072 4374 Ecclesiae,
2096 4301 2137 4360 ut

111 4409 282 4458 sacrarum
309 4391 513 4474 literarum,
548 4404 608 4461 aut
636 4389 873 4460 ministerium
896 4389 1093 4458 conferunt.
1148 4387 1235 4456 illud
1261 4385 1472 4458 beneficium
1496 4385 1580 4473 Dei,
1607 4387 1771 4466 videlicet
1793 4387 1989 4459 doctrinam
2015 4385 2137 4460 Evau-

112 4483 212 4558 Multi
238 4491 347 4562 etiarn
373 4504 500 4583 putant
521 4486 589 4562 hoc
610 4513 721 4581 genus
739 4491 920 4560 doctrinae
937 4489 1012 4559 sine
1029 4491 1094 4560 do·
1147 4487 1229 4577 gelii
1243 4511 1389 4579 puram,
1416 4483 1689 4564 summonitio
1706 4503 1932 4576 conservent,
1959 4503 1994 4561 et
2008 4493 2054 4562 ad
2073 4515 2138 4584 po-

112 4590 262 4660 steribus
290 4593 562 4685 percipiposse.
614 4591 708 4662 Iacet
736 4592 846 4682 igitur
875 4605 1096 4682 contemptus
1147 4605 1258 4662 steros
1272 4590 1525 4661 transmittant.
1575 4589 1775 4662 Plurimum
1798 4593 1917 4685 itaque
1939 4593 2049 4668 refert
2071 4593 2138 4663 ite·
2184 4653 2186 4660 ,

112 4687 169 4759 iste
193 4695 285 4762 ordo
309 4695 567 4767 ministrorum.
626 4693 842 4786 Quanquam
864 4707 981 4764 autem
1010 4689 1096 4764 haec
1134 4717 1248 4776 rum,
1279 4716 1368 4786 quos
1392 4687 1585 4762 habeamus
1604 4707 1863 4785 praeceptores,
1896 4717 2048 4787 quorum
2073 4716 2139 4764 au·

113 4792 211 4880 vulgo
235 4795 285 4864 ita
301 4796 413 4882 bant,
443 4811 563 4867 tamen
588 4795 638 4887 pii
658 4796 895 4866 adolescentes
919 4795 1096 4866 inculcare
1148 4795 1288 4866 diamus
1309 4794 1440 4866 iudicia
1464 4795 1509 4864 de
1533 4795 1640 4864 rebus
1660 4796 1823 4870 maximis
1845 4809 1878 4866 et
1899 4797 1943 4864 dc
1964 4795 2140 4886 dogmati-

114 4891 175 4962 tibi
204 4890 300 4966 hanc
330 4922 452 4968 vocem
477 4895 582 4968 Pauli
610 4897 757 4966 debent:
797 4895 880 4966 Non
903 4897 1014 4988 pudet
1040 4919 1097 4966 me
1147 4897 1224 4976 bus.
1276 4893 1376 4967 Sicut
1408 4897 1518 4966 sancti
1550 4895 1680 4968 Patres
1699 4919 1800 4989 saepe
1833 4897 1984 4986 allegant
2010 4895 2141 4988 partim

114 4986 315 5087 Evangelii,
339 5015 373 5072 et
388 4997 586 5089 intelligere
601 5012 731 5091 quanta
746 4996 899 5088 dignitas
921 4998 968 5068 sit
990 4992 1096 5068 huius
1147 4993 1359 5090 Apostolos,
1392 4998 1520 5088 partim
1546 5001 1725 5088 proximos
1748 4995 2002 5091 Apostolorum
2026 4995 2143 5070 aetati.

114 5095 312 5185 ministerii,
336 5125 441 5196 seque
456 5096 499 5170 ad
515 5100 550 5168 id
570 5122 794 5190 praeparare,
819 5111 860 5168 ut
877 5099 1013 5190 possint
1028 5094 1097 5168 Ec·
1149 5096 1316 5171 irenaeus
1333 5098 1427 5176 euim
1450 5099 1535 5169 citat
1550 5097 1807 5195 Polycarpum,
1831 5099 1894 5192 qui
1908 5098 2023 5169 fuerat
2039 5097 2143 5170 audi-

116 5195 232 5270 elesiae
259 5225 339 5272 cum
361 5223 451 5295 opus
468 5201 514 5271 sit
536 5202 677 5274 service.
728 5197 798 5270 Hic
815 5201 912 5270 enim
935 5211 1098 5270 estsum-
1148 5213 1205 5270 tor
1220 5197 1385 5292 Apostoli
1403 5199 1559 5285 loannis,
1584 5215 1618 5274 et
1635 5200 1782 5272 Florino
1800 5199 2014 5272 Valentinus
2029 5224 2146 5292 oppo-

209 1497 273 1558 lem
290 1501 335 1559 sol
350 1498 534 1580 stupefactus
548 1501 665 1560 sceleris
681 1497 888 1580 magnitudine

206 1598 350 1678 Resistit,
377 1615 406 1662 et
427 1623 529 1662 currus
547 1605 661 1682 pellens
684 1602 800 1662 inhibet
814 1621 894 1678 suos,

206 1699 390 1786 Lumenque
407 1709 509 1779 terris,
537 1718 613 1764 terre
626 1704 728 1785 fruges
742 1704 879 1784 deneget,

205 1803 247 1866 Et
262 1811 297 1866 in
310 1819 395 1868 vetus
410 1820 515 1866 tratura
532 1803 631 1868 Chaos
648 1805 853 1869 conlitnditur.

116 5319 187 5368 mus
201 5297 269 5370 Dei
289 5305 420 5386 cultus,
447 5303 537 5374 sieut
555 5297 718 5374 Christus
734 5303 848 5384 docet,
869 5325 948 5374 curn
964 5301 1030 5372 ait:
1053 5301 1094 5372 ln
1148 5301 1204 5371 nit
1225 5303 1453 5376 autoritatem
1470 5300 1669 5397 Polycarpi.
1719 5301 1873 5374 Basilius
1894 5301 2033 5374 audivit
2048 5299 2145 5374 Neo-
2205 5385 2207 5392 Ι
2275 5309 2278 5317 ’

118 5388 178 5470 hot
203 5402 418 5492 glorificatur
438 5417 538 5497 pater
559 5428 674 5490 meus,
706 5417 747 5476 ut
768 5405 922 5476 fructum
945 5403 1096 5476 multum
1148 5403 1421 5492 caesariensem,
1445 5403 1751 5579 cuiuszpraccipua
1766 5405 1837 5478 suit
1852 5407 2039 5492 autoritas,
2064 5425 2147 5476 cnm

629 5528 636 5547 ι
1354 5549 1359 5556 ,
1595 5510 1615 5555 a
