4718 5828
277 193 350 268 107
725 183 888 266 unct.
934 181 994 262 ΙΝ
1035 181 1286 264 LAUDEM
1323 179 1530 264 NOVAE
1571 183 1855 270 SCHOLAE.
2231 199 2292 274 lot

277 365 455 451 dandum,
486 376 521 436 et
549 361 790 455 suscipiendae
813 357 952 456 partes,
984 385 1072 456 quas
1094 385 1170 432 non
1194 361 1269 454 ipse
1314 359 1416 453 plus,
1441 358 1502 428 alii
1527 357 1647 430 minus
1668 361 1859 451 immanes,
1890 364 2104 460 cyclopicem
2130 371 2292 462 quandam

277 463 369 544 mihi
384 468 478 538 ultro
494 465 645 557 sumpsi,
670 466 729 534 sed
748 464 802 532 illi
817 489 879 534 suo
895 463 972 534 iure
987 465 1243 554 imposuerunt.
1316 465 1424 533 vitam
1450 473 1601 551 agentes.
1628 491 1632 494 ·
1657 461 1748 534 Nam
1776 491 1857 536 cum
1886 469 1923 536 iu
1950 462 2156 540 huiusmodi
2179 473 2293 544 barba-

379 567 559 660 Quoniam
584 582 700 638 autem
724 562 783 635 hie
805 568 902 636 locus
927 568 1100 658 postulat,
1125 580 1166 637 ut
1183 590 1270 638 con·
1315 565 1405 634 riem
1422 557 1549 632 harum
1567 565 1725 652 gentium
1740 591 1858 638 mores
1874 571 2085 658 degenerare
2100 597 2233 642 necesse
2244 579 2292 658 sit,

277 673 398 743 silium
416 685 587 754 vestrum,
612 670 708 762 quod
728 671 774 754 de
792 669 1037 738 constituenda
1054 664 1173 739 schola
1188 691 1270 738 coe·
1316 667 1386 736 nisi
1403 665 1515 736 literis
1534 669 1577 734 ad
1598 665 1784 753 virtutem,
1807 672 1851 738 ad
1871 665 2148 759 humanitatem,
2171 678 2213 744 ad
2230 677 2293 768 pie-

276 775 398 866 pistis,
429 793 614 855 ornemus,
648 771 799 861 optarim
823 766 915 840 hanc
937 793 1076 840 causam
1101 794 1122 839 a
1146 771 1270 840 lacun-
1316 781 1422 840 tatem
1441 767 1638 836 excitentur
1661 793 1702 840 ac
1723 771 1938 847 formentur:
1976 775 2155 865 praeclare
2168 778 2293 870 sapien-

278 877 440 946 dioribus
470 874 545 962 agi,
582 873 642 965 qui
674 898 738 964 pro
769 873 941 962 dignitate
975 873 1196 963 praedicare,
1235 883 1271 940 et
1317 885 1439 961 terque
1452 865 1479 938 va
1499 869 1602 937 vobis
1624 872 1754 940 sactum
1780 887 1853 963 cst,
1878 874 1939 968 qui
1963 877 2003 944 in
2019 877 2144 946 orbem
2157 893 2291 950 vestram

277 977 559 1066 magnitudinem
574 973 624 1043 rei
642 975 803 1043 oratione
818 998 968 1066 aequare
983 987 1137 1064 possent.
1176 972 1269 1044 Nam
1316 967 1480 1040 honestas
1503 970 1725 1060 disciplinas,
1759 975 1920 1044 alumnas
1944 978 2105 1048 omnium
2128 980 2294 1068 virtutum,

257 1075 370 1149 'mihi
393 1081 430 1146 in
454 1074 519 1146 hae
548 1076 698 1146 infantia
720 1101 796 1144 mea
823 1079 1015 1146 verendum
1033 1089 1101 1160 est,
1133 1100 1178 1144 ne
1193 1076 1270 1146 cul·
1317 1072 1531 1153 accersistis,
1555 1073 1689 1166 quique
1704 1099 1769 1162 pro
1786 1077 1924 1146 viribus
1939 1079 2017 1148 illas
2039 1080 2150 1165 tueri,
2172 1096 2204 1152 et
2219 1107 2293 1150 con-

278 1205 323 1274 pa
338 1180 492 1270 ingenii,
518 1178 639 1246 laudes
655 1191 788 1247 vestras
804 1180 958 1248 deteram
973 1171 1009 1274 *)
1025 1178 1170 1246 minime
1187 1178 1270 1246 vul·
1318 1197 1457 1244 servare
1472 1173 1634 1248 studetis.
1685 1173 1798 1246 Porro
1814 1171 1870 1246 ltis
1888 1181 1987 1250 duris
2009 1183 2241 1271 temporibus,
2262 1185 2293 1256 in

278 1285 371 1374 garis
387 1280 596 1372 sapientiae,
623 1293 656 1349 et
669 1279 1088 1370 propemodumdivinae.
1125 1275 1270 1348 Etenim
1319 1276 1443 1368 primis
1466 1288 1622 1344 meretur
1644 1276 1784 1346 laudari
1807 1294 1962 1350 vestrum
1988 1283 2194 1362 consilium,
2226 1309 2293 1354 cum

215 1417 220 1428 ¹
279 1387 373 1478 quod
389 1381 613 1476 perspexistis
627 1381 698 1450 vim
715 1396 748 1450 et
763 1382 954 1452 utilitatem
971 1381 1151 1452 literarum
1167 1383 1272 1471 igno·
1318 1377 1515 1470 periculum
1534 1389 1586 1446 est
1604 1401 1648 1445 ne
1671 1380 1894 1471 naufragium
1911 1384 2051 1470 literae,
2076 1385 2115 1452 in
2130 1379 2196 1454 hoc
2210 1387 2294 1457 fatali

278 1501 350 1560 tam
370 1487 500 1573 vulgo,
527 1483 798 1576 longissimeque
817 1509 836 1552 a
858 1497 1043 1576 conspectu
1066 1482 1271 1553 multitudi-
1317 1493 1419 1550 motu
1442 1477 1664 1570 Rerumpuh.
1686 1481 1828 1556 faciant.
1893 1483 1982 1554 Nam
2015 1508 2136 1556 errore
2156 1489 2293 1580 quodam

278 1590 336 1658 nis
359 1589 531 1679 positam,
566 1587 824 1654 conservandas
842 1610 934 1668 esse,
959 1600 993 1654 et
1006 1588 1209 1654 asserendas
1225 1585 1270 1654 ab
1318 1581 1414 1670 vulgi
1442 1576 1582 1650 scholae
1612 1583 1835 1656 deseruntur.
1898 1583 2053 1674 Quidam
2086 1587 2180 1657 enim
2209 1588 2294 1660 stulti

279 1691 427 1760 interitu
450 1688 649 1766 iudicastis,
677 1688 881 1778 praesertim
901 1683 1162 1778 hoctempore,
1189 1711 1270 1755 cum
1318 1683 1585 1754 concionatores
1615 1708 1635 1752 a
1668 1685 1781 1756 literis
1804 1684 2031 1770 abstrahunt,
2075 1713 2200 1780 magna
2226 1713 2294 1782 pars

278 1793 411 1886 ubique
441 1789 702 1881 periclitamur,
735 1791 772 1858 id
798 1791 954 1880 profecto
978 1789 1122 1858 divinoe
1151 1787 1270 1858 cuius-
1318 1785 1434 1854 ventri
1460 1797 1640 1869 metuens,
1674 1789 1717 1854 ad
1744 1803 1970 1880 quaestuosas
1998 1803 2091 1860 artes
2115 1813 2153 1860 se
2177 1792 2295 1882 recipit,

279 1897 360 1964 dam
386 1891 577 1981 sapientiae
600 1904 663 1961 cst.
724 1889 825 1979 Quae
848 1892 942 1960 enim
965 1892 1031 1960 alia
1049 1913 1105 1960 res
1120 1893 1270 1958 maiores
1318 1902 1505 1980 postquam
1524 1909 1601 1976 spes
1622 1888 1755 1958 abiecta
1772 1903 1840 1972 est,
1874 1893 2096 1964 sacerdotum
2114 1893 2296 1963 redditibus

279 1996 450 2066 utilitates
465 1994 529 2064 toti
544 1993 663 2082 generi
675 1987 978 2076 humanoadlert,
1004 2017 1110 2086 quam
1126 1991 1270 2062 literae?
1318 1988 1525 2076 victitandi,
1556 2011 1645 2081 quos
1668 1991 1782 2074 solos,
1816 1992 1949 2062 laboris
1972 1993 2027 2062 sui
2059 1995 2212 2084 praemia
2234 2017 2295 2064 csse

279 2097 388 2167 Nulla
413 2111 505 2180 arte,
536 2095 637 2163 nnllo
661 2095 820 2185 opificio,
855 2119 927 2164 non
950 2089 1094 2164 hercule
1109 2095 1271 2184 frugibus
1319 2092 1504 2182 putabant.
1564 2089 1704 2179 Quotus
1721 2093 1870 2186 quisque
1884 2095 1979 2164 enim
1998 2107 2180 2187 tantopere
2197 2096 2296 2166 virtu·

278 2199 365 2290 ipsis
382 2213 472 2269 terra
489 2197 598 2280 natis,
623 2221 696 2264 non
714 2197 865 2290 denique
882 2191 950 2266 hoc
966 2197 1059 2280 sole,
1091 2221 1195 2290 quern
1215 2195 1271 2262 vi-
1320 2209 1390 2262 tem
1414 2193 1581 2277 miratur,
1612 2206 1652 2262 ut
1676 2195 1784 2281 gratis
1803 2219 1878 2264 eam
1895 2197 2081 2266 colendam
2106 2199 2295 2270 esseducat.

279 2317 336 2374 tae
360 2296 545 2370 authorem
569 2299 671 2367 multi
697 2299 941 2381 crediderunt,
973 2311 1156 2388 tantopere
1181 2321 1270 2387 opus
1320 2293 1411 2364 Cum
1437 2295 1474 2362 in
1503 2287 1572 2362 hoc
1595 2293 1801 2364 discrimine
1827 2293 1876 2366 ¹rit
1901 2321 1954 2366 res
1984 2299 2162 2384 literaria,
2194 2299 2296 2370 decuit

280 2417 348 2486 est,
370 2415 475 2494 atque
489 2400 632 2470 scientia
648 2400 841 2472 literarum.
890 2399 978 2468 Nam
995 2425 1074 2469 cum
1091 2401 1168 2467 sine
1182 2397 1271 2485 legi·
1321 2417 1443 2464 omnes
1456 2391 1588 2484 Reges,
1620 2419 1660 2464 ac
1674 2395 1857 2490 Principes
1871 2395 2093 2491 Rerumpub.
2109 2400 2295 2492 periclitan-

279 2507 346 2574 bus
372 2529 411 2573 ac
434 2501 593 2584 iudiciis,
626 2517 660 2570 et
683 2502 759 2569 sine
778 2502 1030 2590 religionibus,
1065 2525 1129 2570 nec
1157 2499 1270 2569 teneri
1320 2498 1416 2568 tibus
1432 2495 1629 2586 disciplinis
1646 2523 1748 2588 opem
1766 2500 1914 2570 adferre.
1965 2501 2034 2572 Sed
2053 2503 2167 2572 nostri
2180 2499 2295 2590 Reguli

278 2605 437 2696 Respub.
463 2629 526 2672 nee
545 2603 749 2693 congregari
771 2617 892 2672 coetus
909 2598 1116 2686 hominum,
1142 2604 1271 2691 guber-
1322 2599 1450 2690 partim
1476 2599 1525 2666 ita
1547 2601 1654 2668 crassi
1677 2613 1780 2686 sunt,
1805 2615 1845 2672 ut
1861 2601 2016 2691 precium
2034 2604 2214 2674 literarum
2233 2627 2296 2672 non

280 2709 429 2800 narique
445 2705 597 2798 possint,
623 2700 808 2773 hominnm
825 2727 934 2794 genus
949 2705 1101 2774 serarum
1120 2707 1191 2784 ritu
1209 2727 1271 2772 va·
1322 2701 1540 2789 intelligant,
1574 2702 1703 2790 partim
1731 2703 1778 2772 ita
1806 2703 1912 2788 mali,
1949 2717 1990 2773 ut
2018 2705 2199 2798 tyrannidi
2225 2727 2294 2774 suae

280 2811 437 2899 gabitnr‚
472 2808 502 2876 si
519 2802 583 2874 hae
600 2806 811 2887 occiderint,
838 2808 933 2876 unde
949 2808 1064 2876 bonae
1078 2807 1170 2895 leges
1187 2830 1272 2898 pro-
1324 2802 1482 2893 expediri
1495 2803 1658 2888 credant,
1683 2803 1775 2894 leges
1792 2829 1935 2890 omnes,
1959 2805 2187 2895 religionem,
2209 2821 2240 2876 et
2253 2806 2296 2875 ci-

281 2924 416 2982 creatae
436 2921 535 2992 sunt,
568 2908 642 2977 nati
663 2909 751 2976 honi
773 2933 887 2978 mores
909 2921 942 2976 et
962 2903 1183 2993 humanitas,
1209 2931 1272 2998 per
1322 2906 1429 2974 vilem
1451 2903 1674 2993 disciplinam
1703 2907 1809 2976 semel
1833 2907 1980 2980 aboleri.
2038 2905 2296 2999 QuiddeEpi-

281 3035 368 3106 quas
405 3023 595 3102 propagata
630 3010 755 3098 religio
793 3013 836 3078 ad
876 3023 1032 3079 nostram
1062 3011 1270 3078 memoriam
1324 3006 1436 3097 scopis
1459 3005 1590 3090 dicam,
1623 3029 1712 3097 quos
1734 3021 1767 3076 et
1788 3010 1894 3078 sacris
1920 3023 1953 3080 et
1974 3011 2102 3078 studiis
2130 3011 2295 3080 literarum

281 3120 396 3186 durat.
456 3111 493 3183 Si
518 3111 597 3202 quis
618 3135 742 3201 parum
766 3111 847 3180 fidei
875 3105 959 3181 ltuic
989 3135 1086 3179 meae
1118 3111 1271 3180 orationi
1322 3105 2074 3196 nostrilmperatorespraeessevolnerunt.
2128 3109 2295 3182 Necaliud

280 3213 407 3298 habet,
439 3214 469 3282 is
491 3237 610 3282 earum
635 3213 820 3280 nationum
842 3235 959 3282 mores
985 3227 1021 3284 et
1046 3213 1146 3282 vitae·
1162 3223 1272 3301 genus
1322 3211 1465 3278 luerunt
1480 3209 1566 3275 olim
1584 3209 1727 3297 collegia
1743 3213 1983 3296 sacerdotum,
2009 3213 2078 3281 nisi
2094 3209 2247 3292 scholae,
2269 3221 2297 3280 et

281 3317 496 3393 consideret,
532 3339 622 3406 quae
648 3314 765 3382 nullas
788 3328 922 3383 norunt
945 3315 1085 3397 literas,
1108 3317 1202 3406 quod
1220 3315 1273 3382 se·
1323 3326 1359 3381 ut
1378 3309 1508 3394 otium,
1538 3335 1579 3378 ao
1601 3325 1763 3401 sumptus
1784 3311 2002 3382 discentibus
2019 3316 2161 3385 abunde
2186 3323 2295 3394 essent,

281 3433 367 3490 runt
388 3420 434 3487 de
453 3411 606 3510 Scythis.
665 3413 715 3483 Hi
731 3415 884 3506 primum
903 3411 1169 3485 nullasbabent
1185 3414 1273 3484 civi·
1324 3409 1531 3503 amplissimi
1549 3413 1707 3482 redditus
1723 3413 1879 3502 collegiis
1896 3416 2079 3485 constituti
2098 3429 2190 3486 sunt.
2236 3413 2297 3484 Nec

281 3537 370 3594 tates
399 3519 536 3608 legibus
568 3517 795 3601 constitutas,
827 3517 957 3606 iudicia
987 3517 1105 3602 nulla,
1137 3519 1193 3588 ius
1222 3531 1274 3588 est
1324 3515 1473 3595 omnino
1498 3513 1709 3584 infoeliciter
1724 3529 1867 3606 apparet
1881 3517 1965 3584 olim
1988 3517 2033 3586 ab
2046 3542 2087 3586 eo
2104 3539 2226 3609 genere
2241 3511 2298 3584 ho-

203 3705 210 3716 „
283 3623 451 3717 quicquid
474 3615 706 3700 leceruntlti,
734 3621 795 3712 qui
818 3633 877 3688 aut
902 3619 1038 3689 viribus
1064 3633 1123 3690 aut
1148 3619 1274 3688 factio·
1324 3617 1462 3686 minum
1487 3627 1651 3685 tractatas
1676 3639 1749 3683 esse
1772 3641 1851 3684 cnm
1875 3619 1961 3686 alias
1987 3619 2125 3701 literas,
2159 3633 2297 3691 tumsa-

243 3807 246 3816 ,
282 3727 389 3795 nibus
420 3723 613 3814 plurimum
644 3721 800 3812 pollent,
832 3721 918 3789 foris
938 3723 1036 3790 nulla
1064 3721 1274 3790 commercia
1326 3741 1412 3787 cras.
1463 3713 1566 3784 Nunc
1583 3718 1743 3786 videmus
1758 3742 1931 3810 nusquam
1948 3743 2020 3788 esse
2035 3721 2228 3792 infestiores
2242 3711 2297 3786 ho·
2331 3727 2332 3742 ¹

282 3851 363 3896 cum
385 3824 531 3908 vicinis,
556 3823 653 3890 nulla
676 3823 1057 3904 rerumcommutatio,
1083 3823 1275 3890 unumad-
1326 3833 1394 3889 stes
1418 3817 1592 3886 bonarum
1618 3820 1765 3904 artium,
1800 3843 1905 3910 quam
1937 3821 1974 3888 in
1999 3821 2070 3890 illis
2094 3823 2298 3892 sacerdotum

282 3951 402 3997 versus
426 3928 552 3994 famem
579 3923 794 4015 praesidium
820 3937 873 3993 est
897 3923 1101 3992 latrocinari
1119 3924 1273 4006 multos,
1325 3919 1511 3990 sodalitiis.
1585 3917 1741 3988 Proinde
1784 3923 1980 3991 necessario
2014 3935 2173 4016 tempore
2209 3919 2297 3990 vobis

283 4031 388 4101 etiam
412 4023 607 4119 hospitium
631 4026 797 4094 carnibus
822 4025 980 4094 victitare
1003 4027 1093 4094 laima
1115 4037 1183 4109 est,
1209 4025 1275 4093 do·
1326 4024 1365 4091 in
1389 4034 1541 4090 mentem
1571 4022 1689 4102 venit,
1722 4023 1903 4092 exulantes
1928 4025 2001 4094 suis
2025 4026 2168 4096 sedibus
2195 4023 2298 4092 literas

262 4132 458 4211 minero,
494 4153 566 4197 non
589 4129 697 4197 modo
720 4127 906 4218 disciplina
930 4128 1052 4211 nulla,
1084 4125 1273 4196 sedetiam
1325 4120 1481 4214 hospitio
1503 4123 1677 4212 excipere,
1710 4137 1744 4193 et
1766 4137 1933 4217 tanquam
1958 4127 2299 4196 domumdeducere.

285 4233 429 4303 affectus
451 4229 502 4298 illi
525 4252 614 4322 qnos
637 4243 762 4300 natura
786 4227 1021 4300 communiter
1039 4227 1221 4318 generavit
1236 4227 1275 4295 in
1326 4225 1407 4295 Non
1424 4225 1538 4315 pigeat
1554 4225 1720 4295 adiecisse
1735 4219 1803 4295 hoc
1817 4229 1923 4296 decus
1938 4227 2084 4320 reliquis
2097 4222 2299 4298 ornamentis

285 4335 414 4405 animis
443 4328 648 4409 hominnm,
682 4333 767 4399 tides
781 4331 993 4419 coniugalis,
1018 4355 1118 4400 amoc
1132 4329 1277 4414 sobolis,
1308 4327 1427 4398 ,urbis
1453 4341 1605 4411 vestrae,
1642 4351 1732 4418 quae
1756 4327 1824 4394 iam
1850 4341 1931 4396 ante
1955 4330 2104 4420 opibus,
2137 4325 2298 4402 aedificiis,

285 4433 437 4506 charitas
462 4433 744 4524 propinquorum
774 4447 807 4500 et
835 4433 1082 4512 familiarium,
1114 4431 1276 4501 barbaris
1326 4429 1490 4521 opificum
1522 4428 1692 4516 ingeniis,
1726 4429 1775 4500 ita
1802 4429 1942 4516 floruit,
1981 4445 2022 4502 ut
2051 4429 2203 4501 conferri
2231 4448 2298 4496 curn

284 4537 444 4606 moribus
462 4533 604 4604 extincti
621 4546 715 4604 sunt.
766 4533 874 4602 Nulla
891 4549 941 4605 est
958 4535 1103 4603 scientia
1122 4535 1277 4602 educan-
1326 4531 1449 4626 quavis
1467 4529 1787 4600 laudatissimorum
1803 4531 1945 4602 urbium
1965 4535 2058 4624 apud
2076 4547 2207 4604 veteres
2220 4539 2299 4598 recle

286 4641 413 4709 dorum
437 4638 652 4720 liberorum,
685 4635 761 4703 sine
783 4645 851 4728 qna
872 4637 958 4705 boni
981 4637 1049 4706 ‘viri
1069 4635 1161 4705 nulli
1176 4636 1278 4719 finnt,
1328 4633 1446 4725 possit.
1504 4629 1626 4725 Neque
1658 4633 1728 4702 alia
1751 4633 1837 4702 urbs
1865 4634 1904 4701 in
1927 4631 2117 4704 Germania
2141 4631 2300 4704 doctiores

171 4829 175 4834 ¹
284 4740 385 4812 nulla
402 4739 543 4808 virtutis
566 4737 773 4820 admiratio,
805 4738 927 4807 nullus
950 4738 1149 4808 intellectus
1164 4731 1278 4804 hone-
1326 4731 1496 4808 hactenus
1517 4733 1611 4803 cives
1633 4729 1779 4820 ltabuit,
1811 4734 1872 4828 qui
1889 4736 1972 4828 quia
1986 4737 2029 4805 ad
2048 4734 2299 4826 gubernandam

286 4843 349 4930 sti,
383 4843 502 4910 nullae
533 4834 693 4908 honestis
721 4839 845 4907 officiis
880 4841 1063 4932 copulatae
1094 4839 1281 4922 amicitiae,
1326 4835 1506 4928 Rempub.
1535 4836 1717 4906 scientiam
1746 4836 1960 4928 optimarum
1989 4839 2118 4908 artium
2142 4833 2300 4907 adhibue-

285 4971 360 5015 non
376 4939 610 5014 humanitatis
630 4941 726 5010 ullus
752 4965 884 5009 sensus.
935 4941 1135 5027 Postremo,
1160 4941 1281 5010 nullae
1327 4951 1431 5018 runt,
1472 4937 1663 5007 effecerunt
1692 4951 1733 5007 ut
1753 4938 1900 5031 reliquis
1924 4935 2137 5009 Germaniae
2166 4936 2300 5008 urbibus

258 5046 330 5118 ¹de
363 5046 535 5134 religione
563 5045 676 5136 deque
709 5043 893 5113 voluntate
919 5043 987 5114 Dei
1010 5069 1091 5133 erga
1116 5043 1282 5112 mortales
1328 5036 1415 5110 haec
1430 5041 1535 5130 longe
1552 5053 1741 5128 praestaret
1755 5041 1935 5111 omnibus.
1986 5040 2299 5112 Nuneautemcurss

285 5162 399 5218 rectae
420 5147 620 5238 opiniones.
679 5145 738 5217 Sic
757 5147 797 5214 in
814 5169 941 5236 genere
961 5161 1045 5218 sunt
1064 5147 1206 5218 barbari
1221 5143 1284 5216 alii
1315 5133 1385 5212 ¹hic
1422 5141 1644 5212 domicilium
1676 5135 1832 5212 honestis
1863 5141 2060 5233 disciplinis
2092 5135 2300 5214 consumitis.

1327 5247 1372 5314 ad
1389 5245 1490 5314 illurn
1508 5244 1689 5312 cumulum
1705 5243 1851 5314 laudum
1867 5258 2082 5327 vestrarum,
2107 5232 2300 5314 incredibile

320 5376 348 5440 *t
368 5377 515 5441 deseram]
536 5375 696 5449 detergam?
1327 5360 1380 5418 est
1401 5357 1533 5439 quanta
1556 5345 1616 5417 liat
1638 5346 1801 5421 accessio.
1857 5345 1948 5416 Nam
1965 5347 1994 5418 si
2008 5347 2151 5440 pergitis
2168 5343 2302 5414 excitare
