4688 5826
229 229 307 340 'r'r'r
712 253 875 378 nucu
903 249 979 332 nn
1011 251 1341 332 rurnnnrco
1375 229 1784 334 aauaaaossu
2181 261 2258 336 are
2337 293 2338 302 κ

233 411 326 521 terei
353 430 502 505 iniurias
529 427 695 523 persequi
723 427 852 502 noluit.
902 427 971 502 Sed
1001 427 1094 498 belli·
1116 439 1220 498 autor
1268 428 1452 522 impetrata
1466 427 1708 510 absolutione,
1734 411 1937 502 Tbidericus
1951 415 2161 526 prinsquam
2184 445 2260 504 tra-

233 532 399 612 Pontifex
409 529 611 606 Alexander
625 556 644 601 e
660 526 895 602 Galliisredit
911 531 949 600 in
964 527 1114 614 Italiam,
1138 551 1219 598 cum
1267 529 1344 602 licit
1367 529 1556 600 exercitum
1576 530 1615 599 in
1634 528 1772 617 Asiam,
1798 531 1948 624 sumpsit
1962 532 2033 604 sibi
2052 533 2261 628 aliquantu·
2337 601 2338 606 ,

233 629 303 712 iam
319 632 548 732 tranquillam
564 658 636 704 esse
653 633 800 702 videret.
841 629 1039 702 inflammat
1053 629 1221 714 Venetos,
1268 633 1343 702 lum
1360 632 1527 722 temporis
1544 633 1588 702 ad
1604 655 1724 722 parem
1748 633 1884 724 legibus
1904 635 2156 721 muniendum,
2180 634 2264 706 Me-

178 807 181 812 .
232 755 274 814 ut
295 735 667 812 bellum'instaurent.
726 731 905 804 Deficiunt
930 734 974 801 ad
1005 755 1065 802 eos
1089 731 1221 802 multae
1268 733 1452 803 diolanum
1470 733 1659 803 instaurari
1673 747 1783 822 curat,
1808 749 1841 805 et
1856 737 1933 806 fert
1953 737 2068 826 leges,
2094 761 2181 831 quas
2197 761 2265 807 vo·

232 843 322 913 aliae
344 841 511 910 civitates.
562 835 660 906 Haec
682 833 881 905 coniuratio
904 833 1082 906 revocavit
1104 831 1220 923 lmpe-
1269 847 1350 905 cant
1366 837 1410 904 de
1431 859 1515 925 pace
1537 837 1768 932 constantiae,
1794 861 1945 932 quarum
1968 839 2138 908 beneficio
2154 833 2265 906 bodie

170 1027 173 1034 ¹
233 956 386 1016 retorem
409 941 448 1012 iu
474 937 630 1021 ltaliam,
653 934 716 1006 ubi
740 957 863 1006 rursus
885 944 1088 1026 recuperata
1110 931 1222 1019 Italia,
1269 955 1410 1029 qnoque.
1426 935 1553 1004 melius
1569 951 1740 1026 reguntur
1754 936 2007 1030 Respublirae3
2032 939 2265 1010 estantenim

233 1068 314 1115 curn
340 1038 502 1116 Pontifex
527 1041 661 1109 videret
683 1059 719 1107 se
742 1033 879 1110 Romae
905 1036 1081 1106 nonsatis
1104 1049 1221 1106 tutum
1270 1037 1309 1106 in
1325 1037 1403 1106 iure
1418 1051 1451 1108 et
1464 1059 1582 1106 earum
1601 1039 1770 1111 autoritas
1787 1039 1975 1128 inprimis
1991 1041 2093 1110 valet.
2145 1039 2266 1110 Multa
2337 1079 2338 1086 κ

235 1167 326 1231 esse,
355 1139 479 1213 babitu
500 1141 640 1213 nautico
660 1138 751 1228 sugit
766 1162 806 1208 ac
821 1159 857 1207 se
878 1133 1042 1208 Venetias
1059 1135 1221 1208 contulit.
1270 1149 1354 1208 sunt
1379 1138 1418 1206 in
1451 1133 1518 1208 hac
1548 1133 1698 1209 historia
1723 1155 1922 1210 memoratu
1949 1141 2056 1230 digua
2086 1141 2267 1234 exempla5

233 1245 291 1318 Aa
312 1243 506 1316 er'tromum
523 1265 602 1312 cum
621 1237 709 1312 alter
724 1237 949 1331 imperatoris
972 1237 1066 1309 filius
1089 1239 1127 1306 in
1149 1236 1223 1306 acie
1270 1253 1393 1310 monet
1409 1240 1524 1322 enim,
1550 1253 1681 1333 quanta
1697 1240 1742 1310 sit
1757 1241 1863 1332 pestis
1880 1239 2102 1333 Rerumpub.
2114 1242 2268 1312 ambitio
2337 1261 2338 1264 ’

234 1347 415 1419 cecidisset
430 1347 473 1414 ad
490 1341 703 1427 Bononiam,
723 1341 813 1413 alter
828 1354 915 1410 natu
932 1336 1224 1409 minimusaVe-
1271 1341 1310 1409 iu
1337 1340 1564 1432 Principibus
1596 1341 1854 1412 ecclesiasticis:
1902 1356 2036 1436 quante
2062 1343 2108 1414 sit
2132 1342 2270 1426 virtus,
2337 1399 2338 1406 ,

170 1475 179 1499 .
234 1463 315 1519 neta
339 1449 447 1518 classe
471 1445 685 1536 interceptus
711 1455 818 1528 esset,
844 1441 978 1512 oblitus
999 1440 1224 1524 iniuriarum,
1272 1441 1434 1512 oblivisci
1453 1442 1602 1512 iniurias
1626 1455 1660 1512 et
1683 1445 1886 1513 condonare
1907 1437 2136 1538 earlieipnb.
2160 1465 2270 1536 prse-
2337 1437 2338 1496 l

235 1547 279 1621 tle
295 1547 475 1619 communi
498 1570 581 1638 pace
599 1544 655 1640 agi
679 1567 799 1636 passus
816 1557 885 1629 est,
911 1543 1009 1640 quod
1031 1557 1072 1614 ut
1085 1545 1224 1621 faceret,
1274 1560 1366 1614 terea
1375 1544 1540 1638 qualibus
1555 1543 1722 1632 exemplis
1730 1543 1913 1614 Pontificia
1926 1545 2087 1637 tyrannis
2098 1545 2269 1614 creveritz

159 1643 161 1646 ⁵
234 1663 424 1720 moverunt
441 1673 521 1720 enm
543 1643 729 1740 praecipue
744 1667 866 1715 causae
891 1644 1064 1736 publicae.
1115 1639 1223 1712 Tanti
1273 1645 1332 1714 sed
1349 1647 1434 1715 nolo
1450 1640 1671 1714 haecomnia
1687 1645 1861 1738 persequi.
1915 1644 2008 1716 lllud
2031 1646 2181 1716 miretur
2201 1647 2271 1714 ali·
2337 1651 2338 1724 j

235 1751 330 1822 e'nim
341 1749 432 1823 'tunc
448 1763 548 1819 erant
563 1750 601 1817 in
613 1743 697 1822 Asia
712 1745 871 1819 Saladiui
887 1744 1103 1816 faelicissimi
1117 1741 1226 1814 Prin·
1274 1745 1370 1840 quis,
1395 1747 1575 1837 quomodo
1591 1746 1638 1816 ita
1656 1747 1773 1836 frangi
1791 1748 1916 1836 ingens
1938 1747 2078 1816 animus
2092 1744 2271 1816 Friderici

235 1854 324 1946 cipis
353 1873 549 1932 successus,
583 1861 624 1919 ut
647 1847 716 1922 nisi
741 1845 937 1940 imperator
960 1847 992 1916 ei
1016 1843 1226 1929 occurreret,
1274 1845 1447 1940 potuerit,
1479 1860 1520 1916 nt
1537 1861 1571 1916 et
1587 1848 1734 1938 supplex
1751 1848 1851 1918 fieret
1868 1849 1906 1916 in
1923 1869 2026 1917 cansa
2040 1847 2208 1930 meliore,
2235 1861 2274 1918 et
2337 1839 2338 1916 l

235 1955 443 2027 viderentur
458 1951 556 2022 brevi
573 1973 646 2019 non
665 1950 702 2023 in
718 1945 822 2044 Syria
838 1959 996 2034 tantum,
1017 1949 1077 2018 sed
1096 1947 1136 2016 in
1151 1951 1227 2015 tota
1274 1950 1419 2041 insuper
1439 1948 1633 2040 supplicem
1658 1969 1695 2018 se
1713 1948 1805 2018 affici
1826 1963 1922 2020 tanta
1939 1947 2154 2020 contumelia
2172 1949 2273 2017 sine-
2337 1967 2338 1994 t

234 2051 321 2126 Asia
342 2053 521 2143 regnaturi
539 2043 831 2135 Mobametistae3
858 2063 892 2120 et
910 2045 1010 2120 ltalia
1031 2051 1121 2120 fessa
1144 2046 1225 2120 ubi·
1275 2065 1338 2126 ret.
1384 2047 1489 2122 Certe
1501 2073 1576 2118 nou
1592 2047 1720 2120 abiecit
1733 2050 1892 2120 animum
1910 2061 2010 2122 metu
2026 2051 2271 2139 autdespera·

236 2177 442 2250 quepacem
467 2155 617 2245 petebat.
670 2149 851 2224 Credibile
874 2163 925 2222 est
947 2165 1064 2221 autem
1088 2159 1227 2242 praeter
1277 2151 1372 2221 tione
1388 2149 1568 2224 victoriae.
1601 2147 1743 2220 Vicerat
1756 2151 1853 2220 enim
1872 2147 2053 2231 hactenus,
2077 2163 2112 2220 et
2133 2150 2273 2242 praeci·

235 2253 300 2327 bas
326 2255 485 2346 publicas
507 2277 627 2324 causas
646 2253 799 2323 multum
818 2251 968 2322 valuisse
985 2252 1091 2323 etiam
1109 2264 1226 2342 pater·
1276 2275 1380 2344 puam
1397 2249 1520 2322 ltaliae
1534 2263 1669 2342 partem
1685 2252 1836 2326 tenebat.
1887 2250 2095 2322 Nectantae
2112 2249 2275 2321 Veneto·
2337 2249 2338 2306 l

238 2357 515 2430 num‘dolorem.
554 2353 644 2424 Nam
663 2377 743 2426 cum
759 2353 951 2425 domestica
965 2353 1039 2422 vita
1052 2349 1225 2422 Friderici
1276 2375 1356 2424 rum
1377 2375 1462 2443 opes
1481 2365 1566 2422 tuuc
1589 2367 1707 2444 eraut,
1731 2367 1772 2422 ut
1793 2365 1877 2424 sunt
1898 2348 2023 2439 hodie3
2049 2365 2086 2423 at
2105 2375 2152 2422 nc
2174 2375 2273 2424 nunc
2337 2383 2338 2432 ι

196 2457 342 2549 ‚plena
365 2457 472 2527 fuerit
492 2451 723 2527 humanitatis
745 2479 786 2525 ac
807 2455 967 2546 pietatis,
999 2449 1095 2523 haud
1118 2451 1226 2522 dubie
1276 2454 1419 2548 quidem
1441 2475 1542 2544 pares
1564 2463 1648 2523 sunt
1669 2453 1800 2524 nostris
1821 2452 2109 2546 imperatoribus.
2162 2453 2273 2524 Prae-

237 2561 344 2630 etiam
365 2559 468 2632 valde
488 2557 555 2626 fuit
573 2549 835 2654 φιλόστοργος,
863 2569 902 2626 ut
918 2577 1014 2624 nunc
1031 2575 1173 2648 quoque
1189 2553 1227 2620 in
1276 2569 1369 2625 terea
1385 2553 1588 2624 Fridericus
1605 2551 1670 2624 etsi
1690 2576 1765 2624 uno
1783 2569 1888 2650 atque
1904 2555 2015 2626 altero
2039 2554 2175 2646 praelio
2195 2553 2274 2624 eius
2337 2557 2338 2640 ζ

238 2656 430 2730 Germanis
444 2651 744 2728 vehementiorem
760 2657 921 2725 videmus
936 2677 1010 2729 esse
1032 2656 1227 2724 liberorum
1278 2655 1482 2746 legativieti
1499 2668 1616 2740 erant,
1640 2667 1760 2748 tamen
1783 2655 1953 2746 ipserum
1971 2669 2058 2726 asset
2074 2653 2273 2747 Imperator

215 2761 414 2840 alacrem,
441 2779 546 2852 quam
568 2759 608 2830 in
624 2771 840 2830 caeterarum
858 2757 1045 2828 nationum
1069 2751 1227 2826 bomini·
1277 2781 1345 2828 usu
1373 2757 1514 2848 peritus·
1532 2770 1566 2826 et
1591 2755 1699 2825 foelix
1720 2771 1756 2828 ct
1775 2757 1971 2826 dimicandi
1992 2757 2163 2852 cupidus,
2197 2781 2276 2826 nou
2337 2785 2338 2848 a

239 2863 320 2932 bus.
379 2857 498 2930 Movit
529 2858 638 2948 igitur
668 2857 909 2942 Fridericum,
939 2857 1091 2929 extincto
1117 2857 1227 2926 altero
1280 2871 1462 2950 propterea
1488 2859 1532 2926 dc
1553 2873 1689 2945 summa
1707 2875 1826 2926 rerum
1849 2858 2058 2949 desperavit.
2112 2857 2197 2928 Meo
2216 2858 2277 2926 iu·
2337 2913 2338 2936 ,

168 3031 175 3048 ,
237 2963 331 3046 blio',
357 2976 457 3052 capto
483 2959 614 3045 altero,
639 2961 786 3052 patruus
801 2959 921 3044 dolor,
945 2973 987 3031 ut
1006 2958 1166 3028 animum
1183 2957 1228 3026 ad
1278 2959 1370 3030 dicio
1387 2977 1468 3028 eum
1483 2957 1646 3049 publicae
1661 2981 1785 3028 causae
1808 2955 2035 3029 hortarentur
2049 2983 2130 3030 eum
2146 2962 2190 3028 ad
2209 2983 2275 3050 pa·

237 3083 361 3156 pacem
392 3063 676 3133 constituendam
707 3057 892 3146 adiiceret,
923 3057 1128 3154 praesertim
1148 3081 1228 3128 cum
1279 3083 1372 3145 cem,
1398 3073 1433 3129 et
1449 3060 1555 3130 vellet
1570 3061 1795 3150 concordiam
1811 3060 1850 3128 in
1868 3051 2008 3150 Europa
2024 3060 2163 3130 firmam
2184 3083 2276 3130 rou·
2337 3067 2338 3158 J

239 3165 315 3254 ipse
329 3185 467 3255 semper
483 3187 503 3234 a
520 3163 615 3234 bello
628 3157 883 3246 abhorruisset,
897 3174 932 3232 et
944 3168 1086 3232 coactns
1099 3159 1229 3230 scelere
1278 3161 1395 3246 s'titui,¹
1419 3159 1618 3231 reverentia
1638 3156 1709 3230 loci
1728 3158 1926 3252 Apostolici
1947 3174 1983 3231 et
2000 3161 2173 3250 religione
2193 3185 2276 3230 nro-
2337 3241 2338 3248 ἵ

237 3261 423 3336 Pontificio
446 3264 651 3359 sumpsisset
674 3285 799 3340 arma„
837 3259 960 3356 ltaque
980 3263 1123 3332 tandem
1143 3283 1230 3330 con·
1280 3277 1335 3334 tus
1351 3273 1421 3346 est,
1443 3269 1574 3331 utnon
1588 3263 1801 3334 recusaverit
1815 3261 1892 3330 lieri
1905 3263 2063 3353 supplex.
2098 3260 2277 3332 Audierat
2337 3303 2338 3354 t

130 3429 131 3436 ,
239 3367 338 3441 venit
351 3367 422 3452 ita,
444 3379 485 3436 ut
501 3361 704 3436 Fridericus
721 3361 887 3436 Venetias
902 3361 1051 3448 veniret,
1076 3375 1110 3432 et
1126 3359 1179 3431 ibi
1194 3381 1229 3432 se
1279 3379 1314 3434 et
1330 3359 1576 3458 Theodosium
1597 3375 1698 3432 antea
1720 3364 1767 3432 ab
1789 3357 1981 3434 Ambrosio
2003 3363 2143 3432 veniam
2165 3363 2278 3432 errati

240 3469 285 3539 ad
304 3463 794 3560 pedesPontibcis'abiiceret,
810 3477 845 3536 et
861 3463 1120 3536 absolutionem
1134 3475 1230 3554 pete·
1281 3463 1432 3557 petiisse.
1486 3459 1619 3553 Magna
1635 3463 1820 3534 antemnis
1835 3473 1889 3534 est
1905 3463 2109 3553 religionis,
2133 3487 2216 3534 cum
2229 3464 2275 3560 iu
2337 3507 2338 3558 3

239 3581 313 3656 ret;
340 3569 469 3640 deinde
486 3568 676 3639 constituta
691 3589 774 3660 pace
789 3565 829 3635 in
844 3561 957 3650 ltalia,
974 3561 1118 3636 duceret
1132 3579 1230 3634 exer·
1280 3565 1447 3639 omnibus
1478 3566 1584 3636 bonis
1610 3563 1698 3654 viris
1724 3565 1877 3656 ubique,
1915 3576 1991 3636 turn
2020 3564 2208 3656 praecipue
2233 3565 2275 3634 iu
2337 3597 2338 3616 .

240 3669 350 3743 citum
369 3671 409 3740 in
423 3663 556 3742 Asiam.
608 3665 683 3738 llas
700 3667 922 3738 conditiones
937 3659 1150 3750 Fridericus,
1166 3663 1230 3736 etsi
1282 3665 1489 3752 Germanis,
1514 3689 1603 3758 qnos
1620 3665 1731 3735 multa
1753 3665 1910 3754 exempla
1931 3679 2119 3750 testantur,
2145 3687 2276 3753 magua

116 3833 121 3840 ,.
240 3772 349 3841 armis
372 3764 488 3842 adbuc
510 3771 626 3839 fuerat
643 3767 824 3860 superior,
849 3767 998 3860 accepit,
1023 3782 1141 3837 tamen
1161 3761 1232 3836 Ve-
1281 3769 1475 3839 ronstantia
1492 3766 1700 3856 religionem
1717 3789 1790 3834 non
1808 3766 1922 3834 solum
1941 3766 2033 3836 vitae
2052 3791 2092 3836 ae
2108 3765 2277 3852 fortunis,

241 3869 347 3944 nctiis
361 3871 487 3942 abiecit
502 3875 539 3940 s‘e
553 3871 598 3940 ad
609 3867 793 3940 Pontificio
808 3872 926 3960 pedes,
939 3867 1064 3960 petivit
1079 3865 1231 3942 veniam.
1269 3869 1342 3939 'sed
1357 3869 1461 3938 etiam
1475 3866 1639 3956 dignitati
1660 3880 1875 3958 anteponere
1891 3867 2016 3939 solere.
2070 3866 2182 3938 Cessit
2203 3869 2276 3957 igi-

239 3971 315 4057 N'ec
336 3973 406 4043 fuit
427 3985 614 4044 contentus
628 3967 793 4042 Pontifex
814 3967 881 4041 lra'c
906 3969 1131 4060 lmperatoris
1153 3993 1231 4038 mo·
1280 3984 1340 4040 tur
1354 3971 1398 4039 de
1412 3993 1476 4040 suo
1491 3969 1569 4038 iure
1585 3991 1658 4037 non
1675 3979 1790 4049 metu,
1816 3989 1888 4036 non
1906 3967 2147 4038 imbecillitate
2161 3971 2274 4040 animi
2337 3983 2338 3986 ’

243 4071 375 4158 destia,
400 4073 462 4168 qui
480 4088 554 4144 erat
566 4073 679 4146 factus
692 4072 850 4167 supplex,
875 4071 935 4142 sed
951 4069 1088 4142 addidit
1104 4083 1232 4144 contu·
1281 4073 1430 4155 fractus,
1456 4071 1516 4140 sed
1535 4070 1686 4162 quadam
1702 4067 1885 4156 religionis
1905 4069 2096 4159 opinione,
2122 4095 2211 4164 quae
2235 4071 2275 4142 in

242 4173 560 4263 meliariusignes3
595 4175 730 4267 pedem,
749 4175 842 4244 collo
866 4171 1101 4268 Imperatoris,
1116 4171 1231 4261 impo·
1281 4172 1409 4242 animis
1423 4173 1513 4242 bene
1535 4168 1707 4240 institutis
1720 4169 1837 4240 valere
1854 4170 2051 4260 plurimum
2068 4173 2183 4256 debet,
2210 4175 2276 4242 ad-

243 4275 326 4374 suit,
339 4272 384 4345 'et
407 4273 507 4344 iussit
521 4264 730 4346 acclamari:¹
745 4273 861 4368 Super
875 4273 1031 4365 aspidem
1054 4287 1089 4344 ct
1110 4269 1248 4342 basili..
1281 4279 1418 4344 ductus.
1453 4269 1501 4344 Et
1515 4271 1616 4342 cessit
1632 4271 1796 4342 utilitatis
1811 4271 1974 4362 publicae
1990 4264 2106 4356 cunia,
2133 4285 2172 4342 ut
2186 4297 2276 4342 ron·

243 4394 324 4446 curn
340 4366 550 4466 ambulabis.
583 4369 827 4446 Oinauditam
845 4376 1045 4468 superbiam
1062 4389 1096 4445 et
1110 4387 1231 4470 tyran·-
1280 4377 1401 4448 stituta
1434 4375 1534 4443 firma
1561 4369 1750 4443 concordia
1783 4371 1821 4440 in
1847 4367 2010 4463 Europa,
2045 4373 2277 4443 latrocinium

242 4474 384 4548 isidem!
435 4469 583 4547 Etbnici
596 4473 712 4564 Reges
733 4499 773 4546 ac
795 4471 912 4547 Duces
928 4475 1125 4546 reverentis
1143 4475 1232 4565 regii
1282 4471 1560 4546 blabometicum
1586 4474 1627 4544 in
1647 4471 1733 4544 Asia
1755 4471 1901 4563 reprimi
1925 4485 2052 4565 posset.
2112 4473 2222 4564 Quod
2246 4476 2277 4544 si

243 4567 400 4650 nominis
428 4578 532 4658 etiam
561 4577 597 4647 vi
627 4589 746 4670 captos
769 4573 884 4667 Reges
904 4601 1006 4672 saepe
1038 4569 1232 4648 honorifice
1280 4573 1489 4647 Ennianum
1518 4575 1610 4646 illud
1641 4574 1719 4646 inre
1746 4574 1930 4656 lendum,
1964 4575 2058 4670 quod
2088 4577 2134 4648 de
2160 4573 2277 4646 Fabio

244 4688 451 4766 tractarunt.
492 4671 596 4758 Certe
612 4679 721 4749 simili
735 4679 899 4769 superbia
915 4681 1083 4750 adversus
1096 4675 1229 4768 Regem
1281 4678 1416 4751 dictum
1436 4689 1503 4748 est:

244 4780 284 4853 in
305 4777 547 4872 pacificatione
569 4803 675 4851 nemo
696 4803 855 4874 unquam
875 4802 961 4850 usus
983 4794 1046 4853 est.
1107 4779 1231 4874 ltaque

243 4896 433 4974 generosus
454 4879 595 4954 animus
617 4881 656 4954 in
679 4875 748 4952 boc
769 4879 847 4974 ipro
864 4880 1060 4972 spectaculo
1076 4879 1231 4956 ostendit

243 5004 280 5054 se
294 4976 506 5074 indignitate
522 4979 574 5058 rci
589 4981 739 5058 moveri.
782 4979 985 5052 Fridericus
1000 4982 1095 5052 enim
1115 4983 1229 5074 palam
1280 4981 1417 5073 Dignus
1437 4983 1541 5055 etiam
1558 4983 1662 5052 laude
1677 4979 1881 5052 Fridericns
1901 4981 1985 5064 erit,
2010 4981 2073 5076 qui
2089 4982 2275 5073 dignitatis

244 5081 481 5177 interpellavit
493 5073 702 5157 Pontificem
712 5088 724 5154 ε’
752 5077 934 5168 Norunt,
959 5084 1143 5178 inquiens,
1164 5087 1228 5154 sed
1279 5085 1449 5156 iacturam
1477 5109 1590 5178 aequo
1615 5083 1735 5154 auimo
1763 5085 1847 5154 tulit
1876 5095 2025 5176 propter
2048 5107 2276 5154 communem

243 5184 360 5258 Petro.
398 5182 625 5279 fflgnificabat
637 5187 732 5258 euim
748 5209 785 5255 se
801 5187 932 5259 facturn
948 5209 1020 5256 esse
1034 5185 1227 5278 supplicem
1244 5225 1248 5231 ·
1278 5185 1439 5260 salntem.
1490 5183 1674 5256 Praeterea
1691 5185 1847 5256 arbitror
1863 5205 1967 5269 cunr,
1993 5184 2131 5254 etiamsi
2149 5201 2277 5274 peten-

241 5311 317 5358 non
345 5281 430 5357 huic
456 5287 647 5382 Tyranno,
687 5289 749 5358 sed
778 5285 1004 5380 Apostolicae
1035 5285 1227 5358 errrortuu.
1278 5289 1342 5356 dae
1359 5285 1592 5358 absolutionis
1606 5310 1727 5372 causa,
1754 5309 1827 5358 non
1848 5285 2026 5356 dubitavit
2043 5309 2080 5354 se
2095 5291 2139 5356 ad
2165 5292 2275 5378 pedes

239 5385 427 5462 Reclamat
441 5383 536 5483 Papa
554 5390 754 5485 tyrannice:
786 5383 835 5460 Et
848 5383 938 5458 mihi
953 5402 987 5458 et
1002 5385 1117 5460 Petro.
1166 5385 1227 5459 Sic
1277 5385 1459 5460 Pontificis
1480 5387 1647 5476 abiicere,
1672 5401 1792 5460 tamen
1809 5389 1964 5482 reliquas
1988 5387 2273 5462 eicontumelias

1406 4833 1477 4901 Nou
1492 4838 1623 4918 ponebat
1636 4838 1718 4898 eninr
1733 4857 1869 4898 rumores
1882 4847 1951 4896 ante
1966 4838 2103 4898 salutem.
