4688 5826
78 317 151 394 aas
432 285 436 296 ’
568 311 728 394 osen
755 311 832 390 na
865 311 1097 391 sroons
1127 307 1627 388 anouascnnruu.
1684 361 1687 364 .
1726 347 1733 358 ,
2037 299 2112 374 roo

74 485 215 557 nullum
233 485 281 556 sit
297 483 538 581 tyrocinium?
560 483 643 556 Non
660 485 768 576 igitur
785 487 889 558 debet
911 499 1070 577 practer·
1121 485 1237 556 omnis
1261 483 1471 554 aedificandi
1492 483 1596 551 labor
1617 505 1657 550 ac
1677 491 1857 570 sumptus,
1883 489 2049 549 ettamen
2067 496 2109 544 ea
2163 485 2176 500 ‘

73 588 166 659 mitti
186 587 264 656 ulla
283 587 439 674 occasio,
465 609 534 681 qua
552 601 733 682 utcunque
751 613 870 659 rerum
890 602 1068 658 tantarum
1120 611 1235 682 neque
1249 587 1436 678 conspicua
1450 598 1533 654 sunt
1548 607 1613 652 nec
1626 581 1973 672 magnificentiaeaut
1987 579 2108 672 splen-

73 690 177 760 ruina
196 689 319 758 fulciri
343 713 383 760 ac
408 685 592 782 prohiberi
611 691 733 782 possit.
786 687 960 760 Examina
986 713 1069 758 vero
1120 673 1465 762 doriaddificiorum
1486 685 1681 780 quidquam
1710 685 1866 767 addunt,
1902 683 1952 752 ita
1979 677 2109 752 harum
2158 735 2160 742 ‚

72 807 269 885 utrumque
293 803 491 882 praestant,
522 791 645 862 fovent
672 791 831 862 studium
861 790 1071 862 ecclesiasti·
1119 791 1316 883 primarum
1340 791 1469 861 artium
1492 785 1686 878 cognitioni
1711 809 1774 856 ceu
1795 785 2027 854 fundamento
2050 782 2109 853 iu·

73 918 132 964 cae
147 893 356 978 doctrinae,
383 895 476 963 etad
494 893 665 964 elementa
681 893 820 986 pietatis
840 895 1069 987 perdiscenda
1121 895 1287 964 nituntur
1300 915 1423 961 omnes
1441 904 1597 960 caeterae
1614 888 1831 978 disciplinae,
1847 887 1919 956 etsi
1934 886 2031 978 ipsae
2046 903 2110 974 per

73 995 225 1084 adigunt
244 995 504 1080 adolescentes,
529 1018 651 1065 necea
669 1019 832 1088 prorsum
854 995 985 1086 negligi
1009 1008 1070 1066 aut
1119 1019 1156 1065 se
1172 995 1290 1062 minus
1306 989 1439 1063 habent
1461 991 1660 1082 splendoris
1675 1003 1735 1059 aut
1751 988 2015 1072 ostentationis,
2040 979 2110 1055 hoc

73 1096 291 1166 intercidere
307 1097 503 1188 patiuntur,
528 1109 564 1166 et
581 1089 710 1166 harum
728 1097 923 1188 primarum
939 1096 1068 1166 artium
1119 1111 1238 1168 tamen
1263 1095 1351 1165 iuris
1379 1120 1419 1164 ac
1443 1094 1626 1182 dignitatis
1648 1092 1831 1174 obtinent,
1863 1105 1903 1160 ut
1925 1089 2001 1158 sine
2023 1086 2111 1179 ipsis

72 1197 342 1269 Grammaticae
375 1221 415 1268 ac
444 1195 656 1268 Dialecticae
689 1201 891 1270 rudimenta
927 1221 1070 1268 conser-
1121 1200 1261 1268 nullum
1295 1219 1403 1286 genus
1437 1196 1619 1265 doctrinae
1650 1194 1737 1264 disci
1764 1207 1856 1262 recte
1882 1192 2013 1282 possit,
2053 1187 2111 1257 vel
2197 1259 2201 1266 ,

73 1313 171 1370 rant.
227 1297 370 1370 Scimus
394 1312 511 1370 autem
538 1323 644 1394 quam
670 1301 859 1370 difficulter
880 1303 931 1370 ad·
948 1323 987 1370 ea
1013 1301 1071 1368 di·
1121 1299 1275 1370 tractari.
1327 1297 1523 1391 Nam'quae
1540 1310 1697 1366 monstra
1712 1295 1857 1384 gignant
1872 1294 1910 1362 in
1928 1289 2111 1378 aliisarti-

72 1401 205 1472 scenda
222 1401 747 1492 compellanturadolescentes,
764 1416 946 1494 propterea
964 1403 1070 1496 quod,
1121 1405 1204 1486 bus,
1246 1400 1309 1493 qui
1343 1399 1533 1482 sermonis,
1577 1423 1681 1491 quem
1719 1395 1958 1465 Grammatica
1986 1392 2112 1475 tradit,

71 1519 114 1575 ut
134 1527 221 1571 vere
248 1499 381 1573 Fabius
405 1499 514 1588 dixit,
542 1503 623 1594 plus
655 1499 787 1574 habent
816 1505 933 1595 operis
963 1527 1069 1598 quam
1122 1503 1237 1594 ignari
1258 1502 1386 1571 erunt?
1428 1500 1545 1590 Quam
1562 1524 1646 1570 vero
1667 1497 1868 1589 prodigiose
1890 1495 2113 1578 iudicabunt,

72 1601 339 1676 ostentationis.
381 1601 504 1698 Neque
518 1606 708 1674 obscurum
727 1619 795 1690 est,
822 1631 926 1699 quam
943 1599 1070 1674 harum
1122 1619 1155 1676 et
1178 1627 1265 1700 quas
1291 1599 1494 1687 Chimeras,
1520 1626 1608 1695 quos
1632 1599 1942 1694 Hippocentaurus
1965 1597 2112 1686 fingent,

73 1707 211 1778 artium
248 1705 404 1796 cognitio
453 1707 647 1776 neccssaria
682 1707 738 1776 sit-
760 1707 803 1776 ad
834 1709 1071 1801 quodcunque
1122 1709 1166 1777 ad
1191 1729 1437 1801 quamcunque
1469 1703 1694 1795 disciplinam
1724 1714 1893 1794 proruent
1922 1722 2014 1784 sese,
2049 1695 2112 1790 qui

74 1808 229 1880 omnino
252 1830 363 1898 genus
389 1807 573 1878 doctrinae
595 1807 875 1900 adspirantibus3
909 1822 944 1879 et
965 1833 1071 1901 quam
1121 1807 1335 1879 Dialecticae
1354 1807 1513 1878 subsidio
1537 1804 1715 1885 destituti,
1747 1826 1862 1896 neque
1883 1826 1958 1872 rem
1984 1801 2113 1870 obscu-

72 1934 150 1980 non
174 1909 393 1979 infoeliciter
415 1911 539 1994 modo,
564 1913 624 1979 sed
649 1925 683 1983 et
703 1909 855 2002 turpiter
874 1912 1072 2002 superiores
1122 1935 1198 1980 ram
1220 1909 1422 1978 deliniendo
1446 1907 1637 2000 explicare,
1676 1930 1741 1976 nee
1766 1904 1968 1994 ambiguam
1991 1903 2113 1971 videre

73 2011 287 2103 disciplinas
311 2023 481 2092 tractent,
508 2011 571 2104 qui
593 2006 678 2082 haec
699 2013 928 2082 fundamenta
952 2011 1071 2100 negle-
1124 2026 1185 2083 aut
1205 2011 1442 2101 distinguere,
1475 2035 1539 2080 nec
1560 2022 1669 2080 totam
1688 2009 1727 2076 in
1749 2021 1864 2100 partes
1888 2027 1968 2076 suas
1990 2001 2113 2073 distri-

74 2127 219 2187 xerunt.
273 2109 372 2201 Quid
390 2113 484 2182 enim
508 2112 548 2180 in
565 2137 775 2208 quacunque
801 2115 869 2182 alia
884 2115 1071 2206 disciplina
1124 2117 1233 2185 buere
1250 2114 1379 2197 scient,
1406 2137 1470 2182 nec
1484 2113 1644 2181 ordinem
1659 2108 1792 2194 ullum,
1818 2122 1880 2178 aut
1891 2127 2113 2199 consequen-

75 2215 217 2298 efficiet,
243 2215 307 2307 qui
323 2215 498 2284 sermonis
516 2215 588 2282 vim
606 2239 646 2284 ac
663 2215 912 2306 proprietatem
928 2217 1071 2306 ignora·
1123 2217 1209 2286 tiam
1232 2239 1351 2284 rerum
1370 2215 1581 2306 intelligent.
1632 2207 1734 2312 Nihil
1758 2210 1852 2280 firmi
1876 2233 1943 2279 nec
1965 2207 2034 2300 ipsi
2056 2205 2114 2276 di·
2141 2251 2151 2271 .

74 2317 155 2387 bit?
182 2315 379 2406 Quomodo
396 2315 458 2385 ille
479 2315 601 2408 scripti
616 2317 766 2388 alieuius
787 2318 996 2387 sententiam
1011 2339 1072 2386 ve·
1125 2342 1238 2402 scere,
1263 2341 1379 2410 neque
1399 2317 1487 2385 alios
1501 2319 1626 2385 docere
1648 2327 1833 2406 poterunt,
1859 2310 2114 2405 susquedeque

74 2418 249 2502 nabitur,
274 2440 355 2487 cum
371 2419 479 2487 verba
499 2432 532 2488 et
555 2441 678 2489 eorum
700 2433 910 2489 structuram
926 2419 1071 2488 nonin·
1124 2418 1267 2490 incertis
1295 2431 1408 2503 certa,
1449 2442 1531 2487 vera
1559 2415 1657 2486 falsis
1683 2417 1854 2485 misceant
1885 2435 2025 2482 necesse
2051 2421 2113 2483 est.

73 2519 241 2610 telliget?
287 2517 406 2607 Quam
436 2521 639 2610 prodigiosa
668 2523 806 2590 somnia
833 2521 957 2610 linget,
992 2545 1072 2590 cum
1123 2519 1446 2593 commemorarem
1462 2543 1567 2612 quam
1586 2517 1684 2587 noxii
1700 2519 1787 2590 tales
1803 2516 1933 2586 deinde
1949 2509 2114 2602 homines

74 2621 124 2692 ita
141 2645 208 2690 ceu
225 2619 285 2689 via
300 2619 432 2714 lapsus,
458 2622 629 2692 orationis
645 2645 750 2692 sensu
766 2623 965 2707 destitutus,
991 2645 1074 2692 sen·
1123 2621 1332 2714 Rebuspub.
1349 2620 1563 2692 acEcclesiis
1580 2621 1815 2717 soleanttesse,
1841 2630 1874 2687 et
1889 2641 1995 2712 quam
2011 2637 2113 2706 saepe

73 2723 229 2794 tentiam
256 2721 356 2792 velut
385 2721 424 2791 in
456 2724 613 2794 tenebris
642 2725 789 2815 palpans
824 2719 1074 2816 prehensabit?
1124 2725 1322 2814 ingentium
1345 2724 1564 2794 tumultuum
1587 2737 1693 2816 atque
1716 2721 1872 2792 cladium
1891 2732 2031 2789 autores
2052 2739 2113 2785 ex-

73 2821 202 2898 Rebus
232 2847 375 2917 quoque
408 2847 490 2894 eum
523 2826 668 2896 destitui
694 2847 833 2895 necesse
860 2839 929 2909 est,
964 2849 1070 2920 quem
1126 2827 1280 2912 titerint,
1308 2825 1377 2894 nisi
1402 2825 1440 2894 id
1462 2849 1529 2894 usu
1547 2838 1651 2919 atque
1675 2837 1879 2896 nostrorum
1899 2821 2005 2890 etiam
2021 2831 2114 2890 tem-

75 2927 196 2998 oratio
211 2939 248 2996 et
263 2925 390 3012 verba,
415 2927 545 3021 quihus
562 2931 618 2996 r'es
633 2941 716 2998 sunt
731 2927 911 2998 involutae
932 2951 972 2997 ac
988 2951 1073 3019 pro-
1126 2951 1252 3022 porum
1267 2927 1480 3020 experientia
1496 2925 1605 2995 nimis
1621 2941 1746 2997 notum
1761 2947 1833 2995 esse
1848 2923 2052 3005 arbitrarer,
2079 2931 2114 2988 et

75 3029 196 3114 ditae,
223 3027 433 3100 destituunt.
483 3025 595 3100 Recte
615 3029 724 3119 igitur
742 3026 981 3100 Grammatica
1003 3054 1073 3100 nu·
1124 3029 1284 3121 angustia
1305 3029 1475 3121 temporis
1496 3053 1553 3098 me
1577 3028 1615 3097 id
1636 3028 1750 3098 lacere
1772 3020 1953 3120 prohibet.
2013 3021 2114 3112 Qua·

75 3129 207 3201 tricula
230 3128 364 3199 dicitur
387 3129 549 3200 omnium
577 3133 706 3200 artium
732 3155 771 3200 ac
794 3131 1074 3223 disciplinarum,
1124 3145 1269 3228 propter
1291 3131 1360 3201 iam
1383 3133 1489 3201 finem
1510 3131 1656 3217 faciam,
1680 3129 1917 3200 adolescentes
1934 3119 2116 3210 adhortor,

76 3245 110 3302 et
123 3231 182 3300 illi
199 3243 359 3323 caeterae
381 3231 540 3318 laudem,
566 3227 663 3302 hunc
679 3229 852 3303 honorem
870 3249 902 3305 et
926 3233 1073 3324 gratiam
1123 3250 1163 3307 ut
1178 3236 1285 3304 istum
1304 3234 1463 3303 discendi
1478 3233 1662 3320 ordinem,
1687 3256 1792 3327 quem
1810 3255 1874 3324 per
1894 3225 1960 3300 hos
1984 3228 2114 3323 gradus

74 3331 332 3404 nutricationis
352 3331 507 3403 libenter
529 3333 707 3405 tribuunt:
738 3347 884 3405 sumunt
912 3335 1007 3404 enim
1029 3337 1074 3405 ab
1124 3351 1258 3408 veteres
1280 3337 1496 3427 descriptum
1517 3337 1727 3422 voluerunt,
1760 3347 1795 3406 et
1817 3333 1996 3412 examina,
2023 3353 2114 3422 quo-

77 3459 116 3506 ea
130 3433 370 3528 unaqualibet
389 3447 524 3505 certum
547 3459 586 3505 ac
609 3436 796 3528 proprium
819 3437 990 3506 orationis
1015 3459 1074 3526 ge-
1125 3463 1205 3508 nrm
1225 3452 1297 3510 tam
1319 3439 1553 3530 multiplicem
1575 3439 1762 3508 utilitatem
1784 3459 1857 3506 esse
1874 3434 2016 3520 vident,
2038 3453 2114 3500 non

77 3561 156 3624 nus,
182 3551 221 3608 et
236 3549 358 3606 arcent
370 3559 410 3606 ac
425 3537 603 3628 repellunt
618 3559 688 3608 ase
704 3559 764 3608 eos
779 3537 983 3628 discipulos,
1010 3539 1074 3632 qui
1125 3553 1366 3623 contemnant,
1392 3543 1453 3610 sed
1469 3553 1624 3611 statuant
1640 3563 1700 3609 eos
1715 3539 1777 3632 qui
1792 3538 1858 3606 ista
1873 3535 2114 3615 instituerunt,

78 3635 347 3709 Grammaticae
367 3639 478 3708 ubera
504 3639 603 3730 prius
626 3651 700 3710 non
722 3653 903 3712 suxerunt.
955 3637 1074 3728 Quin·
1123 3665 1191 3712 usu
1204 3656 1309 3734 atque
1322 3655 1433 3712 aetate
1446 3643 1526 3732 plus
1541 3643 1685 3732 vidisse,
1712 3654 1747 3710 et
1759 3637 1962 3708 fidelissime
1979 3633 2114 3703 doctri-

74 3741 224 3814 tilianus
243 3737 394 3833 requirit
412 3741 469 3808 vel
488 3741 676 3834 praecipue
697 3741 848 3812 nutricis
866 3765 1008 3833 operam
1034 3743 1073 3811 in
1123 3767 1191 3813 nae
1233 3743 1359 3813 studiis
1398 3767 1438 3813 ae
1470 3742 1680 3837 Rebuspub.
1714 3741 1913 3811 consultum
1953 3735 2113 3826 cupiisse.

75 3843 270 3914 tenuando
285 3841 388 3932 pueri
403 3865 465 3910 ore
479 3865 519 3912 ac
538 3843 676 3933 lingua,
703 3845 850 3936 vultque
867 3843 974 3935 deligi
998 3868 1073 3915 non
1124 3845 1296 3916 Dissoluti
1317 3845 1453 3936 ingenii
1478 3859 1548 3931 est,
1583 3871 1663 3916 cuni
1686 3841 1915 3916 sanctissimis
1938 3838 2114 3908 maiorum

77 3944 307 4027 indisertam,
340 3941 392 4012 'et
424 3945 627 4014 tabularum
660 3970 700 4015 ac
734 3941 964 4016 historiarum
998 3971 1072 4016 non
1124 3948 1296 4018 institutis
1309 3937 1353 4016 ae
1363 3949 1521 4018 moribus
1536 3971 1705 4040 pugnare,
1727 3960 1761 4016 et
1775 3945 1893 4014 nullas
1907 3944 2009 4030 leges,
2030 3939 2113 4008 nul·

79 4045 263 4136 ignaram,
290 4067 450 4139 quaeque
466 4071 545 4115 cum
570 4047 686 4138 primo
704 4047 793 4116 lacte
813 4045 918 4116 simul
943 4073 1072 4138 purum
1123 4051 1199 4120 lum
1220 4050 1383 4119 ordinem
1401 4073 1522 4136 nosse,
1547 4063 1678 4119 temere
1693 4047 1812 4118 omnia
1830 4046 1986 4137 citraque
2003 4041 2112 4112 ratio-

81 4146 255 4218 orationis
287 4169 397 4236 genus
423 4159 458 4218 et
471 4147 875 4242 quaedam-liberalioris
891 4149 1073 4219 doctrinae
1124 4175 1206 4221 nem
1231 4151 1495 4238 administrare,
1516 4149 1757 4247 ‘Cyclopicum
1781 4161 1847 4218 est.
1903 4145 2004 4236 Quae
2033 4143 2113 4234 plus

80 4249 255 4319 elementa
283 4248 457 4318 instillare
480 4250 601 4341 possit.
662 4249 764 4339 Quae
787 4273 872 4320 vero
895 4251 1073 4322 nutricula
1124 4277 1228 4346 quam
1262 4252 1447 4321 barbarica
1473 4253 1563 4337 vita,
1598 4253 1683 4347 quia
1709 4265 1831 4322 nostro
1860 4246 1977 4319 seculo
2005 4243 2113 4314 nimis

79 4364 193 4442 potest
208 4352 255 4419 ad
272 4345 359 4419 haec
376 4350 558 4421 efficienda
573 4353 684 4441 magis
704 4353 831 4422 idonea
849 4373 940 4438 esse,
965 4377 1072 4446 quarn
1126 4355 1238 4446 placet
1260 4348 1487 4440 hominibus,
1512 4355 1674 4425 videmus
1692 4379 1797 4448 quam
1815 4351 1937 4422 multis
1959 4346 2114 4437 ingenti-

82 4449 347 4521 Grammatica?
397 4447 542 4524 Format
572 4447 660 4523 haec
693 4454 865 4547 fingitque
897 4477 937 4524 os
971 4456 1073 4546 pueri
1123 4459 1190 4526 bus
1212 4456 1315 4525 malis
1339 4457 1503 4526 laborent
1524 4452 1581 4526 his
1609 4456 1829 4548 temporibus
1849 4475 1905 4522 res
1925 4449 2113 4532 humanae,

81 4567 261 4638 tenerum,
288 4553 480 4624 adsuefecit
500 4557 545 4624 ad
562 4557 735 4625 sermonis
760 4579 870 4646 genus
886 4556 1071 4649 proprium
1123 4571 1324 4652 quantaque
1338 4560 1384 4630 sit
1398 4560 1558 4628 omnium
1574 4583 1685 4652 prope
1703 4582 1822 4628 rerum
1838 4556 2057 4649 perturbatio
2073 4576 2113 4623 ac

81 4679 121 4725 ac
137 4669 295 4739 certum,
317 4657 520 4746 poematum
537 4669 643 4751 atque
658 4654 888 4728 historiarum
905 4660 1072 4729 noticiam
1123 4661 1362 4745 labefactatio,
1400 4673 1434 4731 et
1458 4685 1562 4754 quam
1586 4685 1660 4730 non
1692 4659 1797 4750 paulo
1828 4660 2010 4750 graviora,
2042 4656 2113 4726 nisi

82 4757 211 4842 tradit,
236 4768 272 4827 et
288 4757 350 4826 illo
368 4756 486 4848 primo
501 4758 590 4830 lacte
607 4760 828 4854 eloquentiae
845 4784 883 4830 ac
901 4761 1073 4850 gravioris
1122 4761 1220 4834 Deus
1250 4762 1421 4852 singulari
1451 4763 1636 4832 clementia
1666 4757 1874 4854 prohibeat,
1897 4761 2113 4854 impendere

82 4859 270 4930 doctrinae
295 4872 437 4951 pectora
463 4859 544 4946 alit,
576 4862 724 4952 subigit,
749 4876 1005 4955 praeparatque
1027 4865 1072 4932 ad
1122 4863 1323 4938 videantur.
1373 4861 1425 4935 Ut
1450 4865 1544 4933 enim
1569 4865 1608 4932 in
1635 4878 1826 4949 concentu,
1850 4863 1881 4932 si
1896 4889 1965 4935 vox
1981 4885 2052 4931 una
2068 4861 2114 4930 ab

80 4959 292 5052 capiendum
325 4960 529 5031 uberiorem
563 4976 777 5033 caeterarum
805 4964 1072 5056 disciplinarum
1123 4961 1308 5035 harmonia
1333 4967 1522 5052 dissideat,
1542 4981 1695 5036 caeterae
1715 4987 1838 5036 omnes
1853 4965 2035 5036 dissonare
2055 4963 2113 5032 in-

82 5063 230 5132 cultum.
280 5059 364 5133 Non
391 5061 502 5152 igitur
533 5066 652 5135 tenuis
684 5079 745 5136 aut
770 5065 888 5134 ieiuna
921 5080 971 5136 est
998 5066 1073 5136 eius
1122 5069 1277 5160 cipiunt,
1312 5083 1455 5162 totaque
1483 5064 1693 5164 symphonia
1724 5067 1973 5160 perturbatur,
2009 5067 2056 5138 ita
2083 5069 2115 5138 si

81 5187 207 5256 opera,
237 5165 297 5234 sed
323 5165 380 5234 vel
403 5165 590 5258 praecipua
612 5181 645 5238 et
669 5192 710 5237 ex
735 5168 901 5237 omnihus
922 5169 1072 5237 maxime
1122 5193 1193 5239 una
1212 5171 1330 5263 aliqua
1348 5171 1387 5239 in
1406 5195 1443 5239 re
1459 5195 1477 5239 a
1494 5171 1628 5260 legibus
1643 5171 1854 5253 disceditur,
1885 5170 2137 5265 consequitur,

81 5266 285 5352 necessaria,
306 5265 371 5338 etsi
387 5265 475 5336 idio
491 5269 642 5360 speciem
659 5271 945 5361 minusadparet.
979 5267 1070 5338 Nam
1111 5263 1201 5341 'aliis
1227 5297 1370 5366 quoque
1396 5273 1435 5341 in
1460 5273 1568 5342 rebus
1592 5273 1731 5343 infinita
1764 5273 1982 5365 perturbatio
2009 5287 2114 5364 atque
2191 5292 2195 5304 ‘

79 5363 380 5462 quemadmodum
397 5369 640 5442 fundamentis
655 5371 737 5441 nixa
754 5387 836 5443 sunt
857 5385 890 5441 et
913 5371 1070 5441 fulciun-
1122 5371 1306 5466 dissipatio
1328 5375 1466 5446 ordinis
1490 5399 1530 5445 ac
1552 5374 1771 5466 disciplinae.
1824 5371 2051 5466 Quapropter
2066 5399 2113 5447 ne

77 5481 136 5540 tur
161 5469 340 5558 aedilicia,
380 5495 470 5568 quae
504 5472 534 5542 si
561 5497 688 5568 parum
715 5475 816 5544 lirina
842 5488 943 5562 sunt,
977 5475 1070 5568 perit
1120 5475 1271 5547 minima
1299 5478 1443 5571 quidem
1477 5477 1735 5546 contemnenda
1770 5488 1871 5562 sunt,
1907 5477 2112 5568 praesertim
2190 5493 2193 5496 ·
