4718 5828
91 189 130 264 u
515 179 684 256 nnuc.
718 179 794 256 nu
823 177 1030 258 ruane.
1065 182 1123 256 m
1154 179 1405 256 orarem
1438 179 1631 260 crena.
2049 183 2100 254 ao
2171 119 2180 134 “

90 373 205 456 paratos
225 369 326 448 atque
350 355 548 448 expeditos,
581 354 620 424 in
644 354 776 448 quibus
799 357 1050 447 procudendis,
1102 337 1179 426 tum
1194 350 1358 428 Athenae
1379 356 1454 447 ipse
1475 357 1645 448 exemplis
1665 369 1698 426 te
1715 357 1851 426 erudiri
1868 369 2017 452 queant,
2042 369 2096 426 ta-

90 464 216 534 multum
234 458 388 550 prolecto
406 455 590 528 Ciceronis
606 457 774 547 exemplis
789 459 1050 529 adiuvabimnr.
1101 482 1185 528 men
1207 458 1290 551 quia
1313 481 1412 527 meus
1433 481 1510 528 mos
1532 471 1584 528 est
1600 456 1728 526 Latina
1751 479 1832 527 cmu
1849 455 1995 528 Graecis
2009 481 2096 528 con·

91 565 171 654 Quae
189 561 278 630 enim
299 572 414 650 potest
437 560 482 628 de
502 559 586 630 dolo
606 559 718 644 malo,
744 561 858 652 deque
873 561 1050 654 aequitate
1102 559 1265 650 iungere,
1287 560 1450 630 volebam
1465 559 1593 632 Latine
1606 561 1650 628 ad
1666 573 1700 630 te
1716 555 1968 651 Philosopbica
1985 583 2093 653 quae-

89 666 208 738 uberior
232 662 414 752 graviorve
444 661 635 754 disputatio
662 661 875 751 excogitari?
924 659 977 756 Ea
1007 665 1050 732 de

90 793 118 836 re
134 769 165 836 in
180 765 276 834 tertio
292 758 513 836 Officiorum.

170 865 362 936 Plurimum
399 865 504 936 etiam
542 865 585 934 ad
624 865 817 936 dicendum
845 869 1050 936 conducunt

90 967 363 1052 narratiunculae,
389 990 478 1059 quae
498 980 580 1038 sunt
602 966 641 1034 in
664 961 731 1037 hoc
747 991 852 1060 opere
869 982 902 1038 et
918 969 1050 1038 multae

89 1087 115 1144 et
133 1071 245 1141 variae.
320 1067 512 1157 Quondam
536 1069 576 1136 in
600 1063 792 1138 Rhetorica
818 1093 1049 1164 progymnas-

89 1183 272 1244 mataerant
288 1161 508 1268 διηγμάτια,
537 1170 587 1238 sic
602 1171 697 1238 enim
711 1186 896 1256 vocarunt,
922 1172 1046 1264 inquo

90 1298 199 1364 genere,
222 1272 283 1365 qui
298 1295 334 1342 se
346 1273 470 1342 volent
481 1295 653 1355 exercere,
678 1296 842 1362 magnam
856 1269 915 1342 bic
932 1298 1048 1342 exem-

87 1377 203 1468 plorum
225 1373 361 1464 copiam
381 1373 576 1446 invenient.
625 1369 770 1444 Etcum
785 1371 879 1444 nibil
895 1376 940 1445 sit
955 1376 1048 1448 diffi-

88 1477 170 1546 cilius
187 1499 287 1568 qnam
308 1477 493 1544 commode
517 1497 679 1560 narrare,
705 1500 778 1546 non
799 1490 851 1548 est
866 1477 934 1546 alia
950 1501 1047 1546 exer-

87 1577 183 1649 citatio
196 1576 407 1648 fructuosior
420 1601 525 1670 quam
541 1573 636 1648 haec.
689 1575 833 1667 Quanta
847 1577 964 1650 Deum
980 1579 1047 1646 im-

87 1679 243 1750 mortalem
266 1679 459 1768 elegantia,
491 1692 644 1771 qnantus
666 1679 765 1770 lepos
788 1695 838 1750 est
862 1681 901 1750 in
924 1705 1047 1750 narra-

87 1782 165 1850 tione
186 1792 358 1870 gestorum
380 1779 482 1852 Arati
504 1781 663 1875 Sicyonii
687 1782 725 1850 in
749 1783 903 1852 secundo
929 1781 1049 1850 libro?

87 1881 152 1952 Non
172 1883 340 1952 minorem
363 1883 505 1952 landem
527 1895 683 1952 meretur
698 1882 809 1978 Gygis
826 1882 919 1977 Lydi
934 1879 1047 1954 histo-

87 1985 128 2054 ria
139 2007 225 2054 versa
239 2007 279 2052 ex
287 1981 436 2054 Platone
452 1984 491 2054 in
505 1983 598 2052 libro
612 1985 727 2054 tertio.
773 1983 915 2055 Similes
929 1999 1046 2055 autem

86 2088 193 2156 multae
213 2097 295 2156 sunt
311 2084 350 2153 in
365 2079 434 2156 hoc
448 2085 760 2171 commentariolo,
785 2111 872 2180 quas
887 2087 956 2156 sibi
971 2100 1048 2158 stu-

31 2263 32 2266 ,
88 2187 160 2256 diosi
187 2209 306 2256 omnes
333 2189 378 2256 ad
408 2187 622 2256 imitandum
651 2202 863 2280 proponant.
924 2185 1047 2282 anue

86 2289 259 2360 exercitatio
281 2311 358 2356 non
379 2301 517 2360 tantum
533 2288 675 2377 augebit
689 2291 879 2360 verborum
895 2291 1047 2382 supelle-

87 2390 198 2475 ctilem,
230 2390 289 2458 sed
316 2413 407 2484 qnae
433 2383 523 2458 mibi
544 2390 582 2458 in
606 2390 757 2462 dicendo
781 2415 872 2483 pene
895 2393 1046 2462 maxima

87 2490 177 2560 virtus
195 2490 354 2588 videtur,
378 2493 469 2562 bene
484 2491 698 2584 disponendi
713 2493 903 2566 scientiam.
956 2491 1047 2562 Nam

87 2593 198 2660 indocti
224 2616 300 2662 non
327 2606 464 2664 tantum
496 2593 715 2662 adulterinae
747 2608 910 2664 monetae
931 2591 1048 2664 verbis

87 2694 256 2763 orationem
286 2695 496 2778 obscurant,
525 2695 585 2764 sed
618 2695 665 2764 ita
691 2696 796 2764 etiam
822 2697 1048 2766 confundunt

86 2817 115 2864 ac
128 2796 261 2865 miscent
275 2796 410 2876 omnia,
435 2809 475 2866 ut
487 2795 638 2885 intelligi
654 2792 745 2866 nihil
760 2799 881 2888 possit.
934 2793 1047 2869 Scho-

86 2897 121 2966 lia
141 2897 260 2968 alicubi
280 2898 490 2968 brevissima
514 2897 782 2990 adscripsimus,
806 2923 895 2993 quae
912 2901 1047 2969 indica·

85 3012 147 3068 rent
170 2999 290 3068 lectori
316 2999 487 3070 orationis
514 2999 678 3070 ordinem
710 3016 745 3072 et
767 3002 1047 3092 dispositionem,

86 3123 170 3191 quam
190 3101 250 3194 qui
266 3096 588 3192 deprehenderint,
613 3103 715 3172 facile
734 3104 944 3174 sententiam
960 3103 1047 3172 scri-

86 3202 125 3288 pti
142 3203 390 3296 adsequentur:
415 3227 498 3272 nam
514 3204 557 3272 de
571 3204 721 3274 consilio
737 3206 870 3275 autoris
885 3229 1046 3298 pronun-

87 3301 232 3374 clareant
250 3305 409 3374 iudicare
433 3327 538 3374 nemo
560 3319 692 3396 potest,
717 3307 787 3375 nisi
810 3308 898 3376 serie
914 3307 1046 3377 oratio-

87 3405 130 3470 nis
148 3406 396 3476 animadversa.
453 3403 527 3476 Ubi
551 3408 760 3476 sententiam
784 3409 966 3498 collegeris
989 3403 1047 3476 hic

87 3504 323 3578 immorandum
348 3508 415 3577 erit
438 3508 476 3576 in
500 3507 650 3599 singulis
673 3509 840 3578 membris
863 3510 1046 3594 orationis,

87 3607 324 3701 ridendumque
345 3635 415 3702 quo
432 3631 558 3699 genere
573 3611 779 3695 verborum,
803 3612 932 3703 quibus
948 3605 1047 3680 sche-

86 3709 166 3776 matis
178 3710 349 3780 orationis
365 3733 448 3780 usus
464 3710 653 3782 sitCicero.
703 3709 839 3806 Estque
853 3737 933 3782 cnm
950 3711 1048 3780 illius

86 3811 219 3880 oratione
240 3814 450 3882 certandum
471 3825 505 3882 et
521 3813 649 3883 nostris
667 3813 784 3882 verbis
800 3815 1047 3906 exponendum

86 3927 327 3998 argumentum,
358 3914 406 3984 ita
429 3914 513 3994 ¹liet,
546 3928 587 3984 nt
612 3929 645 3986 et
668 3915 876 3986 sententiam
902 3917 1047 4007 propius

87 4011 248 4102 adspicias,
273 4027 310 4083 et
330 4015 458 4084 clarius
480 4018 670 4106 adpareant
691 4017 826 4086 lumina
844 4015 1047 4088 Ciceronia-

86 4135 137 4182 nae
161 4116 347 4196 urationis‚
384 4118 445 4186 nbi
478 4141 557 4186 cum
582 4131 642 4186 tua
665 4111 902 4214 παραφράσει
923 4131 1047 4187 contu-

86 4212 158 4286 leris.
201 4217 340 4288 Interea
357 4233 392 4288 et
407 4220 514 4288 verba
529 4231 564 4287 et
576 4221 770 4290 sententiae
784 4220 918 4290 autoris
934 4219 1047 4289 obiter

87 4313 195 4388 firmius
222 4317 476 4392 adhaerescent
507 4321 640 4392 animo.
719 4321 789 4392 Sed
818 4322 987 4390 faciamus
1010 4319 1047 4386 in

87 4422 205 4490 exordio
228 4423 438 4514 periculum.
495 4419 601 4491 lnitio
627 4423 793 4514 proponit
810 4447 849 4492 se
863 4425 907 4492 de
924 4417 1047 4490 Philo-

88 4515 187 4608 sophia
215 4525 412 4594 dicturum:
462 4523 594 4593 Verum
624 4537 675 4592 est
702 4526 822 4594 addita
852 4524 1048 4614 occupatio,

86 4641 134 4688 cur
147 4622 178 4691 in
194 4638 288 4696 tanta
303 4626 403 4716 copia
421 4623 640 4696 Graecorum
657 4627 868 4718 scriptorum
888 4627 961 4718 ipse
978 4625 1048 4694 La-

87 4721 143 4790 tine
158 4727 303 4811 scribat,
330 4727 454 4796 iisdem
473 4730 516 4798 de
534 4729 657 4812 rebus,
680 4751 766 4822 quas
782 4726 909 4798 Graeci
926 4727 1047 4819 copio-

85 4820 197 4894 sissime
222 4829 578 4922 splendidissimeqne
608 4842 854 4903 tractaverunt.
884 4889 886 4900 .
917 4828 966 4900 Et
994 4831 1047 4898 la-

86 4935 126 4992 tta
142 4931 373 5022 praeceptoris
393 4931 546 5012 mentio,
572 4946 606 5000 et
627 4931 743 5012 urbis,
766 4945 799 5001 et
817 4933 910 5000 utin
928 4932 1047 5000 distri-

86 5023 226 5114 butione,
260 5056 324 5102 sua
347 5034 475 5126 cuique
496 5034 650 5103 subiecta
674 5033 776 5106 ratio.
827 5031 962 5128 Estque
986 5058 1048 5103 πε-

87 5123 232 5214 ριοδικῶς
259 5158 339 5204 cum
374 5137 604 5225 occupatione
632 5145 816 5207 coniuncta
841 5135 1046 5226 propositio.

87 5223 275 5326 Quanquam
297 5249 415 5308 extent
436 5239 480 5306 de
504 5237 664 5308 moribus
685 5239 938 5330 sapientissime
962 5240 1047 5308 seri-

86 5339 132 5416 pta
150 5337 254 5408 multa
276 5362 296 5408 a
318 5337 480 5426 Graecis,
506 5351 541 5410 et
562 5364 641 5411 cum
661 5338 850 5435 Cratippus
873 5342 1047 5430 doctrina,

1102 663 1183 746 dam
1207 662 1372 733 scribere.
1433 655 1491 730 Ad
1516 663 1669 730 eundem
1693 663 1840 731 modum
1863 662 1903 730 in
1925 662 2094 732 omnibus

1102 759 1715 854 partibusorationisCiceronianae,
1742 765 1936 835 sententiae
1952 785 2092 834 earum-

1102 891 1169 960 que
1186 867 1317 960 figurae
1334 866 1561 936 excutiendae
1576 878 1669 936 sunt.

1367 1091 1402 1100 .-
1409 1081 2092 1102 mmm-*Affl-

1125 1253 1193 1324 No.
1210 1253 1245 1324 9.

1109 1349 1280 1378 m

1923 1282 1972 1323 en.
1987 1259 2081 1323 1525·

1914 1347 2087 1379 Μ

1337 1469 1413 1554 De
1441 1467 1682 1554 Friderico
1707 1469 1855 1556 Elect.

1167 1662 1289 1718 Prodiit:
1313 1662 1435 1726 ..Oratio
1448 1663 1520 1718 dicta
1534 1664 1562 1716 in
1575 1663 1669 1716 iuuere
1683 1661 1816 1718 Friderici
1830 1664 1890 1720 Sar.
1908 1665 1981 1718 Duc.
2015 1661 2091 1714 Ora-

1202 1735 1241 1786 tio
1257 1737 1290 1786 de
1304 1733 1417 1803 legibus.
1453 1732 1550 1787 Oratio
1565 1733 1598 1785 de
1610 1732 1745 1804 gradibus.
1772 1733 1889 1788 Praefat.
1903 1734 1931 1787 in
1944 1730 2090 1786 Aeschinis

1202 1813 1229 1856 et
1246 1802 1438 1856 Demosthenis
1459 1801 1605 1856 orationes.
1643 1798 1739 1854 Oratio
1754 1799 1854 1856 Critiae
1875 1812 1970 1857 contra
1983 1800 2089 1854 Ther!-

1203 1889 1309 1924 menem
1324 1873 1440 1923 exXeno
1462 1871 1554 1923 leonte.
1591 1869 1660 1924 Phil.
1668 1868 1736 1922 Mel.
1752 1880 1873 1926 auctore.
1902 1871 2004 1942 liugan.
2018 1867 2090 1938 apud

1205 1939 1244 1992 lo.
1254 1941 1345 1994 Sacer.
1356 1939 1429 1996 1525.
1440 1891 1483 1996 ll'
1493 1968 1525 1980 -
1544 1938 1648 1992 lleousa
1663 1939 1733 2008 apud
1743 1939 1854 1995 Craton.
1863 1939 1893 1992 M
1914 1937 1932 1993 l.
1945 1958 1970 2009 p.
1980 1939 2031 1990 443
2039 1955 2091 2016 sq,

1202 2009 1230 2062 iu
1246 2010 1324 2064 Decl.
1337 2007 1370 2060 T.
1386 2007 1418 2060 ll.
1435 2028 1461 2078 p.
1474 2009 1533 2063 584.
1546 2017 1573 2060 et
1589 2008 1616 2059 in
1632 2005 1752 2063 Servest.
1768 2007 1801 2062 ll.
1821 2027 1846 2078 p.
1858 1960 1926 2074 sil,
1951 2007 2022 2077 apud
2037 2003 2089 2057 ttr-

1199 2077 1340 2199 phasrdMll.
1352 2097 1378 2148 p.
1387 2077 1610 2200 &hammum
1624 2086 1665 2130 est
1676 2075 1831 2130 Fridericus
1842 2074 1913 2131 Dus.
1927 2075 1988 2130 Sar.
2003 2073 2090 2130 Elect.

1219 2183 1226 2199 s
1260 2183 1267 2201 s
1312 2147 1433 2200 alim-l
1489 2179 1497 2200 t

1151 2327 1279 2397 Oratio
1302 2321 1407 2396 dicta
1425 2327 1467 2396 in
1485 2317 1831 2496 fugerenFriderici
1844 2307 2040 2395 Senoniae

1573 2447 1666 2498 noas.
1684 2441 1689 2452 ·

1101 2587 1183 2688 Ego
1204 2598 1242 2666 in
1261 2591 1329 2666 hoc
1346 2595 1489 2688 publico
1503 2594 1602 2664 luctu
1618 2593 1912 2687 acerbissimoque
1926 2593 2088 2662 omnium

1099 2701 1242 2784 dolore,
1268 2723 1348 2768 cum
1365 2711 1440 2767 erat
1453 2696 1509 2764 vel
1526 2697 1689 2764 interitus
1706 2694 1966 2787 sapientissimi
1981 2693 2088 2764 Prin-

1099 2801 1187 2892 cipis
1207 2801 1468 2890 deplorandus,
1494 2798 1551 2866 vel
1573 2798 1706 2867 iactura
1724 2795 1876 2888 Reipub.
1899 2819 2005 2889 quam
2024 2796 2088 2866 illo

1099 2903 1226 2972 amisso
1245 2901 1389 2971 fecimus
1407 2900 1614 2984 maximam,
1641 2899 1824 2979 deflenda,
1852 2898 1910 2966 vel
1926 2897 2088 2968 oratione

1101 3005 1269 3074 levandae
1284 3017 1417 3074 mentes
1432 3025 1629 3093 procerum,
1655 3001 1833 3069 autetiam
1848 2999 2088 3091 popularium,

1100 3132 1172 3175 non
1187 3107 1293 3174 modo
1311 3129 1384 3175 non
1400 3105 1483 3173 satis
1498 3115 1715 3194 praesentem
1731 3101 1890 3171 animum
1906 3101 1950 3170 ad
1965 3101 2087 3170 dicen-

1099 3211 1184 3278 dum
1209 3209 1346 3276 adferre
1367 3229 1423 3274 me
1442 3205 1575 3289 sentio,
1602 3206 1661 3272 sed
1680 3197 1765 3272 baec
1780 3227 1848 3272 vox
1867 3203 1973 3272 etiam
1990 3203 2087 3271 testis

1099 3310 1206 3380 officii
1234 3309 1440 3400 pietatisque
1466 3319 1622 3390 nostrae,
1644 3304 1804 3373 moerore
1827 3299 2088 3398 lachrymisque

1101 3412 1302 3502 impeditur.
1340 3407 1477 3479 Etcum
1495 3408 1690 3499 praeclarae
1706 3406 1852 3475 virtutes
1865 3401 2088 3476 buiusPrin-

1100 3515 1186 3604 cipis
1209 3509 1304 3581 bunc
1327 3505 1520 3590 honorem,
1546 3534 1616 3600 quo
1639 3530 1778 3597 semper
1800 3505 1933 3597 optime
1953 3506 2088 3575 consti·

1101 3629 1194 3685 tutae
1215 3613 1373 3682 civitates
1397 3611 1544 3680 summis
1567 3608 1652 3676 viris
1674 3621 1925 3698 parentarnnt,
1953 3607 1990 3673 in
2012 3606 2088 3698 pri-

1101 3717 1166 3784 mis
1179 3725 1411 3792 mereantur,
1440 3711 1593 3800 graviter
1615 3709 1775 3793 crimine,
1802 3710 1897 3802 quod
1919 3701 2087 3799 pulcher-

1102 3817 1189 3886 rima
1213 3816 1287 3886 eius
1310 3814 1453 3896 merita,
1479 3811 1685 3904 praesertim
1707 3811 1745 3878 in
1768 3810 1901 3880 recenti
1924 3810 2040 3894 luctu,
2067 3833 2087 3878 a

1100 3919 1202 3988 nobis
1225 3917 1346 3987 ornari
1368 3929 1559 4008 nequeunt.
1611 3912 1700 3982 Nam
1723 3937 1801 3982 cum
1817 3909 1971 4000 Reipub.
1988 3911 2087 3980 orbi-

1100 4034 1187 4102 tate,
1221 4041 1311 4111 quae
1335 4019 1373 4085 in
1396 4012 1464 4085 hoc
1489 4030 1604 4099 motu,
1631 4027 1664 4082 et
1686 4009 1743 4080 his
1765 4013 1921 4082 tenebris
1944 4013 2086 4103 sapien-

1099 4122 1182 4192 tiam
1205 4115 1312 4188 buius
1333 4113 1401 4186 hoc
1423 4131 1578 4206 tempore
1599 4131 1768 4207 tanquam
1789 4115 1910 4184 lumen
1926 4115 2087 4207 require-

1102 4225 1177 4305 bat,
1211 4215 1438 4290 vebementcr
1466 4217 1671 4308 perturbor,
1701 4229 1778 4285 tum
1802 4231 1903 4306 auget
1926 4217 2086 4286 dolorem

1100 4325 1256 4415 privatus
1280 4323 1406 4390 luctus.
1465 4317 1606 4389 Etenim
1632 4343 1713 4387 cum
1737 4319 1858 4387 vivum
1882 4343 1956 4386 non
1979 4320 2087 4389 modo

1100 4438 1244 4518 propter
1265 4423 1432 4492 beneficia
1454 4445 1542 4513 quae
1560 4435 1677 4490 extant
1696 4445 1775 4509 erga
1794 4445 1849 4489 me
1865 4421 1909 4489 ab
1925 4421 1987 4489 illo
2004 4445 2088 4511 pro-

1099 4530 1187 4597 lecta
1212 4527 1418 4608 innumera,
1444 4523 1633 4608 coluerim,
1658 4525 1719 4590 sed
1743 4523 1846 4593 etiam
1864 4535 2008 4614 propter
2029 4523 2087 4590 in·

1099 4632 1233 4720 signem
1257 4628 1424 4696 virtutem
1447 4625 1769 4694 unice-admiratus
1791 4625 1857 4701 sim
1878 4637 1910 4694 et
1926 4625 2087 4708 amarim,

1100 4757 1173 4802 non
1189 4730 1305 4822 potuit
1322 4729 1407 4810 fieri,
1432 4729 1520 4820 quin
1536 4728 1621 4796 tanti
1639 4727 1706 4794 viri
1722 4727 1870 4796 interitu
1886 4727 1988 4794 valde
1999 4750 2087 4794 eon·

1100 4849 1284 4904 sternarer.
1338 4830 1411 4900 Nos
1428 4831 1535 4920 igitur
1549 4844 1583 4898 et
1601 4828 1736 4918 ingenii
1751 4829 1890 4920 inopia,
1914 4840 1949 4895 et
1962 4827 2086 4894 dolore

1100 4934 1279 5026 impediti,
1303 4923 1378 5000 non
1402 4932 1621 5001 instituimus
1645 4931 1843 5000 encomium
1869 4929 2016 4996 laudum
2041 4927 2086 4994 il-

1099 5039 1190 5121 lius,
1220 5050 1357 5105 tantum
1385 5031 1450 5102 bac
1473 5035 1598 5101 misera
1622 5057 1724 5118 voce,
1758 5027 1872 5100 ethis
1896 5022 2086 5122 lachrymis

1098 5137 1348 5229 gratitudinem
1367 5136 1476 5206 animi
1492 5135 1604 5203 nostri
1620 5135 1854 5213 declaramus,
1879 5141 1919 5196 ut
1934 5128 2085 5218 intelligi

1099 5239 1209 5332 possit
1231 5239 1423 5310 iucundam
1446 5237 1551 5308 nobis
1568 5233 1662 5305 illins
1679 5235 1867 5313 virtutem,
1893 5231 2085 5326 grataoiii-

1097 5343 1150 5415 cia
1166 5341 1285 5414 fuisse.
