<?xml version="1.0" encoding="UTF-8"?>
<!DOCTYPE html PUBLIC "-//W3C//DTD XHTML 1.0 Transitional//EN"
    "http://www.w3.org/TR/xhtml1/DTD/xhtml1-transitional.dtd">
<html xmlns="http://www.w3.org/1999/xhtml" xml:lang="en" lang="en">
 <head>
  <title>
</title>
<meta http-equiv="Content-Type" content="text/html;charset=utf-8" />
  <meta name='ocr-system' content='tesseract 3.04.00' />
  <meta name='ocr-capabilities' content='ocr_page ocr_carea ocr_par ocr_line ocrx_word'/>
</head>
<body>
  <div class='ocr_page' id='page_1' title='image "./corpusreformato23melagoog/corpusreformato23melagoog_0161.png"; bbox 0 0 4688 5826; ppageno 0'>
   <div class='ocr_carea' id='block_1_1' title="bbox 255 259 411 368">
    <p class='ocr_par' dir='ltr' id='par_1_1' title="bbox 255 259 411 368">
     <span class='ocr_line' id='line_1_1' title="bbox 255 259 411 368; baseline -0.045 -32"><span class='ocrx_word' id='word_1_1' title='bbox 255 259 331 336; x_wconf 81' lang='lat' dir='ltr'>sse</span> <span class='ocrx_word' id='word_1_2' title='bbox 407 353 411 368; x_wconf 30' lang='grc' dir='ltr'>Ι</span> 
     </span>
    </p>
   </div>
   <div class='ocr_carea' id='block_1_2' title="bbox 253 418 1247 824">
    <p class='ocr_par' dir='ltr' id='par_1_2' title="bbox 253 418 1247 824">
     <span class='ocr_line' id='line_1_2' title="bbox 254 418 1247 522; baseline -0.015 -14"><span class='ocrx_word' id='word_1_3' title='bbox 254 431 346 508; x_wconf 89' lang='lat' dir='ltr'>Cum</span> <span class='ocrx_word' id='word_1_4' title='bbox 366 443 484 504; x_wconf 86' lang='lat' dir='ltr'>autem</span> <span class='ocrx_word' id='word_1_5' title='bbox 508 425 643 522; x_wconf 82' lang='lat' dir='ltr'>publici</span> <span class='ocrx_word' id='word_1_6' title='bbox 667 423 775 514; x_wconf 68' lang='lat' dir='ltr'>oflicii</span> <span class='ocrx_word' id='word_1_7' title='bbox 794 425 885 495; x_wconf 93' lang='lat' dir='ltr'>ratio</span> <span class='ocrx_word' id='word_1_8' title='bbox 907 423 1068 516; x_wconf 87' lang='lat' dir='ltr'>imponat</span> <span class='ocrx_word' id='word_1_9' title='bbox 1083 418 1175 494; x_wconf 86' lang='lat' dir='ltr'>mihi</span> <span class='ocrx_word' id='word_1_10' title='bbox 1188 424 1247 496; x_wconf 89' lang='lat' dir='ltr'>di·</span> 
     </span>
     <span class='ocr_line' id='line_1_3' title="bbox 255 522 1247 616; baseline -0.009 -8"><span class='ocrx_word' id='word_1_11' title='bbox 255 535 358 610; x_wconf 85' lang='lat' dir='ltr'>cendi</span> <span class='ocrx_word' id='word_1_12' title='bbox 378 527 642 616; x_wconf 55' lang='lat' dir='ltr'>&#39;uecusitatem,</span> <span class='ocrx_word' id='word_1_13' title='bbox 675 527 744 601; x_wconf 91' lang='lat' dir='ltr'>erit</span> <span class='ocrx_word' id='word_1_14' title='bbox 767 522 999 598; x_wconf 89' lang='lat' dir='ltr'>humanitatis</span> <span class='ocrx_word' id='word_1_15' title='bbox 1021 539 1174 613; x_wconf 87' lang='lat' dir='ltr'>vestrae,</span> <span class='ocrx_word' id='word_1_16' title='bbox 1206 539 1247 600; x_wconf 91' lang='lat' dir='ltr'>ut</span> 
     </span>
     <span class='ocr_line' id='line_1_4' title="bbox 253 629 1247 733; baseline -0.014 -22"><span class='ocrx_word' id='word_1_17' title='bbox 253 661 318 710; x_wconf 92' lang='lat' dir='ltr'>vos</span> <span class='ocrx_word' id='word_1_18' title='bbox 334 658 477 733; x_wconf 90' lang='lat' dir='ltr'>quoque</span> <span class='ocrx_word' id='word_1_19' title='bbox 492 632 666 728; x_wconf 87' lang='lat' dir='ltr'>aequitate</span> <span class='ocrx_word' id='word_1_20' title='bbox 680 643 795 702; x_wconf 92' lang='lat' dir='ltr'>vestra</span> <span class='ocrx_word' id='word_1_21' title='bbox 810 629 993 722; x_wconf 90' lang='lat' dir='ltr'>publicum</span> <span class='ocrx_word' id='word_1_22' title='bbox 1008 653 1144 700; x_wconf 89' lang='lat' dir='ltr'>rnorem</span> <span class='ocrx_word' id='word_1_23' title='bbox 1160 653 1247 699; x_wconf 93' lang='lat' dir='ltr'>con-</span> 
     </span>
     <span class='ocr_line' id='line_1_5' title="bbox 253 731 1245 824; baseline -0.01 -12"><span class='ocrx_word' id='word_1_24' title='bbox 253 739 417 824; x_wconf 86' lang='lat' dir='ltr'>servetis,</span> <span class='ocrx_word' id='word_1_25' title='bbox 448 761 505 806; x_wconf 91' lang='lat' dir='ltr'>me</span> <span class='ocrx_word' id='word_1_26' title='bbox 526 758 601 805; x_wconf 91' lang='lat' dir='ltr'>non</span> <span class='ocrx_word' id='word_1_27' title='bbox 622 733 795 824; x_wconf 86' lang='lat' dir='ltr'>gravatim</span> <span class='ocrx_word' id='word_1_28' title='bbox 817 731 960 815; x_wconf 91' lang='lat' dir='ltr'>audire,</span> <span class='ocrx_word' id='word_1_29' title='bbox 990 745 1025 804; x_wconf 87' lang='lat' dir='ltr'>et</span> <span class='ocrx_word' id='word_1_30' title='bbox 1046 731 1245 804; x_wconf 90' lang='lat' dir='ltr'>orationem</span> 
     </span>
    </p>
   </div>
   <div class='ocr_carea' id='block_1_3' title="bbox 251 837 682 914">
    <p class='ocr_par' dir='ltr' id='par_1_3' title="bbox 251 837 682 914">
     <span class='ocr_line' id='line_1_6' title="bbox 251 837 682 914; baseline -0.014 1"><span class='ocrx_word' id='word_1_31' title='bbox 251 867 367 914; x_wconf 86' lang='lat' dir='ltr'>meam</span> <span class='ocrx_word' id='word_1_32' title='bbox 383 839 472 914; x_wconf 91' lang='lat' dir='ltr'>boui</span> <span class='ocrx_word' id='word_1_33' title='bbox 487 837 682 910; x_wconf 88' lang='lat' dir='ltr'>consulere.</span> 
     </span>
    </p>
   </div>
   <div class='ocr_carea' id='block_1_4' title="bbox 253 983 1245 1798">
    <p class='ocr_par' dir='ltr' id='par_1_4' title="bbox 253 983 1245 1798">
     <span class='ocr_line' id='line_1_7' title="bbox 353 983 1245 1080; baseline -0.017 -10"><span class='ocrx_word' id='word_1_34' title='bbox 353 994 502 1070; x_wconf 81' lang='lat' dir='ltr'>Decrevi</span> <span class='ocrx_word' id='word_1_35' title='bbox 519 1005 636 1062; x_wconf 92' lang='lat' dir='ltr'>autem</span> <span class='ocrx_word' id='word_1_36' title='bbox 655 990 772 1059; x_wconf 89' lang='lat' dir='ltr'>dicere</span> <span class='ocrx_word' id='word_1_37' title='bbox 789 990 834 1057; x_wconf 91' lang='lat' dir='ltr'>de</span> <span class='ocrx_word' id='word_1_38' title='bbox 850 987 1021 1080; x_wconf 79' lang='lat' dir='ltr'>dignitate</span> <span class='ocrx_word' id='word_1_39' title='bbox 1038 987 1129 1057; x_wconf 89' lang='lat' dir='ltr'>vitae</span> <span class='ocrx_word' id='word_1_40' title='bbox 1143 983 1245 1058; x_wconf 88' lang='lat' dir='ltr'>scho-</span> 
     </span>
     <span class='ocr_line' id='line_1_8' title="bbox 253 1090 1243 1190; baseline -0.019 -14"><span class='ocrx_word' id='word_1_41' title='bbox 253 1101 414 1183; x_wconf 89' lang='lat' dir='ltr'>lasticae,</span> <span class='ocrx_word' id='word_1_42' title='bbox 446 1099 561 1190; x_wconf 85' lang='lat' dir='ltr'>deque</span> <span class='ocrx_word' id='word_1_43' title='bbox 586 1093 849 1184; x_wconf 89' lang='lat' dir='ltr'>comparatione</span> <span class='ocrx_word' id='word_1_44' title='bbox 871 1090 980 1160; x_wconf 91' lang='lat' dir='ltr'>vestri</span> <span class='ocrx_word' id='word_1_45' title='bbox 1002 1090 1140 1159; x_wconf 78' lang='lat' dir='ltr'>ordinis</span> <span class='ocrx_word' id='word_1_46' title='bbox 1163 1113 1243 1160; x_wconf 94' lang='lat' dir='ltr'>cum</span> 
     </span>
     <span class='ocr_line' id='line_1_9' title="bbox 253 1191 1244 1286; baseline -0.017 -8"><span class='ocrx_word' id='word_1_47' title='bbox 253 1201 398 1278; x_wconf 89' lang='lat' dir='ltr'>caeteris</span> <span class='ocrx_word' id='word_1_48' title='bbox 411 1195 609 1280; x_wconf 79' lang='lat' dir='ltr'>ordinibus</span> <span class='ocrx_word' id='word_1_49' title='bbox 634 1209 668 1264; x_wconf 90' lang='lat' dir='ltr'>et</span> <span class='ocrx_word' id='word_1_50' title='bbox 692 1193 784 1264; x_wconf 89' lang='lat' dir='ltr'>vitae</span> <span class='ocrx_word' id='word_1_51' title='bbox 808 1191 1014 1284; x_wconf 88' lang='lat' dir='ltr'>generibus:</span> <span class='ocrx_word' id='word_1_52' title='bbox 1041 1215 1158 1286; x_wconf 92' lang='lat' dir='ltr'>neque</span> <span class='ocrx_word' id='word_1_53' title='bbox 1181 1215 1244 1282; x_wconf 85' lang='lat' dir='ltr'>ego</span> 
     </span>
     <span class='ocr_line' id='line_1_10' title="bbox 254 1295 1244 1394; baseline -0.018 -14"><span class='ocrx_word' id='word_1_54' title='bbox 254 1331 330 1380; x_wconf 93' lang='lat' dir='ltr'>non</span> <span class='ocrx_word' id='word_1_55' title='bbox 352 1305 457 1374; x_wconf 86' lang='lat' dir='ltr'>video</span> <span class='ocrx_word' id='word_1_56' title='bbox 479 1311 669 1394; x_wconf 90' lang='lat' dir='ltr'>quantum,</span> <span class='ocrx_word' id='word_1_57' title='bbox 695 1319 802 1390; x_wconf 93' lang='lat' dir='ltr'>quam</span> <span class='ocrx_word' id='word_1_58' title='bbox 821 1295 979 1385; x_wconf 92' lang='lat' dir='ltr'>amplum</span> <span class='ocrx_word' id='word_1_59' title='bbox 995 1308 1244 1383; x_wconf 79' lang='lat' dir='ltr'><strong>argumentum</strong></span> 
     </span>
     <span class='ocr_line' id='line_1_11' title="bbox 253 1395 1244 1501; baseline -0.018 -18"><span class='ocrx_word' id='word_1_60' title='bbox 253 1405 477 1501; x_wconf 81' lang='lat' dir='ltr'>susceperim.</span> <span class='ocrx_word' id='word_1_61' title='bbox 528 1401 598 1473; x_wconf 91' lang='lat' dir='ltr'>Sed</span> <span class='ocrx_word' id='word_1_62' title='bbox 617 1423 820 1493; x_wconf 91' lang='lat' dir='ltr'>quanquam</span> <span class='ocrx_word' id='word_1_63' title='bbox 835 1395 967 1488; x_wconf 68' lang='lat' dir='ltr'>pertesi</span> <span class='ocrx_word' id='word_1_64' title='bbox 980 1421 1075 1466; x_wconf 92' lang='lat' dir='ltr'>nunc</span> <span class='ocrx_word' id='word_1_65' title='bbox 1089 1421 1164 1466; x_wconf 92' lang='lat' dir='ltr'>non</span> <span class='ocrx_word' id='word_1_66' title='bbox 1180 1420 1244 1488; x_wconf 93' lang='lat' dir='ltr'>po-</span> 
     </span>
     <span class='ocr_line' id='line_1_12' title="bbox 254 1499 1244 1594; baseline -0.016 -6"><span class='ocrx_word' id='word_1_67' title='bbox 254 1514 356 1594; x_wconf 87' lang='lat' dir='ltr'>terit,</span> <span class='ocrx_word' id='word_1_68' title='bbox 398 1523 517 1579; x_wconf 92' lang='lat' dir='ltr'>tamen</span> <span class='ocrx_word' id='word_1_69' title='bbox 552 1501 640 1574; x_wconf 90' lang='lat' dir='ltr'>utile</span> <span class='ocrx_word' id='word_1_70' title='bbox 677 1501 744 1570; x_wconf 93' lang='lat' dir='ltr'>erit</span> <span class='ocrx_word' id='word_1_71' title='bbox 780 1500 892 1590; x_wconf 91' lang='lat' dir='ltr'>capita</span> <span class='ocrx_word' id='word_1_72' title='bbox 929 1523 1048 1568; x_wconf 93' lang='lat' dir='ltr'>rerum</span> <span class='ocrx_word' id='word_1_73' title='bbox 1077 1499 1244 1590; x_wconf 88' lang='lat' dir='ltr'>attigisse.</span> 
     </span>
     <span class='ocr_line' id='line_1_13' title="bbox 254 1599 1243 1706; baseline -0.017 -19"><span class='ocrx_word' id='word_1_74' title='bbox 254 1607 567 1706; x_wconf 85' lang='lat' dir='ltr'>Quemadmodum</span> <span class='ocrx_word' id='word_1_75' title='bbox 585 1617 702 1682; x_wconf 89' lang='lat' dir='ltr'>autem</span> <span class='ocrx_word' id='word_1_76' title='bbox 722 1599 855 1672; x_wconf 90' lang='lat' dir='ltr'>Medici</span> <span class='ocrx_word' id='word_1_77' title='bbox 879 1601 917 1669; x_wconf 93' lang='lat' dir='ltr'>in</span> <span class='ocrx_word' id='word_1_78' title='bbox 940 1602 1132 1692; x_wconf 71' lang='lat' dir='ltr'>praeceptis</span> <span class='ocrx_word' id='word_1_79' title='bbox 1149 1601 1243 1670; x_wconf 91' lang='lat' dir='ltr'>vale-</span> 
     </span>
     <span class='ocr_line' id='line_1_14' title="bbox 253 1703 1244 1798; baseline -0.019 -8"><span class='ocrx_word' id='word_1_80' title='bbox 253 1717 390 1790; x_wconf 85' lang='lat' dir='ltr'>tudinis</span> <span class='ocrx_word' id='word_1_81' title='bbox 410 1721 577 1791; x_wconf 89' lang='lat' dir='ltr'>monent,</span> <span class='ocrx_word' id='word_1_82' title='bbox 600 1719 641 1778; x_wconf 92' lang='lat' dir='ltr'>ut</span> <span class='ocrx_word' id='word_1_83' title='bbox 662 1706 753 1776; x_wconf 78' lang='lat' dir='ltr'>aeris</span> <span class='ocrx_word' id='word_1_84' title='bbox 774 1703 998 1798; x_wconf 75' lang='lat' dir='ltr'>qualitatem,</span> <span class='ocrx_word' id='word_1_85' title='bbox 1024 1703 1148 1796; x_wconf 91' lang='lat' dir='ltr'>inquo</span> <span class='ocrx_word' id='word_1_86' title='bbox 1165 1727 1244 1772; x_wconf 88' lang='lat' dir='ltr'>ver-</span> 
     </span>
    </p>
   </div>
   <div class='ocr_carea' id='block_1_5' title="bbox 744 245 1808 334">
    <p class='ocr_par' dir='ltr' id='par_1_5' title="bbox 744 245 1808 334">
     <span class='ocr_line' id='line_1_15' title="bbox 744 245 1808 334; baseline 0.008 -9"><span class='ocrx_word' id='word_1_87' title='bbox 744 245 903 326; x_wconf 79' lang='lat' dir='ltr'>DECL.</span> <span class='ocrx_word' id='word_1_88' title='bbox 943 245 1018 324; x_wconf 78' lang='lat' dir='ltr'>Du</span> <span class='ocrx_word' id='word_1_89' title='bbox 1048 245 1241 325; x_wconf 78' lang='lat' dir='ltr'>LAUDD</span> <span class='ocrx_word' id='word_1_90' title='bbox 1274 247 1458 326; x_wconf 82' lang='lat' dir='ltr'>vtrau</span> <span class='ocrx_word' id='word_1_91' title='bbox 1491 249 1808 334; x_wconf 70' lang='lat' dir='ltr'>SCHOLA‘ST.</span> 
     </span>
    </p>
   </div>
   <div class='ocr_carea' id='block_1_6' title="bbox 2120 211 2275 332">
    <p class='ocr_par' dir='ltr' id='par_1_6' title="bbox 2120 211 2275 332">
     <span class='ocr_line' id='line_1_16' title="bbox 2120 211 2275 332; baseline 0 0"><span class='ocrx_word' id='word_1_92' title='bbox 2120 211 2275 332; x_wconf 72' lang='lat' dir='ltr'>&#39;su</span> 
     </span>
    </p>
   </div>
   <div class='ocr_carea' id='block_1_7' title="bbox 1295 421 2275 1646">
    <p class='ocr_par' dir='ltr' id='par_1_7' title="bbox 1295 421 2275 1646">
     <span class='ocr_line' id='line_1_17' title="bbox 1295 421 2274 522; baseline 0.008 -26"><span class='ocrx_word' id='word_1_93' title='bbox 1295 421 1355 498; x_wconf 90' lang='lat' dir='ltr'>Sic</span> <span class='ocrx_word' id='word_1_94' title='bbox 1371 425 1481 516; x_wconf 84' lang='lat' dir='ltr'>igitur</span> <span class='ocrx_word' id='word_1_95' title='bbox 1496 425 1654 498; x_wconf 85' lang='lat' dir='ltr'>statuetis</span> <span class='ocrx_word' id='word_1_96' title='bbox 1668 427 1775 498; x_wconf 88' lang='lat' dir='ltr'>vitam</span> <span class='ocrx_word' id='word_1_97' title='bbox 1792 421 2037 500; x_wconf 79' lang='lat' dir='ltr'>scholasticam</span> <span class='ocrx_word' id='word_1_98' title='bbox 2054 425 2205 522; x_wconf 89' lang='lat' dir='ltr'>primum</span> <span class='ocrx_word' id='word_1_99' title='bbox 2217 455 2274 504; x_wconf 88' lang='lat' dir='ltr'>ue-</span> 
     </span>
     <span class='ocr_line' id='line_1_18' title="bbox 1295 527 2273 621; baseline 0.006 -23"><span class='ocrx_word' id='word_1_100' title='bbox 1295 527 1480 600; x_wconf 87' lang='lat' dir='ltr'>cessariam</span> <span class='ocrx_word' id='word_1_101' title='bbox 1502 552 1575 600; x_wconf 86' lang='lat' dir='ltr'>esse</span> <span class='ocrx_word' id='word_1_102' title='bbox 1590 527 1748 621; x_wconf 85' lang='lat' dir='ltr'>Reipub.</span> <span class='ocrx_word' id='word_1_103' title='bbox 1770 541 1805 600; x_wconf 89' lang='lat' dir='ltr'>et</span> <span class='ocrx_word' id='word_1_104' title='bbox 1822 529 1990 602; x_wconf 86' lang='lat' dir='ltr'>maximas</span> <span class='ocrx_word' id='word_1_105' title='bbox 2004 533 2050 602; x_wconf 90' lang='lat' dir='ltr'>sd</span> <span class='ocrx_word' id='word_1_106' title='bbox 2065 555 2273 604; x_wconf 88' lang='lat' dir='ltr'>communem</span> 
     </span>
     <span class='ocr_line' id='line_1_19' title="bbox 1295 629 2273 718; baseline 0.01 -20"><span class='ocrx_word' id='word_1_107' title='bbox 1295 629 1404 702; x_wconf 87' lang='lat' dir='ltr'>vitam</span> <span class='ocrx_word' id='word_1_108' title='bbox 1421 631 1592 704; x_wconf 84' lang='lat' dir='ltr'>utilitates</span> <span class='ocrx_word' id='word_1_109' title='bbox 1608 631 1752 718; x_wconf 85' lang='lat' dir='ltr'>afferre,</span> <span class='ocrx_word' id='word_1_110' title='bbox 1777 631 1907 703; x_wconf 86' lang='lat' dir='ltr'>deinde</span> <span class='ocrx_word' id='word_1_111' title='bbox 1923 645 1958 704; x_wconf 90' lang='lat' dir='ltr'>et</span> <span class='ocrx_word' id='word_1_112' title='bbox 1976 633 2224 706; x_wconf 84' lang='lat' dir='ltr'>sanctissimam</span> <span class='ocrx_word' id='word_1_113' title='bbox 2239 661 2273 708; x_wconf 89' lang='lat' dir='ltr'>ac</span> 
     </span>
     <span class='ocr_line' id='line_1_20' title="bbox 1295 731 2274 828; baseline 0.005 -24"><span class='ocrx_word' id='word_1_114' title='bbox 1295 731 1371 804; x_wconf 91' lang='lat' dir='ltr'>Deo</span> <span class='ocrx_word' id='word_1_115' title='bbox 1394 734 1628 825; x_wconf 73' lang='lat' dir='ltr'>gratissimam</span> <span class='ocrx_word' id='word_1_116' title='bbox 1648 757 1739 819; x_wconf 90' lang='lat' dir='ltr'>esse,</span> <span class='ocrx_word' id='word_1_117' title='bbox 1770 748 1950 828; x_wconf 90' lang='lat' dir='ltr'>postremo</span> <span class='ocrx_word' id='word_1_118' title='bbox 1971 736 2078 807; x_wconf 90' lang='lat' dir='ltr'>etiam</span> <span class='ocrx_word' id='word_1_119' title='bbox 2103 735 2274 809; x_wconf 85' lang='lat' dir='ltr'>iucundis-</span> 
     </span>
     <span class='ocr_line' id='line_1_21' title="bbox 1296 833 2273 929; baseline 0.005 -24"><span class='ocrx_word' id='word_1_120' title='bbox 1296 835 1432 912; x_wconf 86' lang='lat' dir='ltr'>simam.</span> <span class='ocrx_word' id='word_1_121' title='bbox 1483 833 1531 908; x_wconf 86' lang='lat' dir='ltr'>Et</span> <span class='ocrx_word' id='word_1_122' title='bbox 1551 837 1695 929; x_wconf 89' lang='lat' dir='ltr'>quidem</span> <span class='ocrx_word' id='word_1_123' title='bbox 1716 850 1833 908; x_wconf 88' lang='lat' dir='ltr'>tantas</span> <span class='ocrx_word' id='word_1_124' title='bbox 1854 838 1898 907; x_wconf 93' lang='lat' dir='ltr'>ad</span> <span class='ocrx_word' id='word_1_125' title='bbox 1924 837 2032 908; x_wconf 87' lang='lat' dir='ltr'>vitam</span> <span class='ocrx_word' id='word_1_126' title='bbox 2054 839 2220 910; x_wconf 86' lang='lat' dir='ltr'>utilitates</span> <span class='ocrx_word' id='word_1_127' title='bbox 2238 865 2273 912; x_wconf 84' lang='lat' dir='ltr'>er</span> 
     </span>
     <span class='ocr_line' id='line_1_22' title="bbox 1296 933 2273 1031; baseline 0.004 -23"><span class='ocrx_word' id='word_1_128' title='bbox 1296 937 1367 1008; x_wconf 88' lang='lat' dir='ltr'>vita</span> <span class='ocrx_word' id='word_1_129' title='bbox 1390 933 1597 1008; x_wconf 90' lang='lat' dir='ltr'>scholastica</span> <span class='ocrx_word' id='word_1_130' title='bbox 1615 939 1823 1031; x_wconf 88' lang='lat' dir='ltr'>pervenire,</span> <span class='ocrx_word' id='word_1_131' title='bbox 1845 951 1983 1011; x_wconf 87' lang='lat' dir='ltr'>tantum</span> <span class='ocrx_word' id='word_1_132' title='bbox 2002 941 2041 1010; x_wconf 92' lang='lat' dir='ltr'>in</span> <span class='ocrx_word' id='word_1_133' title='bbox 2057 936 2123 1010; x_wconf 91' lang='lat' dir='ltr'>bac</span> <span class='ocrx_word' id='word_1_134' title='bbox 2138 963 2208 1012; x_wconf 87' lang='lat' dir='ltr'>esse</span> <span class='ocrx_word' id='word_1_135' title='bbox 2222 967 2273 1012; x_wconf 81' lang='lat' dir='ltr'>ve-</span> 
     </span>
     <span class='ocr_line' id='line_1_23' title="bbox 1296 1034 2274 1135; baseline 0.004 -25"><span class='ocrx_word' id='word_1_136' title='bbox 1296 1065 1357 1111; x_wconf 89' lang='lat' dir='ltr'>rae</span> <span class='ocrx_word' id='word_1_137' title='bbox 1381 1034 1584 1132; x_wconf 79' lang='lat' dir='ltr'>dignitatis,</span> <span class='ocrx_word' id='word_1_138' title='bbox 1606 1055 1646 1112; x_wconf 94' lang='lat' dir='ltr'>ut</span> <span class='ocrx_word' id='word_1_139' title='bbox 1667 1041 1830 1135; x_wconf 86' lang='lat' dir='ltr'>quamvis</span> <span class='ocrx_word' id='word_1_140' title='bbox 1850 1041 1957 1112; x_wconf 92' lang='lat' dir='ltr'>titulo</span> <span class='ocrx_word' id='word_1_141' title='bbox 1979 1055 2156 1135; x_wconf 86' lang='lat' dir='ltr'>praestent</span> <span class='ocrx_word' id='word_1_142' title='bbox 2172 1041 2274 1134; x_wconf 85' lang='lat' dir='ltr'>Reges</span> 
     </span>
     <span class='ocr_line' id='line_1_24' title="bbox 1296 1138 2274 1236; baseline 0.005 -24"><span class='ocrx_word' id='word_1_143' title='bbox 1296 1155 1332 1214; x_wconf 89' lang='lat' dir='ltr'>et</span> <span class='ocrx_word' id='word_1_144' title='bbox 1348 1138 1536 1236; x_wconf 82' lang='lat' dir='ltr'>Episcopi,</span> <span class='ocrx_word' id='word_1_145' title='bbox 1558 1155 1676 1215; x_wconf 88' lang='lat' dir='ltr'>tamen</span> <span class='ocrx_word' id='word_1_146' title='bbox 1698 1144 1813 1236; x_wconf 88' lang='lat' dir='ltr'>reipsa</span> <span class='ocrx_word' id='word_1_147' title='bbox 1836 1145 1967 1236; x_wconf 90' lang='lat' dir='ltr'>parsit</span> <span class='ocrx_word' id='word_1_148' title='bbox 1989 1145 2062 1214; x_wconf 91' lang='lat' dir='ltr'>illis</span> <span class='ocrx_word' id='word_1_149' title='bbox 2080 1147 2169 1216; x_wconf 90' lang='lat' dir='ltr'>ordo</span> <span class='ocrx_word' id='word_1_150' title='bbox 2184 1143 2274 1216; x_wconf 88' lang='lat' dir='ltr'>scho-</span> 
     </span>
     <span class='ocr_line' id='line_1_25' title="bbox 1296 1243 2275 1332; baseline 0.002 -18"><span class='ocrx_word' id='word_1_151' title='bbox 1296 1245 1449 1320; x_wconf 88' lang='lat' dir='ltr'>lasticus.</span> <span class='ocrx_word' id='word_1_152' title='bbox 1518 1243 1597 1316; x_wconf 85' lang='lat' dir='ltr'>Huc</span> <span class='ocrx_word' id='word_1_153' title='bbox 1625 1269 1706 1316; x_wconf 93' lang='lat' dir='ltr'>cum</span> <span class='ocrx_word' id='word_1_154' title='bbox 1729 1247 1849 1317; x_wconf 87' lang='lat' dir='ltr'>animo</span> <span class='ocrx_word' id='word_1_155' title='bbox 1875 1245 2150 1332; x_wconf 87' lang='lat' dir='ltr'>constitueritis,</span> <span class='ocrx_word' id='word_1_156' title='bbox 2182 1249 2275 1318; x_wconf 88' lang='lat' dir='ltr'>etiam</span> 
     </span>
     <span class='ocr_line' id='line_1_26' title="bbox 1296 1343 2274 1440; baseline 0.003 -23"><span class='ocrx_word' id='word_1_157' title='bbox 1296 1371 1402 1440; x_wconf 90' lang='lat' dir='ltr'>opera</span> <span class='ocrx_word' id='word_1_158' title='bbox 1423 1349 1541 1418; x_wconf 91' lang='lat' dir='ltr'>danda</span> <span class='ocrx_word' id='word_1_159' title='bbox 1562 1347 1648 1435; x_wconf 92' lang='lat' dir='ltr'>erit,</span> <span class='ocrx_word' id='word_1_160' title='bbox 1674 1365 1716 1420; x_wconf 93' lang='lat' dir='ltr'>ut</span> <span class='ocrx_word' id='word_1_161' title='bbox 1738 1343 1831 1418; x_wconf 90' lang='lat' dir='ltr'>hauc</span> <span class='ocrx_word' id='word_1_162' title='bbox 1852 1349 1960 1418; x_wconf 90' lang='lat' dir='ltr'>vitam</span> <span class='ocrx_word' id='word_1_163' title='bbox 1978 1349 2079 1420; x_wconf 87' lang='lat' dir='ltr'>omni</span> <span class='ocrx_word' id='word_1_164' title='bbox 2094 1351 2208 1420; x_wconf 91' lang='lat' dir='ltr'>studio</span> <span class='ocrx_word' id='word_1_165' title='bbox 2223 1373 2274 1420; x_wconf 92' lang='lat' dir='ltr'>or-</span> 
     </span>
     <span class='ocr_line' id='line_1_27' title="bbox 1296 1449 2274 1535; baseline 0.005 -17"><span class='ocrx_word' id='word_1_166' title='bbox 1296 1451 1406 1535; x_wconf 90' lang='lat' dir='ltr'>netis,</span> <span class='ocrx_word' id='word_1_167' title='bbox 1441 1464 1481 1520; x_wconf 91' lang='lat' dir='ltr'>ut</span> <span class='ocrx_word' id='word_1_168' title='bbox 1511 1449 1651 1520; x_wconf 85' lang='lat' dir='ltr'>sortiter</span> <span class='ocrx_word' id='word_1_169' title='bbox 1681 1451 1820 1520; x_wconf 90' lang='lat' dir='ltr'>labores</span> <span class='ocrx_word' id='word_1_170' title='bbox 1851 1463 1886 1520; x_wconf 93' lang='lat' dir='ltr'>et</span> <span class='ocrx_word' id='word_1_171' title='bbox 1916 1473 2039 1522; x_wconf 89' lang='lat' dir='ltr'>omnes</span> <span class='ocrx_word' id='word_1_172' title='bbox 2066 1451 2274 1522; x_wconf 85' lang='lat' dir='ltr'>difficultates</span> 
     </span>
     <span class='ocr_line' id='line_1_28' title="bbox 1297 1547 2171 1646; baseline 0.008 -24"><span class='ocrx_word' id='word_1_173' title='bbox 1297 1552 1497 1645; x_wconf 83' lang='lat' dir='ltr'>perferatis,</span> <span class='ocrx_word' id='word_1_174' title='bbox 1521 1575 1611 1646; x_wconf 88' lang='lat' dir='ltr'>quae</span> <span class='ocrx_word' id='word_1_175' title='bbox 1626 1552 1841 1626; x_wconf 85' lang='lat' dir='ltr'>comitantur</span> <span class='ocrx_word' id='word_1_176' title='bbox 1855 1547 1924 1624; x_wconf 94' lang='lat' dir='ltr'>hoc</span> <span class='ocrx_word' id='word_1_177' title='bbox 1938 1553 2031 1624; x_wconf 86' lang='lat' dir='ltr'>vitae</span> <span class='ocrx_word' id='word_1_178' title='bbox 2048 1575 2171 1643; x_wconf 89' lang='lat' dir='ltr'>genus.</span> 
     </span>
    </p>
   </div>
   <div class='ocr_carea' id='block_1_8' title="bbox 1398 1687 2275 1784">
    <p class='ocr_par' dir='ltr' id='par_1_8' title="bbox 1398 1687 2275 1784">
     <span class='ocr_line' id='line_1_29' title="bbox 1398 1687 2275 1784; baseline -0.002 -24"><span class='ocrx_word' id='word_1_179' title='bbox 1398 1687 1467 1760; x_wconf 86' lang='lat' dir='ltr'>Sed</span> <span class='ocrx_word' id='word_1_180' title='bbox 1492 1711 1579 1781; x_wconf 91' lang='lat' dir='ltr'>quas</span> <span class='ocrx_word' id='word_1_181' title='bbox 1601 1691 1743 1758; x_wconf 90' lang='lat' dir='ltr'>tandem</span> <span class='ocrx_word' id='word_1_182' title='bbox 1768 1689 1815 1759; x_wconf 94' lang='lat' dir='ltr'>ob</span> <span class='ocrx_word' id='word_1_183' title='bbox 1835 1713 1958 1760; x_wconf 84' lang='lat' dir='ltr'>causas</span> <span class='ocrx_word' id='word_1_184' title='bbox 1976 1713 2089 1784; x_wconf 89' lang='lat' dir='ltr'>usque</span> <span class='ocrx_word' id='word_1_185' title='bbox 2107 1691 2193 1759; x_wconf 90' lang='lat' dir='ltr'>adeo</span> <span class='ocrx_word' id='word_1_186' title='bbox 2209 1689 2275 1758; x_wconf 91' lang='lat' dir='ltr'>lau-</span> 
     </span>
    </p>
   </div>
   <div class='ocr_carea' id='block_1_9' title="bbox 254 1785 2273 1900">
    <p class='ocr_par' dir='ltr' id='par_1_9' title="bbox 254 1785 2273 1900">
     <span class='ocr_line' id='line_1_30' title="bbox 254 1785 2273 1900; baseline -0.008 -25"><span class='ocrx_word' id='word_1_187' title='bbox 254 1841 392 1900; x_wconf 48' lang='lat' dir='ltr'>sanna,</span> <span class='ocrx_word' id='word_1_188' title='bbox 434 1812 621 1900; x_wconf 77' lang='lat' dir='ltr'>diligenter</span> <span class='ocrx_word' id='word_1_189' title='bbox 656 1809 901 1878; x_wconf 75' lang='lat' dir='ltr'>observemus:</span> <span class='ocrx_word' id='word_1_190' title='bbox 943 1805 991 1874; x_wconf 72' lang='lat' dir='ltr'>ita</span> <span class='ocrx_word' id='word_1_191' title='bbox 1031 1805 1244 1898; x_wconf 62' lang='lat' dir='ltr'>magnopere</span> <span class='ocrx_word' id='word_1_192' title='bbox 1295 1791 1421 1859; x_wconf 91' lang='lat' dir='ltr'>damus</span> <span class='ocrx_word' id='word_1_193' title='bbox 1443 1790 1551 1861; x_wconf 88' lang='lat' dir='ltr'>vitam</span> <span class='ocrx_word' id='word_1_194' title='bbox 1577 1785 1845 1860; x_wconf 83' lang='lat' dir='ltr'>scholasticam?</span> <span class='ocrx_word' id='word_1_195' title='bbox 1898 1790 2035 1881; x_wconf 88' lang='lat' dir='ltr'>Vulgus</span> <span class='ocrx_word' id='word_1_196' title='bbox 2052 1791 2189 1888; x_wconf 20' lang='lat' dir='ltr'>&#39;iudicat</span> <span class='ocrx_word' id='word_1_197' title='bbox 2211 1814 2273 1859; x_wconf 91' lang='lat' dir='ltr'>esse</span> 
     </span>
    </p>
   </div>
   <div class='ocr_carea' id='block_1_10' title="bbox 252 1907 1246 2728">
    <p class='ocr_par' dir='ltr' id='par_1_10' title="bbox 252 1907 1246 2728">
     <span class='ocr_line' id='line_1_31' title="bbox 254 1907 1244 2004; baseline -0.019 -10"><span class='ocrx_word' id='word_1_198' title='bbox 254 1917 438 2002; x_wconf 85' lang='lat' dir='ltr'>conducit,</span> <span class='ocrx_word' id='word_1_199' title='bbox 463 1933 573 2004; x_wconf 86' lang='lat' dir='ltr'>genus</span> <span class='ocrx_word' id='word_1_200' title='bbox 595 1909 687 1980; x_wconf 92' lang='lat' dir='ltr'>vitae</span> <span class='ocrx_word' id='word_1_201' title='bbox 708 1907 924 1997; x_wconf 86' lang='lat' dir='ltr'>intelligere,</span> <span class='ocrx_word' id='word_1_202' title='bbox 947 1907 985 1976; x_wconf 94' lang='lat' dir='ltr'>in</span> <span class='ocrx_word' id='word_1_203' title='bbox 1007 1931 1077 2000; x_wconf 94' lang='lat' dir='ltr'>quo</span> <span class='ocrx_word' id='word_1_204' title='bbox 1101 1907 1157 1978; x_wconf 86' lang='lat' dir='ltr'>vel</span> <span class='ocrx_word' id='word_1_205' title='bbox 1178 1931 1244 1976; x_wconf 92' lang='lat' dir='ltr'>no-</span> 
     </span>
     <span class='ocr_line' id='line_1_32' title="bbox 253 2005 1244 2108; baseline -0.019 -11"><span class='ocrx_word' id='word_1_206' title='bbox 253 2041 344 2108; x_wconf 93' lang='lat' dir='ltr'>stro,</span> <span class='ocrx_word' id='word_1_207' title='bbox 373 2021 430 2088; x_wconf 88' lang='lat' dir='ltr'>vel</span> <span class='ocrx_word' id='word_1_208' title='bbox 453 2017 570 2088; x_wconf 91' lang='lat' dir='ltr'>alieno</span> <span class='ocrx_word' id='word_1_209' title='bbox 594 2011 728 2081; x_wconf 88' lang='lat' dir='ltr'>iudicio</span> <span class='ocrx_word' id='word_1_210' title='bbox 749 2009 912 2080; x_wconf 88' lang='lat' dir='ltr'>collocati</span> <span class='ocrx_word' id='word_1_211' title='bbox 932 2033 1063 2082; x_wconf 89' lang='lat' dir='ltr'>sumus.</span> <span class='ocrx_word' id='word_1_212' title='bbox 1122 2005 1170 2079; x_wconf 85' lang='lat' dir='ltr'>Et</span> <span class='ocrx_word' id='word_1_213' title='bbox 1192 2023 1244 2078; x_wconf 92' lang='lat' dir='ltr'>est</span> 
     </span>
     <span class='ocr_line' id='line_1_33' title="bbox 252 2105 1243 2224; baseline -0.02 -25"><span class='ocrx_word' id='word_1_214' title='bbox 252 2125 427 2224; x_wconf 90' lang='lat' dir='ltr'>quaedam</span> <span class='ocrx_word' id='word_1_215' title='bbox 464 2109 718 2206; x_wconf 86' lang='lat' dir='ltr'>Philosophiae</span> <span class='ocrx_word' id='word_1_216' title='bbox 755 2135 854 2204; x_wconf 91' lang='lat' dir='ltr'>pars,</span> <span class='ocrx_word' id='word_1_217' title='bbox 903 2111 1030 2202; x_wconf 90' lang='lat' dir='ltr'>gradus</span> <span class='ocrx_word' id='word_1_218' title='bbox 1068 2105 1243 2182; x_wconf 89' lang='lat' dir='ltr'>bumano-</span> 
     </span>
     <span class='ocr_line' id='line_1_34' title="bbox 253 2213 1243 2310; baseline -0.019 -9"><span class='ocrx_word' id='word_1_219' title='bbox 253 2254 333 2301; x_wconf 93' lang='lat' dir='ltr'>rum</span> <span class='ocrx_word' id='word_1_220' title='bbox 349 2223 567 2300; x_wconf 84' lang='lat' dir='ltr'>officiorum,</span> <span class='ocrx_word' id='word_1_221' title='bbox 592 2230 696 2310; x_wconf 90' lang='lat' dir='ltr'>atque</span> <span class='ocrx_word' id='word_1_222' title='bbox 712 2213 850 2283; x_wconf 87' lang='lat' dir='ltr'>ordinis</span> <span class='ocrx_word' id='word_1_223' title='bbox 865 2213 1087 2282; x_wconf 91' lang='lat' dir='ltr'>considerare</span> <span class='ocrx_word' id='word_1_224' title='bbox 1103 2226 1136 2282; x_wconf 92' lang='lat' dir='ltr'>et</span> <span class='ocrx_word' id='word_1_225' title='bbox 1151 2227 1243 2282; x_wconf 90' lang='lat' dir='ltr'>recte</span> 
     </span>
     <span class='ocr_line' id='line_1_35' title="bbox 254 2311 1242 2410; baseline -0.022 -6"><span class='ocrx_word' id='word_1_226' title='bbox 254 2335 464 2404; x_wconf 90' lang='lat' dir='ltr'>discernere.</span> <span class='ocrx_word' id='word_1_227' title='bbox 511 2317 650 2391; x_wconf 87' lang='lat' dir='ltr'>Deinde</span> <span class='ocrx_word' id='word_1_228' title='bbox 665 2317 781 2386; x_wconf 90' lang='lat' dir='ltr'>nescio</span> <span class='ocrx_word' id='word_1_229' title='bbox 795 2316 881 2410; x_wconf 91' lang='lat' dir='ltr'>quid</span> <span class='ocrx_word' id='word_1_230' title='bbox 896 2316 974 2385; x_wconf 88' lang='lat' dir='ltr'>aliis</span> <span class='ocrx_word' id='word_1_231' title='bbox 987 2315 1131 2398; x_wconf 90' lang='lat' dir='ltr'>accidat,</span> <span class='ocrx_word' id='word_1_232' title='bbox 1154 2311 1242 2384; x_wconf 84' lang='lat' dir='ltr'>inihi</span> 
     </span>
     <span class='ocr_line' id='line_1_36' title="bbox 253 2413 1245 2529; baseline -0.021 -24"><span class='ocrx_word' id='word_1_233' title='bbox 253 2434 398 2529; x_wconf 89' lang='lat' dir='ltr'>quidem</span> <span class='ocrx_word' id='word_1_234' title='bbox 416 2429 454 2496; x_wconf 93' lang='lat' dir='ltr'>in</span> <span class='ocrx_word' id='word_1_235' title='bbox 470 2420 536 2494; x_wconf 90' lang='lat' dir='ltr'>hac</span> <span class='ocrx_word' id='word_1_236' title='bbox 553 2423 716 2492; x_wconf 81' lang='lat' dir='ltr'>fortunae</span> <span class='ocrx_word' id='word_1_237' title='bbox 730 2419 911 2500; x_wconf 86' lang='lat' dir='ltr'>tenuitate,</span> <span class='ocrx_word' id='word_1_238' title='bbox 929 2433 961 2488; x_wconf 91' lang='lat' dir='ltr'>et</span> <span class='ocrx_word' id='word_1_239' title='bbox 978 2417 1015 2486; x_wconf 90' lang='lat' dir='ltr'>in</span> <span class='ocrx_word' id='word_1_240' title='bbox 1027 2413 1082 2487; x_wconf 91' lang='lat' dir='ltr'>his</span> <span class='ocrx_word' id='word_1_241' title='bbox 1093 2417 1245 2486; x_wconf 84' lang='lat' dir='ltr'>difficul-</span> 
     </span>
     <span class='ocr_line' id='line_1_37' title="bbox 252 2515 1243 2622; baseline -0.022 -14"><span class='ocrx_word' id='word_1_242' title='bbox 252 2535 398 2615; x_wconf 86' lang='lat' dir='ltr'>tatibus,</span> <span class='ocrx_word' id='word_1_243' title='bbox 422 2528 553 2622; x_wconf 91' lang='lat' dir='ltr'>quibus</span> <span class='ocrx_word' id='word_1_244' title='bbox 570 2522 775 2604; x_wconf 89' lang='lat' dir='ltr'>conllictor,</span> <span class='ocrx_word' id='word_1_245' title='bbox 802 2515 887 2589; x_wconf 89' lang='lat' dir='ltr'>haec</span> <span class='ocrx_word' id='word_1_246' title='bbox 903 2517 958 2587; x_wconf 87' lang='lat' dir='ltr'>re&#39;s</span> <span class='ocrx_word' id='word_1_247' title='bbox 975 2520 1111 2610; x_wconf 90' lang='lat' dir='ltr'>aliquid</span> <span class='ocrx_word' id='word_1_248' title='bbox 1127 2517 1243 2587; x_wconf 90' lang='lat' dir='ltr'>solatii</span> 
     </span>
     <span class='ocr_line' id='line_1_38' title="bbox 253 2623 1246 2728; baseline -0.017 -19"><span class='ocrx_word' id='word_1_249' title='bbox 253 2637 375 2718; x_wconf 83' lang='lat' dir='ltr'>affert,</span> <span class='ocrx_word' id='word_1_250' title='bbox 409 2632 506 2728; x_wconf 93' lang='lat' dir='ltr'>quod</span> <span class='ocrx_word' id='word_1_251' title='bbox 536 2624 603 2697; x_wconf 89' lang='lat' dir='ltr'>hoc</span> <span class='ocrx_word' id='word_1_252' title='bbox 624 2623 716 2693; x_wconf 89' lang='lat' dir='ltr'>vitae</span> <span class='ocrx_word' id='word_1_253' title='bbox 739 2645 850 2711; x_wconf 87' lang='lat' dir='ltr'>genus</span> <span class='ocrx_word' id='word_1_254' title='bbox 869 2635 904 2691; x_wconf 92' lang='lat' dir='ltr'>et</span> <span class='ocrx_word' id='word_1_255' title='bbox 928 2623 1187 2690; x_wconf 89' lang='lat' dir='ltr'>sanctissimum</span> <span class='ocrx_word' id='word_1_256' title='bbox 1212 2635 1246 2692; x_wconf 92' lang='lat' dir='ltr'>et</span> 
     </span>
    </p>
   </div>
   <div class='ocr_carea' id='block_1_11' title="bbox 160 2723 1245 2812">
    <p class='ocr_par' dir='ltr' id='par_1_11' title="bbox 160 2723 1245 2812">
     <span class='ocr_line' id='line_1_39' title="bbox 160 2723 1245 2812; baseline -0.018 -2"><span class='ocrx_word' id='word_1_257' title='bbox 160 2803 165 2810; x_wconf 91' lang='lat'>.</span> <span class='ocrx_word' id='word_1_258' title='bbox 253 2735 411 2812; x_wconf 92' lang='lat' dir='ltr'>hominis</span> <span class='ocrx_word' id='word_1_259' title='bbox 427 2745 575 2802; x_wconf 89' lang='lat' dir='ltr'>naturae</span> <span class='ocrx_word' id='word_1_260' title='bbox 593 2724 985 2804; x_wconf 88' lang='lat' dir='ltr'>convenientissimum,</span> <span class='ocrx_word' id='word_1_261' title='bbox 1016 2736 1052 2793; x_wconf 91' lang='lat' dir='ltr'>et</span> <span class='ocrx_word' id='word_1_262' title='bbox 1066 2724 1158 2791; x_wconf 90' lang='lat' dir='ltr'>vitae</span> <span class='ocrx_word' id='word_1_263' title='bbox 1173 2723 1245 2792; x_wconf 92' lang='lat' dir='ltr'>uti-</span> 
     </span>
    </p>
   </div>
   <div class='ocr_carea' id='block_1_12' title="bbox 167 2821 1249 4452">
    <p class='ocr_par' dir='ltr' id='par_1_12' title="bbox 254 2821 1249 4250">
     <span class='ocr_line' id='line_1_40' title="bbox 254 2821 1246 2920; baseline -0.02 -6"><span class='ocrx_word' id='word_1_264' title='bbox 254 2841 429 2914; x_wconf 91' lang='lat' dir='ltr'>lissimum</span> <span class='ocrx_word' id='word_1_265' title='bbox 460 2855 534 2906; x_wconf 88' lang='lat' dir='ltr'>esse</span> <span class='ocrx_word' id='word_1_266' title='bbox 562 2829 688 2920; x_wconf 89' lang='lat' dir='ltr'>cogito.</span> <span class='ocrx_word' id='word_1_267' title='bbox 750 2824 840 2897; x_wconf 91' lang='lat' dir='ltr'>Cum</span> <span class='ocrx_word' id='word_1_268' title='bbox 869 2821 956 2894; x_wconf 85' lang='lat' dir='ltr'>haec</span> <span class='ocrx_word' id='word_1_269' title='bbox 983 2827 1076 2894; x_wconf 89' lang='lat' dir='ltr'>bona</span> <span class='ocrx_word' id='word_1_270' title='bbox 1107 2825 1246 2914; x_wconf 91' lang='lat' dir='ltr'>colligo,</span> 
     </span>
     <span class='ocr_line' id='line_1_41' title="bbox 254 2929 1245 3032; baseline -0.022 -16"><span class='ocrx_word' id='word_1_271' title='bbox 254 2947 330 3015; x_wconf 87' lang='lat' dir='ltr'>lero</span> <span class='ocrx_word' id='word_1_272' title='bbox 352 2939 519 3032; x_wconf 89' lang='lat' dir='ltr'>aequiore</span> <span class='ocrx_word' id='word_1_273' title='bbox 543 2932 663 3002; x_wconf 92' lang='lat' dir='ltr'>animo</span> <span class='ocrx_word' id='word_1_274' title='bbox 686 2929 930 3012; x_wconf 90' lang='lat' dir='ltr'>incommoda,</span> <span class='ocrx_word' id='word_1_275' title='bbox 957 2951 1047 3020; x_wconf 92' lang='lat' dir='ltr'>quae</span> <span class='ocrx_word' id='word_1_276' title='bbox 1072 2929 1245 2996; x_wconf 89' lang='lat' dir='ltr'>comitan-</span> 
     </span>
     <span class='ocr_line' id='line_1_42' title="bbox 255 3030 1246 3126; baseline -0.022 -7"><span class='ocrx_word' id='word_1_277' title='bbox 255 3062 315 3119; x_wconf 89' lang='lat' dir='ltr'>tur</span> <span class='ocrx_word' id='word_1_278' title='bbox 330 3039 423 3114; x_wconf 90' lang='lat' dir='ltr'>hanc</span> <span class='ocrx_word' id='word_1_279' title='bbox 437 3039 565 3120; x_wconf 87' lang='lat' dir='ltr'>vitam,</span> <span class='ocrx_word' id='word_1_280' title='bbox 589 3056 679 3126; x_wconf 92' lang='lat' dir='ltr'>quae</span> <span class='ocrx_word' id='word_1_281' title='bbox 694 3045 777 3102; x_wconf 92' lang='lat' dir='ltr'>sunt</span> <span class='ocrx_word' id='word_1_282' title='bbox 791 3030 962 3121; x_wconf 88' lang='lat' dir='ltr'>plurima;</span> <span class='ocrx_word' id='word_1_283' title='bbox 991 3054 1073 3097; x_wconf 93' lang='lat' dir='ltr'>nam</span> <span class='ocrx_word' id='word_1_284' title='bbox 1091 3031 1133 3097; x_wconf 92' lang='lat' dir='ltr'>ad</span> <span class='ocrx_word' id='word_1_285' title='bbox 1153 3031 1246 3120; x_wconf 91' lang='lat' dir='ltr'>ipsos</span> 
     </span>
     <span class='ocr_line' id='line_1_43' title="bbox 255 3135 1245 3224; baseline -0.022 -4"><span class='ocrx_word' id='word_1_286' title='bbox 255 3145 456 3220; x_wconf 90' lang='lat' dir='ltr'>studiorum</span> <span class='ocrx_word' id='word_1_287' title='bbox 480 3141 619 3208; x_wconf 87' lang='lat' dir='ltr'>labores</span> <span class='ocrx_word' id='word_1_288' title='bbox 640 3135 773 3202; x_wconf 87' lang='lat' dir='ltr'>accedit</span> <span class='ocrx_word' id='word_1_289' title='bbox 798 3145 1002 3222; x_wconf 87' lang='lat' dir='ltr'>paupertas,</span> <span class='ocrx_word' id='word_1_290' title='bbox 1034 3155 1140 3224; x_wconf 94' lang='lat' dir='ltr'>quam</span> <span class='ocrx_word' id='word_1_291' title='bbox 1165 3155 1245 3222; x_wconf 89' lang='lat' dir='ltr'>per-</span> 
     </span>
     <span class='ocr_line' id='line_1_44' title="bbox 255 3233 1245 3338; baseline -0.021 -16"><span class='ocrx_word' id='word_1_292' title='bbox 255 3253 348 3321; x_wconf 88' lang='lat' dir='ltr'>lerre</span> <span class='ocrx_word' id='word_1_293' title='bbox 379 3266 500 3338; x_wconf 91' lang='lat' dir='ltr'>posse,</span> <span class='ocrx_word' id='word_1_294' title='bbox 533 3235 741 3324; x_wconf 78' lang='lat' dir='ltr'>magnitudo</span> <span class='ocrx_word' id='word_1_295' title='bbox 767 3233 879 3302; x_wconf 91' lang='lat' dir='ltr'>animi</span> <span class='ocrx_word' id='word_1_296' title='bbox 906 3247 1054 3302; x_wconf 92' lang='lat' dir='ltr'>estnon</span> <span class='ocrx_word' id='word_1_297' title='bbox 1076 3233 1245 3322; x_wconf 90' lang='lat' dir='ltr'>vulgaris:</span> 
     </span>
     <span class='ocr_line' id='line_1_45' title="bbox 255 3336 1247 3444; baseline -0.022 -20"><span class='ocrx_word' id='word_1_298' title='bbox 255 3353 347 3424; x_wconf 92' lang='lat' dir='ltr'>adde</span> <span class='ocrx_word' id='word_1_299' title='bbox 375 3347 470 3444; x_wconf 91' lang='lat' dir='ltr'>quod</span> <span class='ocrx_word' id='word_1_300' title='bbox 502 3337 750 3432; x_wconf 89' lang='lat' dir='ltr'>superbissime</span> <span class='ocrx_word' id='word_1_301' title='bbox 773 3336 1052 3415; x_wconf 87' lang='lat' dir='ltr'>contemnimur,</span> <span class='ocrx_word' id='word_1_302' title='bbox 1086 3359 1160 3404; x_wconf 91' lang='lat' dir='ltr'>nou</span> <span class='ocrx_word' id='word_1_303' title='bbox 1183 3358 1247 3403; x_wconf 92' lang='lat' dir='ltr'>so-</span> 
     </span>
     <span class='ocr_line' id='line_1_46' title="bbox 254 3437 1244 3538; baseline -0.022 -14"><span class='ocrx_word' id='word_1_304' title='bbox 254 3455 329 3526; x_wconf 94' lang='lat' dir='ltr'>lum</span> <span class='ocrx_word' id='word_1_305' title='bbox 351 3453 397 3522; x_wconf 91' lang='lat' dir='ltr'>ab</span> <span class='ocrx_word' id='word_1_306' title='bbox 416 3442 605 3538; x_wconf 90' lang='lat' dir='ltr'>imperitis,</span> <span class='ocrx_word' id='word_1_307' title='bbox 631 3438 940 3516; x_wconf 87' lang='lat' dir='ltr'>amercatoribus,</span> <span class='ocrx_word' id='word_1_308' title='bbox 967 3437 1158 3518; x_wconf 89' lang='lat' dir='ltr'>centauris,</span> <span class='ocrx_word' id='word_1_309' title='bbox 1186 3439 1244 3504; x_wconf 87' lang='lat' dir='ltr'>sed</span> 
     </span>
     <span class='ocr_line' id='line_1_47' title="bbox 256 3539 1247 3634; baseline -0.022 -6"><span class='ocrx_word' id='word_1_310' title='bbox 256 3559 361 3628; x_wconf 92' lang='lat' dir='ltr'>etiam</span> <span class='ocrx_word' id='word_1_311' title='bbox 379 3553 424 3622; x_wconf 94' lang='lat' dir='ltr'>ab</span> <span class='ocrx_word' id='word_1_312' title='bbox 440 3549 513 3618; x_wconf 92' lang='lat' dir='ltr'>illis</span> <span class='ocrx_word' id='word_1_313' title='bbox 528 3540 709 3621; x_wconf 87' lang='lat' dir='ltr'>semideis,</span> <span class='ocrx_word' id='word_1_314' title='bbox 737 3540 798 3634; x_wconf 92' lang='lat' dir='ltr'>qui</span> <span class='ocrx_word' id='word_1_315' title='bbox 816 3553 965 3628; x_wconf 89' lang='lat' dir='ltr'>regnant</span> <span class='ocrx_word' id='word_1_316' title='bbox 980 3540 1016 3607; x_wconf 95' lang='lat' dir='ltr'>in</span> <span class='ocrx_word' id='word_1_317' title='bbox 1035 3539 1136 3625; x_wconf 90' lang='lat' dir='ltr'>aulis,</span> <span class='ocrx_word' id='word_1_318' title='bbox 1163 3562 1247 3632; x_wconf 93' lang='lat' dir='ltr'>pro-</span> 
     </span>
     <span class='ocr_line' id='line_1_48' title="bbox 256 3639 1245 3751; baseline -0.021 -21"><span class='ocrx_word' id='word_1_319' title='bbox 256 3674 334 3751; x_wconf 80' lang='lat' dir='ltr'>pter</span> <span class='ocrx_word' id='word_1_320' title='bbox 358 3653 564 3747; x_wconf 91' lang='lat' dir='ltr'>opinionem</span> <span class='ocrx_word' id='word_1_321' title='bbox 590 3644 793 3726; x_wconf 89' lang='lat' dir='ltr'>doctrinae,</span> <span class='ocrx_word' id='word_1_322' title='bbox 826 3655 889 3712; x_wconf 93' lang='lat' dir='ltr'>aut</span> <span class='ocrx_word' id='word_1_323' title='bbox 911 3642 1112 3732; x_wconf 87' lang='lat' dir='ltr'>sapientiae.</span> <span class='ocrx_word' id='word_1_324' title='bbox 1178 3639 1245 3710; x_wconf 93' lang='lat' dir='ltr'>Po-</span> 
     </span>
     <span class='ocr_line' id='line_1_49' title="bbox 256 3743 1246 3830; baseline -0.021 0"><span class='ocrx_word' id='word_1_325' title='bbox 256 3776 385 3830; x_wconf 90' lang='lat' dir='ltr'>stremo</span> <span class='ocrx_word' id='word_1_326' title='bbox 420 3777 493 3824; x_wconf 93' lang='lat' dir='ltr'>non</span> <span class='ocrx_word' id='word_1_327' title='bbox 525 3759 663 3821; x_wconf 90' lang='lat' dir='ltr'>tantum</span> <span class='ocrx_word' id='word_1_328' title='bbox 693 3745 973 3824; x_wconf 87' lang='lat' dir='ltr'>contemnimur,</span> <span class='ocrx_word' id='word_1_329' title='bbox 1005 3745 1188 3812; x_wconf 89' lang='lat' dir='ltr'>sedetiam</span> <span class='ocrx_word' id='word_1_330' title='bbox 1209 3743 1246 3810; x_wconf 95' lang='lat' dir='ltr'>in</span> 
     </span>
     <span class='ocr_line' id='line_1_50' title="bbox 256 3844 1247 3936; baseline -0.019 -4"><span class='ocrx_word' id='word_1_331' title='bbox 256 3861 341 3932; x_wconf 92' lang='lat' dir='ltr'>odio</span> <span class='ocrx_word' id='word_1_332' title='bbox 369 3878 500 3929; x_wconf 89' lang='lat' dir='ltr'>sumus.</span> <span class='ocrx_word' id='word_1_333' title='bbox 567 3847 663 3919; x_wconf 86' lang='lat' dir='ltr'>llaec</span> <span class='ocrx_word' id='word_1_334' title='bbox 693 3845 919 3915; x_wconf 88' lang='lat' dir='ltr'>incommoda</span> <span class='ocrx_word' id='word_1_335' title='bbox 948 3869 1053 3936; x_wconf 92' lang='lat' dir='ltr'>quam</span> <span class='ocrx_word' id='word_1_336' title='bbox 1079 3869 1153 3913; x_wconf 91' lang='lat' dir='ltr'>nun</span> <span class='ocrx_word' id='word_1_337' title='bbox 1176 3844 1247 3913; x_wconf 90' lang='lat' dir='ltr'>sint</span> 
     </span>
     <span class='ocr_line' id='line_1_51' title="bbox 256 3945 1249 4044; baseline -0.022 -10"><span class='ocrx_word' id='word_1_338' title='bbox 256 3963 371 4044; x_wconf 88' lang='lat' dir='ltr'>levia,</span> <span class='ocrx_word' id='word_1_339' title='bbox 394 3983 450 4030; x_wconf 90' lang='lat' dir='ltr'>res</span> <span class='ocrx_word' id='word_1_340' title='bbox 468 3951 642 4034; x_wconf 90' lang='lat' dir='ltr'>ostendit,</span> <span class='ocrx_word' id='word_1_341' title='bbox 667 3949 847 4017; x_wconf 89' lang='lat' dir='ltr'>deterrent</span> <span class='ocrx_word' id='word_1_342' title='bbox 865 3945 958 4014; x_wconf 92' lang='lat' dir='ltr'>enim</span> <span class='ocrx_word' id='word_1_343' title='bbox 978 3945 1183 4035; x_wconf 89' lang='lat' dir='ltr'>plurimosa</span> <span class='ocrx_word' id='word_1_344' title='bbox 1204 3945 1249 4013; x_wconf 92' lang='lat' dir='ltr'>li-</span> 
     </span>
     <span class='ocr_line' id='line_1_52' title="bbox 256 4041 1247 4151; baseline -0.022 -14"><span class='ocrx_word' id='word_1_345' title='bbox 256 4063 353 4138; x_wconf 92' lang='lat' dir='ltr'>teris.</span> <span class='ocrx_word' id='word_1_346' title='bbox 406 4057 481 4151; x_wconf 76' lang='lat' dir='ltr'>Ego</span> <span class='ocrx_word' id='word_1_347' title='bbox 503 4071 622 4128; x_wconf 90' lang='lat' dir='ltr'>tamen</span> <span class='ocrx_word' id='word_1_348' title='bbox 642 4075 717 4119; x_wconf 93' lang='lat' dir='ltr'>non</span> <span class='ocrx_word' id='word_1_349' title='bbox 742 4048 868 4118; x_wconf 91' lang='lat' dir='ltr'>dubito</span> <span class='ocrx_word' id='word_1_350' title='bbox 893 4072 931 4116; x_wconf 92' lang='lat' dir='ltr'>ea</span> <span class='ocrx_word' id='word_1_351' title='bbox 953 4041 1012 4115; x_wconf 91' lang='lat' dir='ltr'>hic</span> <span class='ocrx_word' id='word_1_352' title='bbox 1034 4071 1247 4117; x_wconf 89' lang='lat' dir='ltr'>commemo-</span> 
     </span>
     <span class='ocr_line' id='line_1_53' title="bbox 257 4150 1248 4250; baseline -0.021 -12"><span class='ocrx_word' id='word_1_353' title='bbox 257 4191 356 4248; x_wconf 89' lang='lat' dir='ltr'>rare,</span> <span class='ocrx_word' id='word_1_354' title='bbox 378 4178 420 4236; x_wconf 91' lang='lat' dir='ltr'>ut</span> <span class='ocrx_word' id='word_1_355' title='bbox 439 4157 598 4250; x_wconf 88' lang='lat' dir='ltr'>cogitetis</span> <span class='ocrx_word' id='word_1_356' title='bbox 614 4152 861 4224; x_wconf 79' lang='lat' dir='ltr'>tortitudinem</span> <span class='ocrx_word' id='word_1_357' title='bbox 876 4151 1054 4244; x_wconf 88' lang='lat' dir='ltr'>quandam</span> <span class='ocrx_word' id='word_1_358' title='bbox 1072 4173 1164 4234; x_wconf 90' lang='lat' dir='ltr'>esse,</span> <span class='ocrx_word' id='word_1_359' title='bbox 1191 4150 1248 4218; x_wconf 91' lang='lat' dir='ltr'>in-</span> 
     </span>
    </p>

    <p class='ocr_par' dir='ltr' id='par_1_13' title="bbox 167 4250 1248 4452">
     <span class='ocr_line' id='line_1_54' title="bbox 256 4250 1248 4341; baseline -0.021 0"><span class='ocrx_word' id='word_1_360' title='bbox 256 4285 312 4341; x_wconf 92' lang='lat' dir='ltr'>ter</span> <span class='ocrx_word' id='word_1_361' title='bbox 333 4263 398 4338; x_wconf 90' lang='lat' dir='ltr'>has</span> <span class='ocrx_word' id='word_1_362' title='bbox 423 4259 648 4334; x_wconf 84' lang='lat' dir='ltr'>difficultates</span> <span class='ocrx_word' id='word_1_363' title='bbox 670 4279 745 4324; x_wconf 93' lang='lat' dir='ltr'>non</span> <span class='ocrx_word' id='word_1_364' title='bbox 766 4252 914 4322; x_wconf 91' lang='lat' dir='ltr'>abiicere</span> <span class='ocrx_word' id='word_1_365' title='bbox 938 4250 1074 4338; x_wconf 91' lang='lat' dir='ltr'>literas;</span> <span class='ocrx_word' id='word_1_366' title='bbox 1118 4252 1248 4322; x_wconf 87' lang='lat' dir='ltr'>deinde</span> 
     </span>
     <span class='ocr_line' id='line_1_55' title="bbox 167 4349 1248 4452; baseline -0.021 -6"><span class='ocrx_word' id='word_1_367' title='bbox 167 4349 172 4354; x_wconf 24' lang='grc' dir='ltr'>Ι</span> <span class='ocrx_word' id='word_1_368' title='bbox 256 4371 429 4452; x_wconf 92' lang='lat' dir='ltr'>monebo,</span> <span class='ocrx_word' id='word_1_369' title='bbox 459 4357 576 4435; x_wconf 86' lang='lat' dir='ltr'>uthis</span> <span class='ocrx_word' id='word_1_370' title='bbox 597 4357 700 4427; x_wconf 90' lang='lat' dir='ltr'>malis</span> <span class='ocrx_word' id='word_1_371' title='bbox 721 4351 909 4446; x_wconf 89' lang='lat' dir='ltr'>opponatis</span> <span class='ocrx_word' id='word_1_372' title='bbox 930 4377 1012 4424; x_wconf 90' lang='lat' dir='ltr'>vera</span> <span class='ocrx_word' id='word_1_373' title='bbox 1036 4368 1070 4424; x_wconf 95' lang='lat' dir='ltr'>et</span> <span class='ocrx_word' id='word_1_374' title='bbox 1094 4379 1168 4424; x_wconf 90' lang='lat' dir='ltr'>non</span> <span class='ocrx_word' id='word_1_375' title='bbox 1191 4354 1248 4424; x_wconf 86' lang='lat' dir='ltr'>lu-</span> 
     </span>
    </p>
   </div>
   <div class='ocr_carea' id='block_1_13' title="bbox 257 4453 931 4558">
    <p class='ocr_par' dir='ltr' id='par_1_14' title="bbox 257 4453 931 4558">
     <span class='ocr_line' id='line_1_56' title="bbox 257 4453 931 4558; baseline -0.03 -12"><span class='ocrx_word' id='word_1_376' title='bbox 257 4488 333 4552; x_wconf 86' lang='lat' dir='ltr'>cata</span> <span class='ocrx_word' id='word_1_377' title='bbox 351 4467 458 4558; x_wconf 88' lang='lat' dir='ltr'>huius</span> <span class='ocrx_word' id='word_1_378' title='bbox 476 4468 569 4535; x_wconf 89' lang='lat' dir='ltr'>vitae</span> <span class='ocrx_word' id='word_1_379' title='bbox 584 4453 809 4532; x_wconf 85' lang='lat' dir='ltr'>scholasticae</span> <span class='ocrx_word' id='word_1_380' title='bbox 826 4457 931 4526; x_wconf 92' lang='lat' dir='ltr'>bona.</span> 
     </span>
    </p>
   </div>
   <div class='ocr_carea' id='block_1_14' title="bbox 259 4601 1249 4916">
    <p class='ocr_par' dir='ltr' id='par_1_15' title="bbox 259 4601 1249 4916">
     <span class='ocr_line' id='line_1_57' title="bbox 323 4601 1249 4705; baseline -0.025 -9"><span class='ocrx_word' id='word_1_381' title='bbox 323 4671 329 4686; x_wconf 86' lang='lat'>·</span> <span class='ocrx_word' id='word_1_382' title='bbox 359 4620 469 4696; x_wconf 88' lang='lat' dir='ltr'>Initio</span> <span class='ocrx_word' id='word_1_383' title='bbox 493 4628 611 4687; x_wconf 89' lang='lat' dir='ltr'>autem</span> <span class='ocrx_word' id='word_1_384' title='bbox 635 4608 786 4705; x_wconf 83' lang='lat' dir='ltr'>praefari</span> <span class='ocrx_word' id='word_1_385' title='bbox 808 4608 913 4691; x_wconf 87' lang='lat' dir='ltr'>volo,</span> <span class='ocrx_word' id='word_1_386' title='bbox 940 4629 996 4675; x_wconf 93' lang='lat' dir='ltr'>me</span> <span class='ocrx_word' id='word_1_387' title='bbox 1020 4601 1112 4675; x_wconf 92' lang='lat' dir='ltr'>nibil</span> <span class='ocrx_word' id='word_1_388' title='bbox 1129 4607 1173 4675; x_wconf 90' lang='lat' dir='ltr'>de</span> <span class='ocrx_word' id='word_1_389' title='bbox 1192 4605 1249 4676; x_wconf 90' lang='lat' dir='ltr'>di-</span> 
     </span>
     <span class='ocr_line' id='line_1_58' title="bbox 260 4703 1247 4822; baseline -0.024 -23"><span class='ocrx_word' id='word_1_390' title='bbox 260 4728 392 4822; x_wconf 83' lang='lat' dir='ltr'>gnitate</span> <span class='ocrx_word' id='word_1_391' title='bbox 416 4722 623 4811; x_wconf 88' lang='lat' dir='ltr'>cuiusquam</span> <span class='ocrx_word' id='word_1_392' title='bbox 649 4710 787 4784; x_wconf 88' lang='lat' dir='ltr'>ordinis</span> <span class='ocrx_word' id='word_1_393' title='bbox 808 4703 1006 4781; x_wconf 89' lang='lat' dir='ltr'>detrahere.</span> <span class='ocrx_word' id='word_1_394' title='bbox 1058 4706 1247 4777; x_wconf 88' lang='lat' dir='ltr'>Noudele-</span> 
     </span>
     <span class='ocr_line' id='line_1_59' title="bbox 259 4805 1248 4916; baseline -0.024 -12"><span class='ocrx_word' id='word_1_395' title='bbox 259 4847 337 4904; x_wconf 91' lang='lat' dir='ltr'>ctor</span> <span class='ocrx_word' id='word_1_396' title='bbox 373 4827 435 4897; x_wconf 92' lang='lat' dir='ltr'>illa</span> <span class='ocrx_word' id='word_1_397' title='bbox 472 4819 605 4916; x_wconf 90' lang='lat' dir='ltr'>Cynica</span> <span class='ocrx_word' id='word_1_398' title='bbox 643 4805 898 4904; x_wconf 88' lang='lat' dir='ltr'>Philosophia,</span> <span class='ocrx_word' id='word_1_399' title='bbox 947 4833 1037 4905; x_wconf 91' lang='lat' dir='ltr'>quae</span> <span class='ocrx_word' id='word_1_400' title='bbox 1074 4808 1248 4902; x_wconf 88' lang='lat' dir='ltr'>vituperat</span> 
     </span>
    </p>
   </div>
   <div class='ocr_carea' id='block_1_15' title="bbox 1297 1888 2276 2676">
    <p class='ocr_par' dir='ltr' id='par_1_16' title="bbox 1297 1888 2276 2676">
     <span class='ocr_line' id='line_1_60' title="bbox 1297 1888 2276 1986; baseline -0.002 -24"><span class='ocrx_word' id='word_1_401' title='bbox 1297 1892 1448 1962; x_wconf 92' lang='lat' dir='ltr'>ociosam</span> <span class='ocrx_word' id='word_1_402' title='bbox 1471 1892 1600 1976; x_wconf 91' lang='lat' dir='ltr'>vitam,</span> <span class='ocrx_word' id='word_1_403' title='bbox 1632 1907 1737 1986; x_wconf 90' lang='lat' dir='ltr'>atque</span> <span class='ocrx_word' id='word_1_404' title='bbox 1765 1893 1848 1961; x_wconf 94' lang='lat' dir='ltr'>inde</span> <span class='ocrx_word' id='word_1_405' title='bbox 1869 1888 2113 1964; x_wconf 90' lang='lat' dir='ltr'>scholasticam</span> <span class='ocrx_word' id='word_1_406' title='bbox 2136 1893 2276 1985; x_wconf 91' lang='lat' dir='ltr'>appella-</span> 
     </span>
     <span class='ocr_line' id='line_1_61' title="bbox 1297 1990 2275 2086; baseline 0 -23"><span class='ocrx_word' id='word_1_407' title='bbox 1297 2008 1397 2080; x_wconf 91' lang='lat' dir='ltr'>runt;</span> <span class='ocrx_word' id='word_1_408' title='bbox 1432 1993 1554 2064; x_wconf 93' lang='lat' dir='ltr'>Latini</span> <span class='ocrx_word' id='word_1_409' title='bbox 1580 2007 1836 2086; x_wconf 87' lang='lat' dir='ltr'>nuncuparunt</span> <span class='ocrx_word' id='word_1_410' title='bbox 1866 1995 1971 2066; x_wconf 92' lang='lat' dir='ltr'>ludos</span> <span class='ocrx_word' id='word_1_411' title='bbox 2000 1990 2065 2065; x_wconf 92' lang='lat' dir='ltr'>hos</span> <span class='ocrx_word' id='word_1_412' title='bbox 2095 2009 2275 2066; x_wconf 87' lang='lat' dir='ltr'>conventus</span> 
     </span>
     <span class='ocr_line' id='line_1_62' title="bbox 1297 2093 2276 2186; baseline -0.002 -21"><span class='ocrx_word' id='word_1_413' title='bbox 1297 2095 1519 2170; x_wconf 84' lang='lat' dir='ltr'>discentium.</span> <span class='ocrx_word' id='word_1_414' title='bbox 1573 2093 1671 2184; x_wconf 90' lang='lat' dir='ltr'>Quid</span> <span class='ocrx_word' id='word_1_415' title='bbox 1686 2110 1803 2166; x_wconf 90' lang='lat' dir='ltr'>autem</span> <span class='ocrx_word' id='word_1_416' title='bbox 1821 2097 2005 2186; x_wconf 90' lang='lat' dir='ltr'>dignitatis</span> <span class='ocrx_word' id='word_1_417' title='bbox 2019 2097 2056 2165; x_wconf 94' lang='lat' dir='ltr'>in</span> <span class='ocrx_word' id='word_1_418' title='bbox 2074 2100 2192 2167; x_wconf 90' lang='lat' dir='ltr'>ociosa</span> <span class='ocrx_word' id='word_1_419' title='bbox 2206 2096 2276 2179; x_wconf 89' lang='lat' dir='ltr'>vita,</span> 
     </span>
     <span class='ocr_line' id='line_1_63' title="bbox 1297 2194 2275 2292; baseline -0.002 -24"><span class='ocrx_word' id='word_1_420' title='bbox 1297 2213 1356 2270; x_wconf 92' lang='lat' dir='ltr'>aut</span> <span class='ocrx_word' id='word_1_421' title='bbox 1379 2199 1417 2267; x_wconf 93' lang='lat' dir='ltr'>in</span> <span class='ocrx_word' id='word_1_422' title='bbox 1440 2198 1535 2286; x_wconf 84' lang='lat' dir='ltr'>ludis</span> <span class='ocrx_word' id='word_1_423' title='bbox 1558 2221 1629 2267; x_wconf 91' lang='lat' dir='ltr'>esse</span> <span class='ocrx_word' id='word_1_424' title='bbox 1653 2199 1789 2289; x_wconf 83' lang='lat' dir='ltr'>potest?</span> <span class='ocrx_word' id='word_1_425' title='bbox 1840 2195 1894 2268; x_wconf 91' lang='lat' dir='ltr'>De</span> <span class='ocrx_word' id='word_1_426' title='bbox 1918 2194 1972 2268; x_wconf 90' lang='lat' dir='ltr'>his</span> <span class='ocrx_word' id='word_1_427' title='bbox 1991 2198 2275 2292; x_wconf 87' lang='lat' dir='ltr'>appellationibus</span> 
     </span>
     <span class='ocr_line' id='line_1_64' title="bbox 1298 2299 2275 2392; baseline 0 -24"><span class='ocrx_word' id='word_1_428' title='bbox 1298 2313 1415 2392; x_wconf 91' lang='lat' dir='ltr'>postea</span> <span class='ocrx_word' id='word_1_429' title='bbox 1438 2299 1563 2369; x_wconf 89' lang='lat' dir='ltr'>dicam.</span> <span class='ocrx_word' id='word_1_430' title='bbox 1617 2299 1722 2370; x_wconf 91' lang='lat' dir='ltr'>Prius</span> <span class='ocrx_word' id='word_1_431' title='bbox 1746 2301 1840 2371; x_wconf 86' lang='lat' dir='ltr'>eninr</span> <span class='ocrx_word' id='word_1_432' title='bbox 1865 2301 2067 2386; x_wconf 91' lang='lat' dir='ltr'>ostendam,</span> <span class='ocrx_word' id='word_1_433' title='bbox 2099 2301 2275 2369; x_wconf 90' lang='lat' dir='ltr'>minimum</span> 
     </span>
     <span class='ocr_line' id='line_1_65' title="bbox 1297 2396 2274 2474; baseline -0.001 -4"><span class='ocrx_word' id='word_1_434' title='bbox 1297 2425 1368 2470; x_wconf 90' lang='lat' dir='ltr'>esse</span> <span class='ocrx_word' id='word_1_435' title='bbox 1397 2402 1468 2471; x_wconf 91' lang='lat' dir='ltr'>ocii</span> <span class='ocrx_word' id='word_1_436' title='bbox 1498 2401 1536 2470; x_wconf 92' lang='lat' dir='ltr'>in</span> <span class='ocrx_word' id='word_1_437' title='bbox 1566 2396 1630 2469; x_wconf 92' lang='lat' dir='ltr'>bac</span> <span class='ocrx_word' id='word_1_438' title='bbox 1656 2417 1774 2472; x_wconf 90' lang='lat' dir='ltr'>nostra</span> <span class='ocrx_word' id='word_1_439' title='bbox 1795 2403 1941 2472; x_wconf 92' lang='lat' dir='ltr'>militia:</span> <span class='ocrx_word' id='word_1_440' title='bbox 1976 2427 2041 2472; x_wconf 90' lang='lat' dir='ltr'>nee</span> <span class='ocrx_word' id='word_1_441' title='bbox 2065 2403 2189 2474; x_wconf 93' lang='lat' dir='ltr'>ludum</span> <span class='ocrx_word' id='word_1_442' title='bbox 2212 2425 2274 2471; x_wconf 90' lang='lat' dir='ltr'>esse</span> 
     </span>
     <span class='ocr_line' id='line_1_66' title="bbox 1297 2499 2273 2600; baseline -0.001 -29"><span class='ocrx_word' id='word_1_443' title='bbox 1297 2499 1381 2572; x_wconf 90' lang='lat' dir='ltr'>baec</span> <span class='ocrx_word' id='word_1_444' title='bbox 1410 2503 1526 2574; x_wconf 89' lang='lat' dir='ltr'>studia</span> <span class='ocrx_word' id='word_1_445' title='bbox 1549 2503 1752 2589; x_wconf 91' lang='lat' dir='ltr'>literarum,</span> <span class='ocrx_word' id='word_1_446' title='bbox 1785 2507 1844 2574; x_wconf 91' lang='lat' dir='ltr'>sed</span> <span class='ocrx_word' id='word_1_447' title='bbox 1868 2505 1993 2575; x_wconf 89' lang='lat' dir='ltr'>seriam</span> <span class='ocrx_word' id='word_1_448' title='bbox 2018 2505 2273 2600; x_wconf 90' lang='lat' dir='ltr'>inquisitionem</span> 
     </span>
     <span class='ocr_line' id='line_1_67' title="bbox 1297 2629 1676 2676; baseline -0.003 -3"><span class='ocrx_word' id='word_1_449' title='bbox 1297 2629 1528 2676; x_wconf 77' lang='lat' dir='ltr'>maximarum</span> <span class='ocrx_word' id='word_1_450' title='bbox 1546 2629 1676 2676; x_wconf 87' lang='lat' dir='ltr'>rerum.</span> 
     </span>
    </p>
   </div>
   <div class='ocr_carea' id='block_1_16' title="bbox 1297 2735 2321 4772">
    <p class='ocr_par' dir='ltr' id='par_1_17' title="bbox 1297 2735 2321 4772">
     <span class='ocr_line' id='line_1_68' title="bbox 1395 2735 2321 2834; baseline -0.002 -24"><span class='ocrx_word' id='word_1_451' title='bbox 1395 2737 1496 2810; x_wconf 92' lang='lat' dir='ltr'>Duae</span> <span class='ocrx_word' id='word_1_452' title='bbox 1517 2764 1573 2810; x_wconf 89' lang='lat' dir='ltr'>ces</span> <span class='ocrx_word' id='word_1_453' title='bbox 1595 2754 1696 2822; x_wconf 91' lang='lat' dir='ltr'>sunt,</span> <span class='ocrx_word' id='word_1_454' title='bbox 1723 2740 1853 2834; x_wconf 92' lang='lat' dir='ltr'>quibus</span> <span class='ocrx_word' id='word_1_455' title='bbox 1877 2735 1971 2810; x_wconf 91' lang='lat' dir='ltr'>nihil</span> <span class='ocrx_word' id='word_1_456' title='bbox 1986 2741 2116 2812; x_wconf 89' lang='lat' dir='ltr'>melius</span> <span class='ocrx_word' id='word_1_457' title='bbox 2131 2765 2170 2812; x_wconf 93' lang='lat' dir='ltr'>ac</span> <span class='ocrx_word' id='word_1_458' title='bbox 2191 2739 2272 2810; x_wconf 87' lang='lat' dir='ltr'>divi·</span> <span class='ocrx_word' id='word_1_459' title='bbox 2320 2817 2321 2830; x_wconf 42' lang='lat'>,</span> 
     </span>
     <span class='ocr_line' id='line_1_69' title="bbox 1297 2837 2321 2926; baseline 0.002 -16"><span class='ocrx_word' id='word_1_460' title='bbox 1297 2843 1377 2912; x_wconf 89' lang='lat' dir='ltr'>nius</span> <span class='ocrx_word' id='word_1_461' title='bbox 1403 2837 1511 2912; x_wconf 90' lang='lat' dir='ltr'>babet</span> <span class='ocrx_word' id='word_1_462' title='bbox 1543 2838 1698 2914; x_wconf 92' lang='lat' dir='ltr'>humana</span> <span class='ocrx_word' id='word_1_463' title='bbox 1729 2857 1876 2926; x_wconf 89' lang='lat' dir='ltr'>natura,</span> <span class='ocrx_word' id='word_1_464' title='bbox 1910 2843 2073 2914; x_wconf 88' lang='lat' dir='ltr'>videlicet</span> <span class='ocrx_word' id='word_1_465' title='bbox 2105 2844 2228 2914; x_wconf 90' lang='lat' dir='ltr'>veritas</span> <span class='ocrx_word' id='word_1_466' title='bbox 2245 2855 2274 2912; x_wconf 90' lang='lat' dir='ltr'>et</span> <span class='ocrx_word' id='word_1_467' title='bbox 2320 2849 2321 2888; x_wconf 69' lang='lat'>³</span> 
     </span>
     <span class='ocr_line' id='line_1_70' title="bbox 1298 2943 2273 3038; baseline 0.001 -26"><span class='ocrx_word' id='word_1_468' title='bbox 1298 2945 1441 3017; x_wconf 88' lang='lat' dir='ltr'>iustitia.</span> <span class='ocrx_word' id='word_1_469' title='bbox 1492 2943 1630 3015; x_wconf 90' lang='lat' dir='ltr'>Harum</span> <span class='ocrx_word' id='word_1_470' title='bbox 1650 2943 1835 3038; x_wconf 90' lang='lat' dir='ltr'>inquisitio</span> <span class='ocrx_word' id='word_1_471' title='bbox 1853 2959 1886 3015; x_wconf 89' lang='lat' dir='ltr'>et</span> <span class='ocrx_word' id='word_1_472' title='bbox 1902 2945 2090 3036; x_wconf 79' lang='lat' dir='ltr'>explicatio</span> <span class='ocrx_word' id='word_1_473' title='bbox 2107 2967 2273 3016; x_wconf 91' lang='lat' dir='ltr'>commen·</span> 
     </span>
     <span class='ocr_line' id='line_1_71' title="bbox 1297 3042 2274 3130; baseline -0.002 -14"><span class='ocrx_word' id='word_1_474' title='bbox 1297 3049 1375 3116; x_wconf 91' lang='lat' dir='ltr'>data</span> <span class='ocrx_word' id='word_1_475' title='bbox 1399 3060 1449 3116; x_wconf 90' lang='lat' dir='ltr'>est</span> <span class='ocrx_word' id='word_1_476' title='bbox 1473 3042 1615 3121; x_wconf 89' lang='lat' dir='ltr'>scholis.</span> <span class='ocrx_word' id='word_1_477' title='bbox 1667 3043 1739 3116; x_wconf 88' lang='lat' dir='ltr'>Nec</span> <span class='ocrx_word' id='word_1_478' title='bbox 1754 3071 1836 3116; x_wconf 91' lang='lat' dir='ltr'>vero</span> <span class='ocrx_word' id='word_1_479' title='bbox 1854 3047 2045 3118; x_wconf 90' lang='lat' dir='ltr'>obscurum</span> <span class='ocrx_word' id='word_1_480' title='bbox 2062 3063 2134 3130; x_wconf 88' lang='lat' dir='ltr'>est,</span> <span class='ocrx_word' id='word_1_481' title='bbox 2160 3047 2274 3115; x_wconf 90' lang='lat' dir='ltr'>verita-</span> 
     </span>
     <span class='ocr_line' id='line_1_72' title="bbox 1298 3147 2320 3238; baseline -0.002 -20"><span class='ocrx_word' id='word_1_482' title='bbox 1298 3150 1341 3218; x_wconf 91' lang='lat' dir='ltr'>tis</span> <span class='ocrx_word' id='word_1_483' title='bbox 1371 3163 1406 3218; x_wconf 87' lang='lat' dir='ltr'>et</span> <span class='ocrx_word' id='word_1_484' title='bbox 1434 3148 1589 3218; x_wconf 90' lang='lat' dir='ltr'>iustitiae</span> <span class='ocrx_word' id='word_1_485' title='bbox 1612 3147 1854 3238; x_wconf 88' lang='lat' dir='ltr'>cognitionem</span> <span class='ocrx_word' id='word_1_486' title='bbox 1881 3149 2030 3220; x_wconf 85' lang='lat' dir='ltr'>maxime</span> <span class='ocrx_word' id='word_1_487' title='bbox 2056 3149 2272 3220; x_wconf 87' lang='lat' dir='ltr'>necessariam</span> <span class='ocrx_word' id='word_1_488' title='bbox 2319 3147 2320 3216; x_wconf 74' lang='lat'><em>3</em></span> 
     </span>
     <span class='ocr_line' id='line_1_73' title="bbox 1298 3248 2272 3322; baseline -0.003 -3"><span class='ocrx_word' id='word_1_489' title='bbox 1298 3274 1369 3319; x_wconf 89' lang='lat' dir='ltr'>esse</span> <span class='ocrx_word' id='word_1_490' title='bbox 1384 3251 1427 3320; x_wconf 90' lang='lat' dir='ltr'>ad</span> <span class='ocrx_word' id='word_1_491' title='bbox 1443 3251 1533 3319; x_wconf 88' lang='lat' dir='ltr'>bene</span> <span class='ocrx_word' id='word_1_492' title='bbox 1547 3251 1740 3320; x_wconf 87' lang='lat' dir='ltr'>vivendum</span> <span class='ocrx_word' id='word_1_493' title='bbox 1757 3264 1792 3321; x_wconf 90' lang='lat' dir='ltr'>et</span> <span class='ocrx_word' id='word_1_494' title='bbox 1806 3251 1977 3322; x_wconf 90' lang='lat' dir='ltr'>utilitates</span> <span class='ocrx_word' id='word_1_495' title='bbox 1991 3252 2034 3319; x_wconf 90' lang='lat' dir='ltr'>ad</span> <span class='ocrx_word' id='word_1_496' title='bbox 2051 3251 2160 3322; x_wconf 88' lang='lat' dir='ltr'>vitam</span> <span class='ocrx_word' id='word_1_497' title='bbox 2175 3248 2272 3320; x_wconf 80' lang='lat' dir='ltr'>urari-</span> 
     </span>
     <span class='ocr_line' id='line_1_74' title="bbox 1299 3351 2311 3444; baseline -0.002 -24"><span class='ocrx_word' id='word_1_498' title='bbox 1299 3372 1370 3420; x_wconf 89' lang='lat' dir='ltr'>mas</span> <span class='ocrx_word' id='word_1_499' title='bbox 1398 3351 1516 3423; x_wconf 85' lang='lat' dir='ltr'>affere.</span> <span class='ocrx_word' id='word_1_500' title='bbox 1579 3351 1662 3422; x_wconf 91' lang='lat' dir='ltr'>Non</span> <span class='ocrx_word' id='word_1_501' title='bbox 1690 3353 1785 3423; x_wconf 89' lang='lat' dir='ltr'>enim</span> <span class='ocrx_word' id='word_1_502' title='bbox 1811 3352 1886 3422; x_wconf 90' lang='lat' dir='ltr'>sine</span> <span class='ocrx_word' id='word_1_503' title='bbox 1909 3353 2072 3424; x_wconf 92' lang='lat' dir='ltr'>doctrina</span> <span class='ocrx_word' id='word_1_504' title='bbox 2096 3353 2271 3444; x_wconf 89' lang='lat' dir='ltr'>religiones</span> <span class='ocrx_word' id='word_1_505' title='bbox 2308 3379 2311 3388; x_wconf 51' lang='lat'>¹</span> 
     </span>
     <span class='ocr_line' id='line_1_75' title="bbox 1297 3453 2319 3546; baseline -0.003 -24"><span class='ocrx_word' id='word_1_506' title='bbox 1297 3453 1376 3538; x_wconf 89' lang='lat' dir='ltr'>coli,</span> <span class='ocrx_word' id='word_1_507' title='bbox 1397 3478 1471 3534; x_wconf 84' lang='lat' dir='ltr'>non</span> <span class='ocrx_word' id='word_1_508' title='bbox 1486 3455 1577 3544; x_wconf 89' lang='lat' dir='ltr'>leges</span> <span class='ocrx_word' id='word_1_509' title='bbox 1593 3454 1699 3524; x_wconf 91' lang='lat' dir='ltr'>condi</span> <span class='ocrx_word' id='word_1_510' title='bbox 1714 3468 1777 3526; x_wconf 92' lang='lat' dir='ltr'>aut</span> <span class='ocrx_word' id='word_1_511' title='bbox 1789 3454 1933 3526; x_wconf 90' lang='lat' dir='ltr'>retineri</span> <span class='ocrx_word' id='word_1_512' title='bbox 1949 3469 2109 3546; x_wconf 86' lang='lat' dir='ltr'>possunt.</span> <span class='ocrx_word' id='word_1_513' title='bbox 2144 3454 2272 3545; x_wconf 88' lang='lat' dir='ltr'>Quanto</span> <span class='ocrx_word' id='word_1_514' title='bbox 2318 3537 2319 3542; x_wconf 8' lang='grc' dir='ltr'>ἵ</span> 
     </span>
     <span class='ocr_line' id='line_1_76' title="bbox 1298 3556 2272 3647; baseline -0.004 -22"><span class='ocrx_word' id='word_1_515' title='bbox 1298 3557 1472 3647; x_wconf 88' lang='lat' dir='ltr'>praesidio</span> <span class='ocrx_word' id='word_1_516' title='bbox 1495 3558 1658 3628; x_wconf 91' lang='lat' dir='ltr'>destituta</span> <span class='ocrx_word' id='word_1_517' title='bbox 1686 3571 1774 3628; x_wconf 89' lang='lat' dir='ltr'>esset</span> <span class='ocrx_word' id='word_1_518' title='bbox 1795 3556 1886 3642; x_wconf 89' lang='lat' dir='ltr'>vita,</span> <span class='ocrx_word' id='word_1_519' title='bbox 1911 3557 1938 3625; x_wconf 91' lang='lat' dir='ltr'>si</span> <span class='ocrx_word' id='word_1_520' title='bbox 1953 3556 2166 3628; x_wconf 90' lang='lat' dir='ltr'>medicinam</span> <span class='ocrx_word' id='word_1_521' title='bbox 2181 3577 2272 3625; x_wconf 89' lang='lat' dir='ltr'>nemo</span> 
     </span>
     <span class='ocr_line' id='line_1_77' title="bbox 1298 3657 2271 3746; baseline 0.001 -24"><span class='ocrx_word' id='word_1_522' title='bbox 1298 3659 1445 3729; x_wconf 84' lang='lat' dir='ltr'>disceret</span> <span class='ocrx_word' id='word_1_523' title='bbox 1462 3673 1523 3728; x_wconf 88' lang='lat' dir='ltr'>aut</span> <span class='ocrx_word' id='word_1_524' title='bbox 1539 3662 1706 3727; x_wconf 87' lang='lat' dir='ltr'>doceret?</span> <span class='ocrx_word' id='word_1_525' title='bbox 1760 3657 1914 3746; x_wconf 88' lang='lat' dir='ltr'>Quantis</span> <span class='ocrx_word' id='word_1_526' title='bbox 1929 3660 2148 3730; x_wconf 91' lang='lat' dir='ltr'>ornamentis</span> <span class='ocrx_word' id='word_1_527' title='bbox 2162 3679 2271 3728; x_wconf 82' lang='lat' dir='ltr'>caren-</span> 
     </span>
     <span class='ocr_line' id='line_1_78' title="bbox 1297 3755 2273 3847; baseline 0 -23"><span class='ocrx_word' id='word_1_528' title='bbox 1297 3763 1381 3828; x_wconf 89' lang='lat' dir='ltr'>dum</span> <span class='ocrx_word' id='word_1_529' title='bbox 1405 3773 1515 3844; x_wconf 90' lang='lat' dir='ltr'>esset,</span> <span class='ocrx_word' id='word_1_530' title='bbox 1540 3760 1569 3828; x_wconf 93' lang='lat' dir='ltr'>si</span> <span class='ocrx_word' id='word_1_531' title='bbox 1591 3783 1695 3828; x_wconf 87' lang='lat' dir='ltr'>nemo</span> <span class='ocrx_word' id='word_1_532' title='bbox 1712 3759 1861 3829; x_wconf 89' lang='lat' dir='ltr'>disceret</span> <span class='ocrx_word' id='word_1_533' title='bbox 1879 3755 2118 3847; x_wconf 89' lang='lat' dir='ltr'>Mathemata,</span> <span class='ocrx_word' id='word_1_534' title='bbox 2143 3761 2173 3831; x_wconf 93' lang='lat' dir='ltr'>si</span> <span class='ocrx_word' id='word_1_535' title='bbox 2188 3757 2273 3828; x_wconf 92' lang='lat' dir='ltr'>nulla</span> 
     </span>
     <span class='ocr_line' id='line_1_79' title="bbox 1299 3861 2273 3951; baseline -0.005 -20"><span class='ocrx_word' id='word_1_536' title='bbox 1299 3876 1495 3951; x_wconf 90' lang='lat' dir='ltr'>temporum</span> <span class='ocrx_word' id='word_1_537' title='bbox 1527 3861 1732 3932; x_wconf 88' lang='lat' dir='ltr'>discrimina</span> <span class='ocrx_word' id='word_1_538' title='bbox 1763 3874 1989 3945; x_wconf 90' lang='lat' dir='ltr'>tenerentur,</span> <span class='ocrx_word' id='word_1_539' title='bbox 2022 3863 2051 3932; x_wconf 90' lang='lat' dir='ltr'>si</span> <span class='ocrx_word' id='word_1_540' title='bbox 2074 3886 2132 3932; x_wconf 88' lang='lat' dir='ltr'>res</span> <span class='ocrx_word' id='word_1_541' title='bbox 2153 3877 2273 3932; x_wconf 85' lang='lat' dir='ltr'>veteres</span> 
     </span>
     <span class='ocr_line' id='line_1_80' title="bbox 1299 3957 2273 4052; baseline -0.003 -19"><span class='ocrx_word' id='word_1_542' title='bbox 1299 3977 1332 4033; x_wconf 74' lang='lat' dir='ltr'>et</span> <span class='ocrx_word' id='word_1_543' title='bbox 1347 3957 1516 4032; x_wconf 90' lang='lat' dir='ltr'>historiae</span> <span class='ocrx_word' id='word_1_544' title='bbox 1532 3965 1719 4034; x_wconf 88' lang='lat' dir='ltr'>mandatae</span> <span class='ocrx_word' id='word_1_545' title='bbox 1734 3963 1847 4034; x_wconf 88' lang='lat' dir='ltr'>literis</span> <span class='ocrx_word' id='word_1_546' title='bbox 1865 3964 2006 4052; x_wconf 90' lang='lat' dir='ltr'>ignotae</span> <span class='ocrx_word' id='word_1_547' title='bbox 2020 3965 2160 4036; x_wconf 84' lang='lat' dir='ltr'>essent?</span> <span class='ocrx_word' id='word_1_548' title='bbox 2207 3959 2273 4031; x_wconf 90' lang='lat' dir='ltr'>Ho-</span> 
     </span>
     <span class='ocr_line' id='line_1_81' title="bbox 1300 4059 2271 4158; baseline -0.006 -25"><span class='ocrx_word' id='word_1_549' title='bbox 1300 4089 1376 4134; x_wconf 94' lang='lat' dir='ltr'>rum</span> <span class='ocrx_word' id='word_1_550' title='bbox 1400 4066 1668 4134; x_wconf 90' lang='lat' dir='ltr'>commodorum</span> <span class='ocrx_word' id='word_1_551' title='bbox 1691 4066 1899 4155; x_wconf 90' lang='lat' dir='ltr'>magnitudo</span> <span class='ocrx_word' id='word_1_552' title='bbox 1919 4066 2020 4136; x_wconf 87' lang='lat' dir='ltr'>vobis</span> <span class='ocrx_word' id='word_1_553' title='bbox 2036 4067 2196 4158; x_wconf 89' lang='lat' dir='ltr'>quidem,</span> <span class='ocrx_word' id='word_1_554' title='bbox 2219 4059 2271 4156; x_wconf 92' lang='lat' dir='ltr'>qui</span> 
     </span>
     <span class='ocr_line' id='line_1_82' title="bbox 1300 4161 2273 4258; baseline -0.005 -25"><span class='ocrx_word' id='word_1_555' title='bbox 1300 4169 1336 4234; x_wconf 88' lang='lat' dir='ltr'>in</span> <span class='ocrx_word' id='word_1_556' title='bbox 1358 4161 1414 4234; x_wconf 90' lang='lat' dir='ltr'>his</span> <span class='ocrx_word' id='word_1_557' title='bbox 1436 4168 1562 4237; x_wconf 89' lang='lat' dir='ltr'>studiis</span> <span class='ocrx_word' id='word_1_558' title='bbox 1585 4168 1797 4250; x_wconf 90' lang='lat' dir='ltr'>versamini,</span> <span class='ocrx_word' id='word_1_559' title='bbox 1824 4181 1909 4238; x_wconf 90' lang='lat' dir='ltr'>nota</span> <span class='ocrx_word' id='word_1_560' title='bbox 1932 4182 1995 4239; x_wconf 89' lang='lat' dir='ltr'>est.</span> <span class='ocrx_word' id='word_1_561' title='bbox 2049 4165 2169 4258; x_wconf 90' lang='lat' dir='ltr'>Quare</span> <span class='ocrx_word' id='word_1_562' title='bbox 2185 4163 2273 4236; x_wconf 79' lang='lat' dir='ltr'>facile</span> 
     </span>
     <span class='ocr_line' id='line_1_83' title="bbox 1300 4263 2271 4360; baseline -0.004 -25"><span class='ocrx_word' id='word_1_563' title='bbox 1300 4269 1500 4338; x_wconf 87' lang='lat' dir='ltr'>iudicabitis</span> <span class='ocrx_word' id='word_1_564' title='bbox 1524 4282 1658 4360; x_wconf 90' lang='lat' dir='ltr'>partem</span> <span class='ocrx_word' id='word_1_565' title='bbox 1674 4267 1777 4360; x_wconf 85' lang='lat' dir='ltr'>Reip.</span> <span class='ocrx_word' id='word_1_566' title='bbox 1803 4269 2033 4339; x_wconf 87' lang='lat' dir='ltr'>necessariam</span> <span class='ocrx_word' id='word_1_567' title='bbox 2055 4293 2130 4340; x_wconf 90' lang='lat' dir='ltr'>csse</span> <span class='ocrx_word' id='word_1_568' title='bbox 2150 4263 2271 4338; x_wconf 91' lang='lat' dir='ltr'>scholas</span> 
     </span>
     <span class='ocr_line' id='line_1_84' title="bbox 1298 4370 2272 4466; baseline -0.007 -27"><span class='ocrx_word' id='word_1_569' title='bbox 1298 4385 1330 4441; x_wconf 92' lang='lat' dir='ltr'>et</span> <span class='ocrx_word' id='word_1_570' title='bbox 1345 4371 1488 4466; x_wconf 90' lang='lat' dir='ltr'>quidem</span> <span class='ocrx_word' id='word_1_571' title='bbox 1505 4371 1707 4463; x_wconf 90' lang='lat' dir='ltr'>praecipuas</span> <span class='ocrx_word' id='word_1_572' title='bbox 1721 4370 1890 4442; x_wconf 89' lang='lat' dir='ltr'>utilitates</span> <span class='ocrx_word' id='word_1_573' title='bbox 1905 4371 1988 4442; x_wconf 92' lang='lat' dir='ltr'>inde</span> <span class='ocrx_word' id='word_1_574' title='bbox 2003 4373 2046 4440; x_wconf 92' lang='lat' dir='ltr'>ad</span> <span class='ocrx_word' id='word_1_575' title='bbox 2062 4373 2272 4442; x_wconf 89' lang='lat' dir='ltr'>eonimuuem</span> 
     </span>
     <span class='ocr_line' id='line_1_85' title="bbox 1299 4467 2272 4566; baseline -0.002 -27"><span class='ocrx_word' id='word_1_576' title='bbox 1299 4474 1405 4548; x_wconf 88' lang='lat' dir='ltr'>vitam</span> <span class='ocrx_word' id='word_1_577' title='bbox 1429 4473 1625 4566; x_wconf 86' lang='lat' dir='ltr'>pervenire.</span> <span class='ocrx_word' id='word_1_578' title='bbox 1690 4471 1781 4562; x_wconf 90' lang='lat' dir='ltr'>Quis</span> <span class='ocrx_word' id='word_1_579' title='bbox 1804 4474 1900 4543; x_wconf 91' lang='lat' dir='ltr'>enirn</span> <span class='ocrx_word' id='word_1_580' title='bbox 1922 4497 1998 4544; x_wconf 93' lang='lat' dir='ltr'>non</span> <span class='ocrx_word' id='word_1_581' title='bbox 2023 4473 2119 4546; x_wconf 87' lang='lat' dir='ltr'>videt</span> <span class='ocrx_word' id='word_1_582' title='bbox 2142 4467 2272 4560; x_wconf 90' lang='lat' dir='ltr'>religio·</span> 
     </span>
     <span class='ocr_line' id='line_1_86' title="bbox 1298 4575 2270 4668; baseline -0.003 -24"><span class='ocrx_word' id='word_1_583' title='bbox 1298 4577 1421 4658; x_wconf 87' lang='lat' dir='ltr'>nibus,</span> <span class='ocrx_word' id='word_1_584' title='bbox 1449 4575 1586 4664; x_wconf 88' lang='lat' dir='ltr'>legibus</span> <span class='ocrx_word' id='word_1_585' title='bbox 1606 4589 1641 4646; x_wconf 90' lang='lat' dir='ltr'>et</span> <span class='ocrx_word' id='word_1_586' title='bbox 1663 4575 1797 4659; x_wconf 90' lang='lat' dir='ltr'>literis,</span> <span class='ocrx_word' id='word_1_587' title='bbox 1819 4575 1856 4644; x_wconf 91' lang='lat' dir='ltr'>in</span> <span class='ocrx_word' id='word_1_588' title='bbox 1883 4575 1953 4646; x_wconf 89' lang='lat' dir='ltr'>vita</span> <span class='ocrx_word' id='word_1_589' title='bbox 1971 4576 2082 4666; x_wconf 88' lang='lat' dir='ltr'>magis</span> <span class='ocrx_word' id='word_1_590' title='bbox 2094 4597 2182 4668; x_wconf 92' lang='lat' dir='ltr'>opus</span> <span class='ocrx_word' id='word_1_591' title='bbox 2196 4591 2270 4656; x_wconf 82' lang='lat' dir='ltr'>esse,</span> 
     </span>
     <span class='ocr_line' id='line_1_87' title="bbox 1298 4677 1859 4772; baseline 0.005 -28"><span class='ocrx_word' id='word_1_592' title='bbox 1298 4701 1403 4772; x_wconf 89' lang='lat' dir='ltr'>quam</span> <span class='ocrx_word' id='word_1_593' title='bbox 1422 4677 1531 4746; x_wconf 89' lang='lat' dir='ltr'>labris</span> <span class='ocrx_word' id='word_1_594' title='bbox 1547 4690 1607 4748; x_wconf 91' lang='lat' dir='ltr'>aut</span> <span class='ocrx_word' id='word_1_595' title='bbox 1623 4677 1859 4750; x_wconf 80' lang='lat' dir='ltr'>cerdonibus?</span> 
     </span>
    </p>
   </div>
   <div class='ocr_carea' id='block_1_17' title="bbox 1400 4805 2272 4908">
    <p class='ocr_par' dir='ltr' id='par_1_18' title="bbox 1400 4805 2272 4908">
     <span class='ocr_line' id='line_1_88' title="bbox 1400 4805 2272 4908; baseline -0.01 -24"><span class='ocrx_word' id='word_1_596' title='bbox 1400 4809 1472 4884; x_wconf 87' lang='lat' dir='ltr'>Sed</span> <span class='ocrx_word' id='word_1_597' title='bbox 1493 4812 1583 4886; x_wconf 90' lang='lat' dir='ltr'>illud</span> <span class='ocrx_word' id='word_1_598' title='bbox 1608 4812 1790 4904; x_wconf 90' lang='lat' dir='ltr'>disputant</span> <span class='ocrx_word' id='word_1_599' title='bbox 1810 4812 1974 4908; x_wconf 89' lang='lat' dir='ltr'>quidam,</span> <span class='ocrx_word' id='word_1_600' title='bbox 2005 4805 2194 4896; x_wconf 82' lang='lat' dir='ltr'>Ecclesias,</span> <span class='ocrx_word' id='word_1_601' title='bbox 2217 4829 2272 4876; x_wconf 90' lang='lat' dir='ltr'>au·</span> 
     </span>
    </p>
   </div>
   <div class='ocr_carea' id='block_1_18' title="bbox 201 4907 2274 5528">
    <p class='ocr_par' dir='ltr' id='par_1_19' title="bbox 201 4907 2274 5528">
     <span class='ocr_line' id='line_1_89' title="bbox 260 4907 2270 5008; baseline -0.013 -4"><span class='ocrx_word' id='word_1_602' title='bbox 260 4953 383 5005; x_wconf 90' lang='lat' dir='ltr'>omnes</span> <span class='ocrx_word' id='word_1_603' title='bbox 407 4941 517 5008; x_wconf 87' lang='lat' dir='ltr'>artes,</span> <span class='ocrx_word' id='word_1_604' title='bbox 544 4917 663 4989; x_wconf 91' lang='lat' dir='ltr'>omnia</span> <span class='ocrx_word' id='word_1_605' title='bbox 687 4916 779 4986; x_wconf 88' lang='lat' dir='ltr'>vitae</span> <span class='ocrx_word' id='word_1_606' title='bbox 796 4937 934 5004; x_wconf 91' lang='lat' dir='ltr'>genera.</span> <span class='ocrx_word' id='word_1_607' title='bbox 984 4910 1115 4982; x_wconf 89' lang='lat' dir='ltr'>Melius</span> <span class='ocrx_word' id='word_1_608' title='bbox 1132 4927 1166 4982; x_wconf 95' lang='lat' dir='ltr'>et</span> <span class='ocrx_word' id='word_1_609' title='bbox 1180 4907 1248 4982; x_wconf 85' lang='lat' dir='ltr'>hu·</span> <span class='ocrx_word' id='word_1_610' title='bbox 1299 4915 1388 4998; x_wconf 91' lang='lat' dir='ltr'>lam,</span> <span class='ocrx_word' id='word_1_611' title='bbox 1414 4916 1550 5000; x_wconf 87' lang='lat' dir='ltr'>lorum,</span> <span class='ocrx_word' id='word_1_612' title='bbox 1576 4915 1676 4985; x_wconf 88' lang='lat' dir='ltr'>sedes</span> <span class='ocrx_word' id='word_1_613' title='bbox 1694 4937 1767 4985; x_wconf 89' lang='lat' dir='ltr'>esse</span> <span class='ocrx_word' id='word_1_614' title='bbox 1785 4912 1942 4986; x_wconf 88' lang='lat' dir='ltr'>veritatis</span> <span class='ocrx_word' id='word_1_615' title='bbox 1960 4925 1995 4984; x_wconf 89' lang='lat' dir='ltr'>et</span> <span class='ocrx_word' id='word_1_616' title='bbox 2011 4911 2181 4997; x_wconf 89' lang='lat' dir='ltr'>iustitiae,</span> <span class='ocrx_word' id='word_1_617' title='bbox 2205 4931 2270 4978; x_wconf 90' lang='lat' dir='ltr'>ma·</span> 
     </span>
     <span class='ocr_line' id='line_1_90' title="bbox 258 5009 2271 5148; baseline -0.013 -42"><span class='ocrx_word' id='word_1_618' title='bbox 258 5034 419 5116; x_wconf 91' lang='lat' dir='ltr'>manius,</span> <span class='ocrx_word' id='word_1_619' title='bbox 443 5024 562 5118; x_wconf 85' lang='lat' dir='ltr'>inquit</span> <span class='ocrx_word' id='word_1_620' title='bbox 578 5017 803 5095; x_wconf 69' lang='lat' dir='ltr'>Aristoteles,</span> <span class='ocrx_word' id='word_1_621' title='bbox 829 5015 1006 5086; x_wconf 75' lang='lat' dir='ltr'>civilatem</span> <span class='ocrx_word' id='word_1_622' title='bbox 1025 5038 1097 5084; x_wconf 87' lang='lat' dir='ltr'>non</span> <span class='ocrx_word' id='word_1_623' title='bbox 1113 5039 1154 5084; x_wconf 81' lang='lat' dir='ltr'>ex</span> <span class='ocrx_word' id='word_1_624' title='bbox 1168 5011 1249 5084; x_wconf 87' lang='lat' dir='ltr'>Me-</span> <span class='ocrx_word' id='word_1_625' title='bbox 1272 5059 1276 5148; x_wconf 59' lang='lat' dir='ltr'>q</span> <span class='ocrx_word' id='word_1_626' title='bbox 1299 5015 1350 5104; x_wconf 82' lang='lat' dir='ltr'>gis</span> <span class='ocrx_word' id='word_1_627' title='bbox 1380 5041 1485 5109; x_wconf 87' lang='lat' dir='ltr'>quarn</span> <span class='ocrx_word' id='word_1_628' title='bbox 1516 5013 1664 5088; x_wconf 86' lang='lat' dir='ltr'>scholas.</span> <span class='ocrx_word' id='word_1_629' title='bbox 1734 5014 1873 5086; x_wconf 83' lang='lat' dir='ltr'>Vocant</span> <span class='ocrx_word' id='word_1_630' title='bbox 1892 5009 2147 5087; x_wconf 64' lang='lat' dir='ltr'>scholasticam</span> <span class='ocrx_word' id='word_1_631' title='bbox 2175 5013 2271 5082; x_wconf 88' lang='lat' dir='ltr'>vitam</span> 
     </span>
     <span class='ocr_line' id='line_1_91' title="bbox 201 5115 2272 5254; baseline -0.011 -49"><span class='ocrx_word' id='word_1_632' title='bbox 201 5198 205 5205; x_wconf 90' lang='lat'>.</span> <span class='ocrx_word' id='word_1_633' title='bbox 260 5138 340 5210; x_wconf 90' lang='lat' dir='ltr'>dico</span> <span class='ocrx_word' id='word_1_634' title='bbox 362 5147 397 5206; x_wconf 90' lang='lat' dir='ltr'>et</span> <span class='ocrx_word' id='word_1_635' title='bbox 418 5129 582 5210; x_wconf 88' lang='lat' dir='ltr'>Medico,</span> <span class='ocrx_word' id='word_1_636' title='bbox 608 5125 667 5193; x_wconf 90' lang='lat' dir='ltr'>sed</span> <span class='ocrx_word' id='word_1_637' title='bbox 693 5145 734 5190; x_wconf 83' lang='lat' dir='ltr'>ex</span> <span class='ocrx_word' id='word_1_638' title='bbox 754 5117 898 5189; x_wconf 88' lang='lat' dir='ltr'>Medico</span> <span class='ocrx_word' id='word_1_639' title='bbox 923 5129 958 5187; x_wconf 91' lang='lat' dir='ltr'>et</span> <span class='ocrx_word' id='word_1_640' title='bbox 972 5115 1139 5206; x_wconf 86' lang='lat' dir='ltr'>Agricola</span> <span class='ocrx_word' id='word_1_641' title='bbox 1163 5141 1249 5186; x_wconf 88' lang='lat' dir='ltr'>con·</span> <span class='ocrx_word' id='word_1_642' title='bbox 1272 5151 1276 5254; x_wconf 72' lang='grc'>1</span> <span class='ocrx_word' id='word_1_643' title='bbox 1298 5119 1541 5200; x_wconf 89' lang='lat' dir='ltr'>umbratilem,</span> <span class='ocrx_word' id='word_1_644' title='bbox 1566 5119 1662 5211; x_wconf 93' lang='lat' dir='ltr'>quod</span> <span class='ocrx_word' id='word_1_645' title='bbox 1679 5116 1730 5190; x_wconf 90' lang='lat' dir='ltr'>ibi</span> <span class='ocrx_word' id='word_1_646' title='bbox 1745 5118 1783 5188; x_wconf 91' lang='lat' dir='ltr'>in</span> <span class='ocrx_word' id='word_1_647' title='bbox 1798 5119 1876 5188; x_wconf 91' lang='lat' dir='ltr'>ocio</span> <span class='ocrx_word' id='word_1_648' title='bbox 1891 5116 2272 5207; x_wconf 73' lang='lat' dir='ltr'>ingeniaexerceantur,</span> 
     </span>
     <span class='ocr_line' id='line_1_92' title="bbox 261 5210 2271 5324; baseline -0.014 -12"><span class='ocrx_word' id='word_1_649' title='bbox 261 5255 370 5324; x_wconf 87' lang='lat' dir='ltr'>stare,</span> <span class='ocrx_word' id='word_1_650' title='bbox 395 5230 553 5315; x_wconf 85' lang='lat' dir='ltr'>horest,</span> <span class='ocrx_word' id='word_1_651' title='bbox 578 5250 619 5296; x_wconf 84' lang='lat' dir='ltr'>ex</span> <span class='ocrx_word' id='word_1_652' title='bbox 644 5223 765 5299; x_wconf 87' lang='lat' dir='ltr'>multis</span> <span class='ocrx_word' id='word_1_653' title='bbox 788 5219 985 5291; x_wconf 91' lang='lat' dir='ltr'>ordinibus.</span> <span class='ocrx_word' id='word_1_654' title='bbox 1040 5215 1160 5306; x_wconf 90' lang='lat' dir='ltr'>Quare</span> <span class='ocrx_word' id='word_1_655' title='bbox 1174 5219 1248 5288; x_wconf 91' lang='lat' dir='ltr'>sin·</span> <span class='ocrx_word' id='word_1_656' title='bbox 1301 5220 1374 5289; x_wconf 84' lang='lat' dir='ltr'>illic</span> <span class='ocrx_word' id='word_1_657' title='bbox 1397 5221 1515 5304; x_wconf 89' lang='lat' dir='ltr'>aiunt,</span> <span class='ocrx_word' id='word_1_658' title='bbox 1540 5219 1726 5292; x_wconf 85' lang='lat' dir='ltr'>veritatem</span> <span class='ocrx_word' id='word_1_659' title='bbox 1747 5234 1784 5292; x_wconf 94' lang='lat' dir='ltr'>et</span> <span class='ocrx_word' id='word_1_660' title='bbox 1805 5219 1976 5291; x_wconf 90' lang='lat' dir='ltr'>iustitiam</span> <span class='ocrx_word' id='word_1_661' title='bbox 1996 5219 2036 5288; x_wconf 91' lang='lat' dir='ltr'>in</span> <span class='ocrx_word' id='word_1_662' title='bbox 2056 5219 2129 5290; x_wconf 85' lang='lat' dir='ltr'>acie</span> <span class='ocrx_word' id='word_1_663' title='bbox 2143 5210 2271 5288; x_wconf 86' lang='lat' dir='ltr'>versari.</span> 
     </span>
     <span class='ocr_line' id='line_1_93' title="bbox 263 5319 2273 5436; baseline -0.017 -22"><span class='ocrx_word' id='word_1_664' title='bbox 263 5341 354 5436; x_wconf 86' lang='lat' dir='ltr'>gulis</span> <span class='ocrx_word' id='word_1_665' title='bbox 376 5337 495 5410; x_wconf 93' lang='lat' dir='ltr'>tribuo</span> <span class='ocrx_word' id='word_1_666' title='bbox 516 5353 619 5403; x_wconf 92' lang='lat' dir='ltr'>suum</span> <span class='ocrx_word' id='word_1_667' title='bbox 639 5323 826 5400; x_wconf 90' lang='lat' dir='ltr'>honorem.</span> <span class='ocrx_word' id='word_1_668' title='bbox 888 5319 959 5393; x_wconf 83' lang='lat' dir='ltr'>Sed</span> <span class='ocrx_word' id='word_1_669' title='bbox 981 5321 1110 5410; x_wconf 87' lang='lat' dir='ltr'>gradus</span> <span class='ocrx_word' id='word_1_670' title='bbox 1131 5320 1249 5390; x_wconf 89' lang='lat' dir='ltr'>consi·</span> <span class='ocrx_word' id='word_1_671' title='bbox 1300 5319 1479 5392; x_wconf 85' lang='lat' dir='ltr'>Moderati</span> <span class='ocrx_word' id='word_1_672' title='bbox 1499 5320 1611 5390; x_wconf 91' lang='lat' dir='ltr'>animi</span> <span class='ocrx_word' id='word_1_673' title='bbox 1635 5337 1687 5394; x_wconf 90' lang='lat' dir='ltr'>est</span> <span class='ocrx_word' id='word_1_674' title='bbox 1708 5337 1744 5394; x_wconf 86' lang='lat' dir='ltr'>et</span> <span class='ocrx_word' id='word_1_675' title='bbox 1765 5324 1856 5394; x_wconf 91' lang='lat' dir='ltr'>bene</span> <span class='ocrx_word' id='word_1_676' title='bbox 1875 5321 2048 5402; x_wconf 90' lang='lat' dir='ltr'>instituti,</span> <span class='ocrx_word' id='word_1_677' title='bbox 2087 5327 2273 5393; x_wconf 80' lang='lat' dir='ltr'>reverenter</span> 
     </span>
     <span class='ocr_line' id='line_1_94' title="bbox 262 5419 2274 5528; baseline -0.018 -9"><span class='ocrx_word' id='word_1_678' title='bbox 262 5442 410 5519; x_wconf 90' lang='lat' dir='ltr'>derandi</span> <span class='ocrx_word' id='word_1_679' title='bbox 432 5449 533 5524; x_wconf 92' lang='lat' dir='ltr'>sunt,</span> <span class='ocrx_word' id='word_1_680' title='bbox 567 5455 657 5528; x_wconf 91' lang='lat' dir='ltr'>quos</span> <span class='ocrx_word' id='word_1_681' title='bbox 679 5430 878 5526; x_wconf 90' lang='lat' dir='ltr'>plerunque</span> <span class='ocrx_word' id='word_1_682' title='bbox 900 5421 1000 5496; x_wconf 87' lang='lat' dir='ltr'>stulti</span> <span class='ocrx_word' id='word_1_683' title='bbox 1023 5421 1247 5498; x_wconf 90' lang='lat' dir='ltr'>conturbant.</span> <span class='ocrx_word' id='word_1_684' title='bbox 1299 5423 1430 5496; x_wconf 84' lang='lat' dir='ltr'>sentire</span> <span class='ocrx_word' id='word_1_685' title='bbox 1453 5423 1498 5494; x_wconf 89' lang='lat' dir='ltr'>de</span> <span class='ocrx_word' id='word_1_686' title='bbox 1512 5419 1701 5509; x_wconf 80' lang='lat' dir='ltr'>Ecclesiis,</span> <span class='ocrx_word' id='word_1_687' title='bbox 1728 5427 1773 5498; x_wconf 89' lang='lat' dir='ltr'>de</span> <span class='ocrx_word' id='word_1_688' title='bbox 1789 5424 1879 5498; x_wconf 87' lang='lat' dir='ltr'>aulis</span> <span class='ocrx_word' id='word_1_689' title='bbox 1895 5437 1931 5496; x_wconf 88' lang='lat' dir='ltr'>et</span> <span class='ocrx_word' id='word_1_690' title='bbox 1946 5425 2037 5498; x_wconf 73' lang='lat' dir='ltr'>foro.</span> <span class='ocrx_word' id='word_1_691' title='bbox 2090 5420 2274 5498; x_wconf 67' lang='lat' dir='ltr'>Ardebant</span> 
     </span>
    </p>
   </div>
   <div class='ocr_carea' id='block_1_19' title="bbox 0 0 2352 5826">
    <p class='ocr_par' dir='ltr' id='par_1_20' title="bbox 0 0 2352 5826">
     <span class='ocr_line' id='line_1_95' title="bbox 0 0 2352 5826; baseline 0 0"><span class='ocrx_word' id='word_1_692' title='bbox 0 0 2352 5826; x_wconf 95' lang='lat' dir='ltr'> </span> 
     </span>
    </p>
   </div>
  </div>
 </body>
</html>
