4688 5826
206 227 300 358 ,pa
446 347 455 354 ,
864 145 1588 350 insumemussrs
2087 319 2091 326 .
2175 253 2266 354 ise

225 413 287 501 pat,
303 421 401 483 arma
427 393 609 510 imperitae
625 395 873 504 multitudini,
908 400 981 510 nisi
1004 403 1221 524 superstitiq,
1271 430 1400 508 minu?
1423 412 1849 513 admongqufflmtffl
1872 423 2272 524 ‘qmpqmquwnq

227 526 291 576 seu
303 483 473 602 quiedam
490 506 652 592 perversa
667 499 711 569 de
724 494 896 592 religione
907 503 1114 596 persuasio?
1141 503 1221 596 Scr—
1272 501 1410 596 viribus
1433 516 1637 612 munitum,
1657 534 1904 615 qcoutemptuflp
1928 518 2177 620 Magifflqum
2200 529 2272 600 im.

212 603 273 673 'tis
294 603 389 703 enim
411 625 551 698 sparsos
572 600 681 672 luisse
701 601 863 686 libellos,
897 605 1029 700 quibus
1051 602 1220 706 tanquam
1273 602 1376 704 pune'
1401 610 1505 690 serre.
1559 598 1764 720 Pinqumui
1790 608 1836 695 li„
1870 608 2082 716 quibusda„
2117 631 2273 706 urbibus

94 711 114 740 ⁹
227 707 270 776 ad
295 705 428 797 pileum
449 705 686 790 vocabantur,
716 703 754 773 in
775 707 907 798 quibus
928 711 977 780 de'
996 705 1222 803 publicandis
1274 709 1418 788 brachia
1439 712 1479 786 in
1504 719 1603 806 loro,
1634 747 1724 814 quaa
1752 708 1969 814 significent,
1989 730 2153 822 capitale
2185 717 2273 818 esse,

216 797 355 904 sylvis,
387 803 617 888 fluminibus,
651 805 694 876 de
711 805 906 878 donatione
923 809 1163 898 creditorum,
1188 827 1224 884 et
1273 815 1407 888 serrum
1428 822 1596 894 adversus
1621 827 1771 896 alterum
1793 827 1977 918 stringere.
2040 831 2091 904 lta
2113 858 2273 908 vosma-

217 902 296 982 ‘boc
312 931 420 998 genus
439 904 508 975 alia
526 907 637 977 multa
655 907 783 1000 scripta
802 924 921 998 erant,
945 925 978 984 et
994 915 1085 986 male
1102 915 1223 986 detor·
1274 942 1361 990 nram
1384 920 1485 994 illam
1509 919 1686 1016 Principis
1709 929 1844 1020 pingite
1866 931 1967 1004 vobis
1992 932 2030 1004 in
2054 935 2197 1024 auimo,
2232 954 2274 1011 ut

228 1011 274 1084 tis
291 1009 492 1102 scripturis,
518 1007 669 1080 nebulae
693 1025 792 1080 erant
818 1011 951 1084 offusae
969 1015 1082 1088 oculis
1097 1015 1223 1088 multi·
1275 1019 1405 1094 intueri
1421 1048 1516 1105 eam,
1541 1029 1680 1122 quoties
1705 1056 1796 1122 opus
1817 1046 1886 1118 est,
1908 1035 2065 1126 possitis,
2090 1039 2274 1110 armemi-

228 1115 381 1210 tudinis:
409 1106 463 1202 ¹bi
494 1110 612 1182 libelli
636 1111 821 1187 seditionis
843 1113 1027 1188 classicum
1051 1117 1223 1188 niaximae
1274 1123 1387 1213 nisse,
1419 1127 1535 1222 qualis
1557 1129 1604 1202 sit
1635 1131 1748 1202 exitus
1771 1157 1914 1221 eorum,
1946 1137 2008 1230 qui
2040 1137 2274 1231 Magistratus

228 1217 321 1312 parti
344 1215 500 1288 luerunt.
560 1209 651 1284 Cum
679 1213 788 1306 igitur
811 1229 883 1284 tam
907 1220 1075 1308 pestilens
1103 1223 1224 1297 cessit
1276 1229 1489 1300 contumelia
1504 1231 1676 1304 afficiunt,
1728 1235 1823 1306 Dixi,

220 1317 454 1410 superstitio,
487 1313 677 1404 diligenter
700 1320 869 1388 adversus
891 1344 966 1390 eam
992 1321 1132 1392 animos
1156 1347 1225 1394 no-
1917 1319 1921 1328 ’

229 1438 319 1494 atros
344 1418 484 1490 munire
515 1420 702 1502 debemus,
733 1445 812 1489 cum
835 1445 1013 1492 sacrarum
1041 1423 1223 1496 literarum

221 1521 392 1603 scientia,
422 1533 497 1590 tum
528 1519 633 1590 etiam
667 1513 897 1592 historiarum
924 1525 1145 1614 cognitione,
1184 1527 1223 1598 in

228 1625 359 1724 quibus
381 1636 433 1691 est
453 1618 591 1712 videre,
632 1648 739 1718 quam
773 1625 870 1694 varie
904 1642 1053 1718 occupet
1085 1631 1224 1698 animos
1274 1644 1422 1724 Nom,

220 1714 427 1800 'holuinum
480 1723 603 1820 Neque
620 1725 715 1818 enim
741 1749 878 1818 semper
896 1729 1016 1796 eadem
1039 1731 1145 1802 l'aeies
1162 1747 1224 1815 est,
1278 1743 1414 1770 Μ
2092 1765 2267 1796 *⁴⁶⁹⁸*

220 1827 558 1926 'eademquel'orma
592 1827 863 1918 superstitionis.
920 1825 1052 1901 Nullus
1075 1829 1225 1904 Proteus
1601 1855 1679 1944 De
1697 1858 1941 1946 ebrietate·

220 1947 302 2028 'tam
324 1930 444 1999 varius
462 1943 534 2010 est,
561 1953 666 2024 quam
693 1930 807 1998 varias
824 1931 958 2000 lorruas
978 1932 1039 2004 illa
1056 1933 1146 2006 solet
1168 1936 1224 2004 in-

221 2022 350 2108 duere,
394 2025 543 2118 ,videus
560 2055 667 2126 quam
684 2029 811 2101 callide
831 2035 1027 2130 obrepserit
1043 2035 1102 2106 isti
1117 2035 1223 2108 Prin·
1344 2005 1667 2152 Affiffim’iilff
1687 2013 2275 2163 {i⁸,}.,b⁰ii{{i⁸f¹i'³i1Tp¹si[mitrii

2034 1501 2272 1518 annuns—nna.-

229 2132 320 2232 clpl,
341 2133 385 2206 de
400 2158 472 2226 qut)
487 2125 572 2204 ilaec
587 2133 702 2220 oratio
717 2133 877 2205 instituta
892 2151 954 2205 t‘sl·
1005 2135 1137 2230 Magna
1149 2153 1225 2211 erat
1380 2145 1539 2234 llsslhouetp
1558 2101 1616 2208 boe
1627 2168 1712 2234 ‘sono
1734 2155 1875 2236 collegisse
1894 2176 1964 2234 quae
1985 2161 2020 2213 ad
2034 2161 2192 2218 ebrietatem
2205 2185 2276 2238 spe·

226 2239 268 2309 in
293 2233 487 2310 Germania
512 2233 685 2328 dissensio
707 2231 963 2318 Ecclesiarum:
995 2265 1077 2310 nam
1100 2237 1224 2317 Eeclo·
1378 2225 1501 2286 ‘mm’
1518 2222 1682 2292 ¹⁰¹‘¹¹'⁸'¹¹¹‘
1695 2241 1724 2276 ‘¹
1741 2221 1827 2297 Epm.
1851 2225 1971 2282 v⁰¹·¹v·
1986 2247 2012 2300 Ρ·
2027 2229 2089 2284 9⁶⁴·

1277 2392 1518 2487 Vituperutio
1543 2392 1761 2486 Matr,
1786 2405 1933 2493 scripta
1947 2395 2106 2502 [mirate]
2124 2427 2150 2478 o
2166 2407 2275 2480 reto

229 2344 301 2410 siae
315 2337 496 2410 Saxonum
513 2335 718 2408 iudicabant
738 2337 895 2434 reliquos
914 2337 1136 2430 Germanos,
1161 2344 1223 2436 qui

215 2443 268 2513 ‹in
304 2441 374 2510 lide
405 2430 567 2508 Caesaris
601 2455 822 2526 manserant,
864 2441 981 2512 nullas
1008 2445 1225 2514 ceremonias

228 2557 323 2619 recte
356 2564 458 2638 posse
488 2551 657 2635 uastare,
698 2555 844 2637 propter
862 2541 1089 2616 Pontificium
1112 2545 1225 2618 inter·
1269 2543 1273 2554 ’
1824 2633 1830 2642 ι

227 2649 375 2720 dictum
428 2638 708 2734 'Diripiebantur
731 2643 853 2714 eorum
879 2647 1010 2738 templa
1026 2647 1125 2718 velut
1140 2672 1224 2740 pro—
1275 2625 1430 2712 Marem
1453 2635 1561 2728 0³²⁰»
1594 2669 1673 2714 cum
1694 2643 1887 2742 aliquando
1908 2653 1952 2720 ud
1970 2653 2116 2746 plebem
2135 2651 2278 2730 Ruma-

222 2731 347 2842 'pli'a'na
363 2742 460 2826 loca,
486 2747 530 2814 ad
547 2745 641 2838 ipsas
654 2767 731 2814 aras
747 2747 1018 2820 trucidabantur
1032 2749 1152 2822 miseri
1168 2775 1225 2822 aa.
1276 2767 1359 2814 nam
1373 2743 1614 2841 importunius
1630 2749 1674 2818 de
1690 2749 1867 2820 divisione
1883 2754 2054 2826 frumenti
2069 2769 2176 2854 atque
2191 2761 2278 2832 aliis

225 2846 399 2945 ‚cerdotes
421 2927 442 2943 Ι,
461 2841 552 2941 Quis
573 2857 702 2916 autem·
720 2871 795 2920 non
818 2863 1021 2922 moveretur
1043 2865 1224 2926 tantorum
1276 2845 1350 2918 suis
1389 2847 1586 2920 commodis
1617 2849 1893 2923 tumultuantem
1936 2859 2152 2948 orationem,
2200 2888 2275 2958 qua

221 2955 406 3024 'malorum
423 2949 748 3042 contemplatione?
798 2947 890 3040 Quis
912 2975 985 3023 nou
1001 2970 1145 3045 cuperet
1162 2949 1226 3028 bas
1273 2944 1432 3042 'placaret
1450 2971 1528 3036 eos,
1558 2943 1690 3024 babere
1706 2953 1933 3038 instituisset,
1958 2973 1994 3029 et
2007 2985 2132 3052 parum
2149 2965 2277 3058 aequis

221 3051 346 3128 ”tantas
362 3047 736 3136 calamitates'sanare‚
760 3053 790 3122 si
804 3051 891 3146 quid
906 3054 984 3148 opis
998 3055 1124 3126 afferre
1141 3077 1226 3149 pos.
1277 3049 1425 3120 auribus
1448 3069 1485 3118 se
1508 3075 1529 3120 a
1550 3053 1730 3148 plerisque
1747 3058 1867 3127 audiri
1888 3061 2205 3154 animadverteret,
2232 3067 2276 3138 in

230 3139 307 3251 set?
322 3165 333 3244 .'
358 3152 418 3226 Sic
445 3140 569 3223 affecto
590 3151 755 3246 Principi
773 3153 932 3227 insinuat
955 3180 992 3226 se
1009 3159 1225 3250 superstitio,
1275 3147 1374 3224 bunc
1405 3151 1553 3224 modum
1587 3155 1692 3228 initio
1725 3157 1869 3232 dicendi
1903 3162 2017 3234 fertur
2042 3165 2275 3240 exclamasse:

222 3259 271 3330 ‘ac
287 3252 475 3354 persuadet
498 3255 534 3325 id
552 3255 630 3326 sore
654 3253 852 3326 remedium
870 3257 1095 3348 publicorum
1112 3261 1242 3332 malo--
1278 3251 1396 3347 Quam
1419 3253 1564 3328 difficile
1591 3271 1661 3346 est,
1697 3259 1884 3358 inquiens,
1913 3267 1956 3334 ad
1981 3283 2142 3342 ventrem
2164 3269 2277 3342 verba

229 3368 335 3446 rum',
368 3358 399 3428 si
425 3381 592 3450 oppresso
616 3355 830 3448 lmperatore
847 3359 1085 3432 dissensiones
1116 3365 1224 3436 eccle.
1277 3357 1409 3442 lacere,
1443 3355 1506 3450 qui
1537 3383 1639 3430 aures
1671 3385 1747 3432 non
1775 3357 1907 3434 habet?
1957 3367 2141 3442 Sentiebat
2174 3373 2275 3442 enim

222 3451 387 3554 'siasticas
403 3459 516 3533 tollat.
566 3457 637 3531 Sed
655 3459 736 3528 vide
751 3476 923 3556 quantum
940 3461 979 3532 in
994 3463 1062 3536 isto
1076 3465 1225 3541 consilio
1278 3456 1387 3530 turdo
1409 3457 1565 3530 fabulum
1590 3460 1745 3550 cantari,
1772 3465 1803 3534 si
1828 3467 1924 3560 quis,
1953 3473 2158 3562 praesertim
2174 3477 2276 3566 apud

223 3563 468 3667 'turpitudinis
490 3559 609 3634 luerit.
669 3559 832 3634 Primum
854 3563 978 3639 divina
1005 3592 1046 3640 ac
1070 3559 1225 3669 bunrana
1278 3581 1444 3632 vesanam
1461 3563 1750 3654 multitudinem,
1777 3569 1895 3639 ventri
1912 3571 2005 3662 leges
2024 3575 2184 3650 dictaret.

221 3655 472 3754 ‘iura'violat,
511 3690 591 3734 cum
626 3665 796 3735 adversus
816 3689 943 3743 'suarm
970 3671 1227 3760 magistratum,
1378 3657 1475 3732 1de
1498 3686 1561 3755 ego
1585 3659 1674 3732 mihi
1697 3693 1839 3764 quoque
1865 3673 2023 3766 accidere
2043 3701 2203 3762 vererer,
2244 3680 2278 3750 si

232 3797 338 3868 quem
360 3763 396 3840 et
418 3763 580 3838 doctrina
611 3765 795 3858 religionis
822 3781 856 3838 et
882 3769 1042 3840 omnium
1068 3773 1225 3876 gentium
1278 3759 1365 3836 baec
1381 3763 1516 3852 oratio,
1539 3791 1644 3862 quam
1668 3767 1767 3844 iussu
1788 3789 2058 3866 praeceptorum
2075 3783 2119 3855 de
2136 3781 2277 3852 sobrie·

224 3873 325 3964 ]eges
347 3871 440 3940 bona
464 3869 532 3938 fide
551 3867 621 3938 coli
639 3865 879 3960 praecipiunt,
912 3893 1009 3942 arnia
1025 3876 1129 3964 capit.
1179 3869 1228 3944 Et
1278 3879 1348 3936 tate
1362 3891 1402 3936 ac
1417 3870 1649 3960 temperantia
1669 3871 1830 3962 institui,
1856 3871 1945 3968 mibi
1961 3881 2092 3952 alicubi
2115 3881 2152 3952 in
2167 3899 2275 3956 coetu

233 4001 312 4046 cum
338 3971 423 4043 talia
444 3969 580 4040 luerint
597 3967 757 4059 auspicia
775 3969 860 4038 novi
879 3969 1039 4065 imperii,
1065 3969 1158 4047 nibil
1176 3989 1228 4046 est
1279 3965 1400 4056 vulgi,
1422 3993 1462 4038 ac
1477 3963 1693 4058 beluonum,
1720 3999 1783 4066 pro
1800 3977 1899 4048 nulla
1914 4004 1952 4049 re
1966 3986 2078 4078 magis
2086 4009 2193 4082 quam
2204 4010 2276 4080 pro

223 4072 330 4174 'quo'd
347 4072 518 4158 miremur
533 4070 681 4140 exitium
696 4069 866 4158 tragicum
879 4095 965 4146 esse.
1016 4073 1114 4164 Quid
1130 4075 1225 4148 enim
1278 4084 1401 4140 ventre
1415 4069 1647 4147 sollicitorum
1665 4068 1826 4150 habenda
1842 4093 1946 4154 esset:
1971 4078 2010 4154 hi
2025 4089 2120 4158 enim
2136 4087 2180 4157 ad
2196 4090 2280 4180 pri·-

225 4168 363 4250 ¹accidit
377 4169 467 4244 inito
485 4169 619 4263 regno?
647 4167 755 4260 ,Num
769 4173 925 4255 restituit
942 4177 1088 4266 pacem?
1116 4175 1226 4266 ‚Num
1279 4196 1371 4244 mam
1403 4174 1520 4243 statim
1548 4177 1767 4249 mentionem
1797 4181 2017 4270 sobrietatis,
2049 4215 2106 4260 me
2134 4190 2209 4262 risu
2240 4207 2278 4264 et

234 4277 378 4353 sustulit
412 4262 649 4346 Ecclesiamm
679 4273 940 4350 dissensiones?
985 4275 1228 4379 Nequaquam,
1279 4273 1494 4346 clamoribus
1516 4279 1764 4370 exploderent,
1791 4299 1854 4356 aut
1870 4271 2100 4382 indignantes
2118 4317 2137 4364 e
2153 4293 2276 4366 medio

234 4368 294 4453 sed
314 4379 479 4452 morbum
496 4375 740 4466 intempestive
756 4376 1097 4453 medicandomulto
1117 4381 1227 4474 magis
1278 4375 1545 4471 proturbarent:
1571 4383 1757 4452 nonenim
1782 4385 1957 4462 immitius
1976 4395 2086 4466 saevit
2102 4395 2155 4467 ira
2178 4393 2277 4468 leae-

236 4467 474 4556 e'racerbavit:
513 4501 596 4548 nam
632 4491 791 4570 suscepto
828 4476 921 4550 bello
956 4473 1049 4552 nibil
1078 4491 1241 4579 usquam
1279 4503 1365 4564 nae,
1391 4479 1546 4572 abreptis
1560 4483 1705 4572 catulis,
1730 4511 1836 4580 quam
1856 4491 1956 4564 furor
1972 4494 2120 4570 istorum
2143 4491 2278 4570 heluo·

226 4583 467 4680 'tranquillum
501 4593 587 4653 erat.
644 4568 894 4672 Hicprimum
922 4583 1056 4654 mutuis
1083 4607 1227 4656 accensa
1278 4605 1384 4666 num,
1409 4584 1553 4674 quando
1578 4587 1695 4656 ventri
1720 4612 1785 4660 suo
1806 4605 1842 4664 et
1862 4595 1964 4684 gulae
1979 4597 2084 4668 linem
2104 4600 2277 4688 modum-

234 4671 279 4758 ml
285 4691 344 4774 iis,
365 4701 515 4778 utraque
530 4706 610 4768 pars
625 4681 803 4751 cmdelius
817 4682 951 4754 saevire
966 4685 1099 4776 coepit,
1119 4713 1225 4780 quam
1277 4706 1347 4778 que
1361 4682 1469 4754 statui
1484 4685 1646 4760 audiunt.

233 4790 336 4861 antea
351 4809 521 4880 unquam.
574 4781 756 4854 Postremo
774 4789 1131 4882 praeterquamquod
1151 4787 1226 4860 exi·
1380 4783 1501 4873 Quare
1528 4785 1556 4855 si
1589 4789 1627 4858 in
1651 4789 1713 4860 tali
1742 4785 1882 4866 theatro
1904 4802 2145 4890 perorandum
2170 4820 2277 4892 esset,

233 4907 291 4964 tus
317 4885 496 4976 Principis
527 4883 597 4956 luit
622 4883 860 4974 miserrimus,
899 4901 971 4960 tota
1003 4890 1108 4962 etiam
1136 4890 1226 4962 ditio
1278 4909 1418 4958 causam
1441 4883 1532 4958 mibi
1552 4885 1643 4960 banc
1658 4891 1948 4987 relinquendam,
1972 4915 2006 4976 et
2020 4903 2135 4998 capite
2157 4905 2276 4978 obvo-

223 4993 363 5065 'amisso
386 4984 554 5082 Principe
585 4986 779 5058 victoribus
802 4991 954 5082 praedae
980 4991 1061 5070 luit.
1106 4991 1227 5064 ¹Hune
1277 4989 1376 5078 luto,
1397 5015 1466 5084 qua
1483 5015 1619 5084 possem
1636 4997 1837 5068 exeundum
1852 5013 2026 5093 putarem.

222 5091 364 5166 'exitum
380 5089 774 5192 superstitiosilcousilii
789 5091 977 5184 diligenter
993 5095 1227 5192 considerate,
1379 5087 1470 5179 Cum
1493 5118 1578 5164 vero
1603 5093 1644 5180 in
1650 5085 1731 5178 'boc
1750 5089 2036 5193 doctissimorum
2060 5105 2220 5178 virorum
2240 5125 2279 5184 et

232 5177 267 5289 et
286 5196 388 5290 sa'epe
409 5191 511 5263 vobis
525 5191 682 5292 ‘’manu'm
711 5191 809 5262 illam
829 5188 1009 5291 Principis
1026 5199 1225 5290 ¹praecisam
1276 5193 1539 5285 adolescentum
1556 5220 1739 5304 consessu,
1764 5203 1895 5294 quibus
1917 5230 1996 5281 cum
2014 5203 2279 5286 honestissimis

230 5300 278 5370 ob
306 5297 428 5386 oculos
448 5294 587 5390 ponite,
621 5319 667 5367 ne
691 5293 759 5386 ipsi
789 5319 947 5390 unquam
973 5289 1224 5397 superstitione
1275 5297 1510 5390 ingenuarum
1535 5299 1667 5380 artium
1686 5303 1838 5390 studiis,
1860 5331 1942 5378 cum
1962 5305 2097 5396 Musis,
2122 5303 2192 5384 boc
2208 5330 2280 5404 est,

228 5384 392 5504 adducti,
420 5387 693 5507 Ma'gistratuum
709 5395 937 5472 autoritatem
952 5395 1109 5474 laedatis.
1157 5401 1222 5474 llla
1274 5422 1355 5470 cum
1369 5395 1590 5511 humanitate
1602 5405 1854 5478 commercium
1873 5425 1950 5502 est,
1969 5409 2101 5518 quibus
2114 5404 2197 5508 plus
2214 5440 2279 5490 sa.

1622 2499 1920 2576 thelsemto.
