4688 5826
235 261 311 342 scr
702 245 860 327 unca.
893 245 970 324 nn
1002 203 1207 324 r‘annr.
1238 245 1297 321 nv
1327 209 1811 328 anrrnnnmcor't
2193 249 2266 330 oa

240 433 389 516 delicet,
419 441 675 504 numerantem.
734 421 833 494 llere
871 427 974 495 censs
1008 437 1078 511 est,
1110 445 1175 494 cur
1201 435 1237 494 et
1286 443 1493 494 communes
1515 419 1724 515 disciplinas
1740 423 1838 494 illssn
1859 435 1994 517 partem
2015 424 2061 496 de
2075 424 2275 498 motr'lruset

243 553 379 610 νιιιιιι
395 533 525 607 Graeci
541 544 621 625 post
636 526 905 600 Grammatieeu
922 551 1002 596 mox
1023 525 1239 598 tradiderint
1287 523 1471 595 effectibus
1485 525 1695 596 coelestibus
1709 527 1917 616 adiungant.
1943 523 2051 598 Hune
2066 527 2196 614 virum,
2216 529 2274 624 qui

245 636 525 722 Arithmeticen,
561 633 691 704 deinde
735 630 840 702 tertio
875 631 954 700 loco
989 630 1239 721 proponebant
1286 627 1490 698 universam
1503 621 1774 720 Philosophiam
1795 630 1917 700 animo
1933 631 2154 722 complexus,
2181 654 2274 702 arca

243 741 480 823 Dialecticen,
507 751 633 832 quarto
651 731 903 806 Geometriam.
948 730 1126 803 Videbant
1142 732 1237 800 enim
1286 751 1350 800 nas
1366 752 1487 800 causas
1503 729 1740 822 plurimarum
1757 733 1996 802 mutationum
2017 733 2056 802 iu
2073 747 2218 819 natura,
2241 747 2274 804 et

244 844 461 920 Dialecticeu
479 841 581 910 initia
596 861 734 910 sumere
748 837 792 906 ab
807 829 1063 920 Arithmetica,
1088 847 1123 904 et
1136 859 1237 904 exer·
1287 826 1476 902 bominum
1500 832 1592 916 vita,
1616 843 1651 902 et
1672 833 1788 906 fontes
1810 835 2030 922 virtutis,·rt
2046 829 2272 908 bonestorum

245 947 368 1019 citatio
383 940 694 1036 multiplicationis
709 951 744 1008 et
760 936 964 1019 divisionis,
984 937 1118 1029 optime
1134 961 1236 1029 prae·
1287 934 1485 1004 officiorum
1502 933 1690 1024 intelligit,
1715 949 1809 1007 recte
1826 938 1969 1008 beatum
1983 938 2195 1024 dixerimus,
2211 937 2273 1008 sic·

247 1062 350 1144 parat
373 1047 514 1138 ingenia
539 1045 581 1114 ad
606 1040 847 1137 syllogismos.
904 1037 992 1109 ltem
1014 1039 1066 1108 vis
1089 1041 1236 1108 demon·
1288 1049 1378 1108 utet
1396 1034 1849 1130 Vergiliussapientissime
1866 1039 1971 1111 dixit:
2081 1057 2083 1062 ’

248 1151 430 1224 strationis
459 1149 586 1218 melius
607 1143 758 1232 intelligi
784 1154 914 1234 potest,
948 1141 1087 1232 cognita
1111 1136 1235 1211 Arith-
1395 1143 1506 1208 Foelix
1522 1150 1575 1231 qni
1588 1152 1689 1230 potuit
1701 1169 1802 1210 rerum
1815 1169 1994 1231 cognoscere
2008 1167 2124 1212 οιιιιιι.

248 1255 394 1326 metica:
422 1252 505 1346 quia
528 1245 614 1320 haec
631 1243 737 1317 hebet
752 1245 903 1314 maxime
921 1243 1074 1314 illustres
1089 1245 1236 1312 demon·
1458 1313 1461 1322 ,
1726 1241 1821 1320 Dixi,

248 1358 473 1428 strationes..
499 1351 681 1422 Praeterea
696 1347 802 1416 multi
817 1346 887 1416 loci
911 1347 948 1414 in
971 1345 1156 1416 autoribus
1178 1370 1237 1414 oo-

248 1472 417 1542 currunt,
449 1455 511 1550 qui
533 1454 609 1522 sine
632 1447 697 1521 hac
718 1462 792 1520 arte
814 1473 888 1518 non
907 1462 1055 1541 possunt
1075 1447 1238 1536 intelligi.

248 1557 477 1659 Pythagorici
497 1557 644 1647 figurate
665 1553 719 1622 usi
745 1566 829 1622 sunt
842 1551 1024 1620 vocabulis
1039 1545 1238 1620 arithmeti-

251 1665 320 1750 cis,
344 1685 455 1756 eaque
479 1657 740 1730 transtulerunt
763 1655 806 1722 ad
829 1649 1017 1748 Physicam
1042 1666 1076 1723 et
1098 1655 1143 1722 ad
1159 1677 1237 1721 mo·
1288 1648 1352 1725 Nr.
1368 1649 1429 1724 40.
2062 1663 2127 1744 (su.
2146 1661 2229 1726 1536
2246 1660 2276 1741 i)

250 1767 360 1838 ralem
376 1755 658 1853 Philosophiam.
710 1755 769 1829 Sic
781 1754 875 1826 enirn
890 1751 1108 1850 Pythagoras
1122 1753 1237 1824 Deum
1288 1749 1418 1776 Μ
2065 1753 2271 1792 Ἃ

252 1867 428 1940 definivit:
471 1863 567 1934 Deus
588 1874 641 1930 est
662 1881 820 1929 excessus
840 1858 984 1926 maximi
1006 1881 1236 1926 numerorum
1384 1856 1461 1943 De
1484 1859 1771 1946 mmmmm
1795 1867 1843 1944 ey
1866 1858 2177 1972 geographia·

251 1995 356 2063 supra
371 1968 572 2062 proximum
585 1985 786 2032 narmernm.
840 1958 892 2030 lta
907 1959 1020 2030 voluit
1031 1959 1238 2049 significare,

249 2073 367 2146 Deum
388 2094 462 2140 esse
483 2090 614 2150 unum,
640 2078 676 2134 et
702 2061 845 2158 quidem
867 2085 1039 2132 summam
1064 2075 1239 2136 naturam.
1359 2053 1391 2109 ¹⁰
1405 2051 1531 2110 nectam.
1549 2051 1584 2108 Τ·
1599 2050 1621 2111 1·
1662 2053 1821 2130 dolare,
1850 2051 1969 2114 Servor.
1986 2054 2021 2112 T.
2036 2055 2055 2114 Ι.
2073 2054 2175 2127 pata
2191 2053 2276 2142 estti-

250 2173 341 2248 Nam
359 2172 544 2244 denarium
559 2167 727 2256 intelligit
741 2164 931 2236 maximum
943 2159 1238 2248 numerum,huie
1392 2123 1485 2180 ‘lud'
1502 2121 1535 2178 Τ·
1550 2121 1572 2180 ¹·
1590 2142 1617 2194 P·
1665 2121 1692 2181 ⁸·

253 2276 435 2393 Ρῐθξῖωΰῧ
455 2286 506 2343 ⁹⁵¹
530 2269 754 2391 ¹3⁰V⁰¹¹³fl¹¹⁸·
804 2263 975 2386 E¹ff⁰³⁸¹¹⁵
1000 2290 1105 2358 811ΡΜ
1129 2291 1240 2336 ’Μ’
1316 2303 1445 2374 Oratio
1468 2297 1768 2373 chstrormmio
1790 2308 1831 2371 et
1849 2300 2104 2400 (teopropln'u,
2129 2301 2256 2376 dubito

251 2403 394 2450 narrum
416 2391 467 2448 est
490 2389 627 2444 unitas:
654 2367 722 2442 hoc
744 2370 852 2439 modo
869 2369 1098 2439 involverunt
1112 2393 1239 2438 nume·
1654 2401 1921 2502 mumma&

251 2482 301 2552 ris
322 2494 431 2552 totam
461 2469 742 2568 Philosophiam.
799 2468 877 2541 Etsi
898 2486 1015 2541 autem
1038 2471 1164 2540 melius
1189 2483 1241 2540 est

250 2598 343 2656 artes
360 2581 502 2676 proprie
519 2579 674 2662 tradere,
697 2588 733 2646 et
754 2597 827 2644 non
848 2573 1029 2642 involvere
1044 2586 1135 2642 totas
1152 2573 1240 2662 ligu-
1289 2559 1410 2642 Vetus
1424 2570 1554 2662 legitur
1568 2570 1726 2668 Sibyllae
1739 2575 1922 2644 oraculum
1939 2577 1984 2646 de
1998 2571 2171 2660 Athenis,
2196 2579 2276 2648 duas

251 2688 301 2757 ris
322 2698 356 2756 et
377 2681 653 2772 aenigmatibus,
684 2692 802 2749 tamen
834 2676 1012 2744 interdum
1043 2676 1148 2746 etiam
1178 2675 1239 2744 alii
1290 2676 1323 2744 ei
1346 2687 1459 2766 pestes
1482 2675 1588 2744 exitio
1614 2677 1751 2746 suturas
1774 2699 1866 2762 esse,
1900 2677 2058 2763 fraudes,
2088 2693 2120 2750 et
2137 2681 2274 2750 Ducum

251 2780 481 2878 Philosophi,
513 2782 574 2876 qui
603 2778 785 2872 perspicue
806 2773 1075 2868 Philosophiam
1103 2779 1240 2848 tradere
1291 2777 1478 2868 ignaviam.
1530 2775 1600 2848 Sed
1622 2777 1652 2846 si
1675 2802 1898 2850 communem
1918 2773 2105 2852 hominurn
2124 2783 2277 2854 vitamet

253 2891 464 2967 voluerunt,
490 2879 662 2954 adhibent
676 2881 850 2973 exempla,
875 2875 1128 2964 Arithmetica,
1148 2903 1240 2974 qrrae
1292 2880 1456 2950 interitus
1471 2877 1677 2968 Regnorum
1693 2881 1970 2963 consideramus,
1997 2909 2071 2954 non
2086 2898 2159 2956 tarn
2172 2879 2276 2954 Athe·

252 3017 328 3062 non
350 2989 548 3079 intelligere
571 3000 674 3077 turpe
697 2996 758 3053 est.
808 2981 909 3052 Plato
930 3007 1010 3052 curu
1030 2982 1135 3066 dicit,
1160 3007 1241 3050 mu-
1291 2983 1369 3066 nis,
1401 3005 1507 3074 quam
1537 2981 1706 3052 omnibus
1728 2983 1879 3054 urbibus
1897 3009 1937 3056 ae
1962 2983 2123 3078 lmperiis
2146 2987 2275 3082 Sibylla

252 3095 321 3165 tari
346 3091 454 3182 Resp.
483 3101 627 3182 propter
653 3086 817 3156 coelestes
839 3107 977 3168 causas,
1008 3107 1099 3176 quae
1130 3098 1241 3154 certas
1293 3083 1481 3154 vaticinata
1505 3096 1566 3156 est.
1633 3078 1734 3154 Olim
1758 3081 1954 3156 Germania
1978 3105 2013 3160 ιι
2037 3090 2276 3180 magnitudine

252 3194 514 3268 vicissitudines
530 3213 647 3260 rerum
663 3187 821 3257 efficiunt
837 3186 874 3254 in
896 3185 1097 3256 civitatibus
1118 3199 1153 3256 et
1173 3187 1241 3253 im·
1291 3186 1491 3256 animorum
1509 3185 1720 3272 excellebat,
1743 3200 1778 3257 et
1792 3187 1830 3256 in
1845 3189 2004 3260 consiliis
2015 3190 2175 3278 veritate,
2200 3215 2276 3262 ean-

252 3297 380 3391 periis,
421 3293 554 3388 inquit:
613 3289 923 3380 Quemadmodum
953 3288 1083 3358 resistit
1114 3301 1240 3358 natura
1291 3291 1378 3357 dore
1400 3311 1439 3357 ac
1461 3287 1541 3362 lide.
1591 3286 1695 3358 Nunc
1719 3283 1857 3358 technis
1882 3305 2052 3377 certatur,
2085 3295 2275 3366 eluduntur

254 3401 294 3470 in
326 3395 492 3481 vocibus,
527 3419 608 3466 curn
642 3389 883 3484 sesquitertius
916 3391 1049 3460 fundus
1080 3389 1241 3479 iungitur
1292 3403 1384 3460 recta
1404 3391 1571 3474 consilia,
1594 3404 1695 3464 vetus
1717 3389 1779 3460 illa
1800 3393 1934 3480 gloriae
1956 3395 2122 3466 militaris
2142 3395 2274 3489 cupidi.

253 3499 441 3598 qnlnario‚
466 3500 503 3568 id
522 3507 591 3583 ιιι,
615 3518 694 3566 cum
717 3486 781 3564 διὰ
803 3487 997 3588 τεσσάρων
1018 3491 1162 3562 additur
1176 3485 1240 3562 διὰ
1291 3507 1343 3564 ιιι
1372 3505 1406 3562 ιι
1433 3491 1604 3564 fortitudo
1626 3492 1778 3566 extincta
1800 3507 1863 3565 ιιι
1932 3493 2015 3566 ldeo
2037 3499 2167 3570 videtis
2189 3492 2275 3568 nihil

254 3601 362 3677 πέντε
369 3655 380 3688 ,
409 3599 478 3673 hoc
492 3612 562 3684 est,
589 3622 668 3669 cum
691 3595 864 3687 completa
890 3609 942 3665 est
963 3589 1149 3664 harmonia
1176 3587 1240 3665 ded
1292 3617 1366 3664 esse
1389 3595 1647 3685 praesidiorum
1669 3595 1707 3664 in
1723 3607 1822 3668 tanto
1839 3596 1998 3686 periculo
2013 3601 2178 3690 publico,
2207 3623 2274 3670 non

252 3710 396 3779 πασῶν.
449 3701 502 3774 Ιιι
521 3725 601 3771 curn
617 3700 827 3769 circumacta
846 3710 897 3768 est
919 3697 1150 3787 imperiorum
1177 3721 1241 3787 pe·
1291 3697 1406 3767 solunt
1430 3693 1662 3780 Germaniae,
1688 3697 1749 3766 sed
1773 3697 1960 3769 universae
1985 3703 2144 3796 reliquae
2163 3699 2274 3774 Euro

253 3810 397 3892 riodus,
429 3818 541 3875 ruunt
561 3817 595 3873 et
615 3811 800 3870 mutantur
822 3796 980 3889 Respub.
1039 3795 1180 3868 Adiecit
1206 3809 1241 3866 et
1300 3821 1369 3868 rae.
1421 3794 1474 3866 De
1496 3821 1569 3890 qrro
1591 3797 1768 3887 cogitans,
1793 3801 1945 3870 maxime
1966 3827 2077 3892 angor
2098 3806 2273 3874 unimode

253 3932 392 3982 cansam
408 3903 520 3992 hanc,
545 3903 628 4000 quia
648 3927 728 3973 curn
743 3900 840 3993 plani
861 3901 941 3968 curbi
957 3900 1180 3990 complentur
1196 3899 1238 3968 ad
1297 3896 1448 3969 Ecclesia
1479 3913 1513 3970 et
1541 3901 1583 3970 de
1613 3900 1744 3970 nostris
1766 3903 1911 3988 studiis,
1941 3904 2071 3998 quibus
2094 3908 2273 3998 praecipue

253 4011 388 4084 solidos
409 4033 541 4103 usque,
567 4031 632 4076 ner
653 4003 748 4074 enim
772 4015 898 4071 natura
922 4001 1072 4071 ulterius
1093 4023 1239 4093 progre-
1292 4001 1443 4072 Turrita
1471 4001 1652 4072 barbaries
1680 4002 1877 4074 vastitatem
1901 4021 1934 4076 et
1957 4009 2140 4079 interitum
2166 4010 2273 4077 mina.

254 4115 372 4199 ditur,
402 4111 506 4182 multi
535 4109 724 4180 dissimiles
747 4103 886 4174 numeri
909 4117 1156 4196 procreantur:
1190 4103 1240 4174 ita
1292 4119 1360 4176 tur.
1412 4101 1626 4197 Quanquam
1647 4103 1756 4194 igitur
1776 4104 1985 4196 impendent
1997 4110 2120 4180 fatales
2136 4133 2273 4202 poenae,

255 4220 444 4306 degeneres
465 4213 578 4300 cives,
605 4211 668 4305 qui
692 4224 808 4281 tamen
833 4206 1019 4296 potiuntur
1040 4204 1182 4300 Repub.
1199 4229 1240 4276 ex
1290 4221 1331 4277 nt
1352 4206 1462 4276 multa
1485 4219 1569 4276 strnt
1590 4229 1664 4276 non
1684 4207 1800 4276 solum
1824 4207 1864 4278 in
1887 4209 2007 4294 astris,
2034 4214 2095 4284 sed
2116 4214 2220 4284 etiam
2238 4211 2271 4280 in

253 4315 569 4412 praestantioribus
589 4315 677 4397 orti,
702 4322 865 4380 evertunt
886 4305 1043 4400 Respub.
1070 4307 1238 4399 paulatim
1292 4308 1450 4378 moribus
1466 4303 1671 4388 hominum,
1696 4309 1815 4400 signa,
1841 4325 1958 4382 tamen
1975 4308 2040 4384 hac
2055 4339 2113 4384 me
2126 4339 2187 4408 spe
2201 4337 2271 4384 sus-

254 4445 366 4516 usque
382 4421 426 4489 ad
445 4418 642 4511 periodum.
695 4411 763 4482 llic
778 4436 823 4480 ne
837 4411 1006 4480 vocabula
1021 4411 1165 4504 quidem
1183 4409 1241 4478 in·
1291 4423 1408 4495 tento,
1433 4407 1608 4481 Ecclesiae
1623 4405 1700 4480 Deo
1723 4435 1828 4482 cistae
1840 4413 1978 4484 futuras
1992 4437 2084 4498 esse,
2113 4431 2148 4488 et
2166 4419 2269 4488 lilium

255 4525 464 4613 telliguntur
486 4520 564 4589 sine
591 4511 835 4587 Arithmetica.
891 4510 960 4584 Sed
984 4507 1051 4582 hee
1072 4513 1240 4586 utilitates
1290 4511 1358 4582 Dei
1388 4525 1694 4606 propugnatorum
1724 4527 1864 4584 nostros
1894 4530 2030 4602 coetus,
2080 4535 2120 4591 ut
2149 4516 2270 4592 Daniel

256 4626 407 4697 leviores
423 4637 525 4706 sunt,
549 4620 632 4690 illae
646 4632 729 4688 sunt
752 4637 918 4705 magnae,
943 4638 1031 4708 quas
1053 4638 1159 4707 supra
1182 4637 1237 4684 re·
1290 4614 1476 4706 praedixit.
1528 4612 1649 4704 Quare
1669 4609 1755 4686 haec
1777 4617 1893 4689 studia
1914 4618 2039 4700 nobis,
2073 4623 2270 4693 adolescen-

254 4729 396 4811 censui,
429 4725 526 4819 quod
548 4745 628 4792 curn
657 4720 695 4788 in
726 4717 849 4788 multis
869 4716 947 4786 aliis
969 4718 1062 4788 vitae
1085 4715 1240 4807 negociis
1290 4729 1360 4796 tes,
1385 4731 1556 4788 nonsunt
1571 4716 1790 4804 abiicienda,
1814 4721 2077 4812 desperatione,
2104 4712 2160 4795 iel
2176 4747 2270 4816 prae·

254 4826 321 4902 hae
335 4842 410 4900 arte
425 4851 513 4918 opus
528 4824 592 4907 sit,
614 4836 690 4892 tum
706 4845 789 4890 vero
809 4819 885 4889 sine
901 4843 939 4888 ea
957 4819 1001 4888 ad
1020 4819 1118 4889 illam
1135 4841 1238 4910 prae·
1290 4817 1464 4905 mierum,
1490 4820 1547 4888 vel
1562 4818 1695 4892 salutis.
1746 4817 1823 4891 lrno
1839 4844 1881 4892 eo
1898 4824 2080 4896 ardentius
2094 4827 2269 4898 excitanda

153 4941 156 4948 “
256 4931 505 5007 stantissimam
530 4917 781 5016 Philosophiae
806 4933 938 5012 partem
964 4922 1009 4990 de
1031 4923 1137 4994 rebus
1156 4943 1236 4991 coe·
1289 4933 1390 5006 sunt,
1414 4935 1455 4992 ut
1477 4921 1583 4992 etiarn
1607 4921 1700 4991 inter
1719 4922 1856 4993 medios
1877 4917 1996 4996 hostes
2011 4941 2270 5012 conserventur,

255 5025 402 5106 lestibus
416 5031 537 5103 nullus
549 5040 664 5121 pateat
678 5026 804 5098 aditus.
856 5020 1091 5114 Haecmagna
1108 5039 1240 5114 etgra-
1288 5023 1318 5091 si
1342 5022 1391 5094 ita
1413 5024 1528 5094 ferent
1551 5025 1633 5096 lata.
1698 5019 1747 5094 Et
1770 5023 1940 5118 quoniam
1963 5024 2001 5098 hi
2023 5031 2136 5104 nostri
2158 5044 2269 5102 coetus

256 5137 308 5206 vis
330 5159 431 5207 causa
456 5147 528 5218 est,
561 5154 650 5225 qnae
674 5129 864 5200 accendere
887 5149 1072 5216 generosas
1094 5140 1238 5198 naturas
1290 5147 1369 5216 pars
1386 5141 1468 5197 sunt
1484 5121 1683 5208 Ecclesiae,
1709 5128 1847 5218 quoties
1861 5131 2112 5214 convenimus,
2138 5132 2268 5225 quoties

254 5241 298 5308 ad
321 5235 414 5308 hanc
435 5250 545 5307 artem
567 5234 690 5316 debet,
715 5230 798 5324 quia
821 5227 884 5322 qui
900 5242 1066 5320 expetunt
1089 5229 1238 5300 solidam
1288 5228 1332 5296 de
1348 5229 1474 5300 studiis
1487 5227 1691 5317 cogitamus,
1715 5231 1882 5302 accedant
1898 5232 1954 5322 pis
1972 5249 2065 5324 vota,
2086 5249 2118 5304 et
2134 5255 2268 5305 oremus

254 5339 470 5422 doctrinam,
495 5349 529 5407 et
548 5335 683 5426 magnis
705 5333 793 5403 viris
811 5331 972 5420 dignam,
995 5332 1162 5402 omnibus
1182 5327 1239 5398 in·
1287 5325 1423 5415 Deum,
1449 5329 1591 5400 Patrem
1614 5330 1815 5402 liberatoris
1835 5335 1947 5408 nostri
1968 5333 2046 5407 lesu
2062 5332 2212 5421 Christi,
2232 5347 2268 5403 nt

253 5442 367 5533 geniis
387 5439 524 5510 viribus
544 5437 756 5508 contendere
778 5434 927 5518 dehent,
957 5446 996 5504 ut
1017 5435 1061 5504 ad
1085 5447 1238 5506 caeteras
1287 5427 1482 5503 Ecclesiam
1507 5443 1542 5503 et
1562 5426 1710 5506 honesta
1734 5435 1851 5508 studia
1872 5437 2057 5528 defendat,
2081 5461 2146 5512 nus
2161 5447 2268 5510 servet
