4704 5826
211 283 310 360 coos
727 267 886 350 naon
919 267 995 350 na
1027 233 1334 356 creatora
1368 277 1718 364 cuononem.
1968 315 1979 336 ·
2145 291 2242 368 ιοοι

211 455 468 548 Breviloquur,
506 448 568 544 qcri
596 461 701 532 tunc,
733 471 813 518 com
845 448 1007 520 nondum
1039 447 1205 522 meliores
1255 421 1445 546 temporie,
1468 442 1601 528 tribuit
1617 457 1762 532 lectioni
1782 453 2015 551 propheticae.
2070 455 2122 532 lta
2138 459 2241 532 simul

213 559 296 632 libri
322 558 359 626 in
383 551 450 624 hoc
470 575 596 643 genere
612 547 843 631 haberentur,
870 563 904 622 el
918 549 1090 642 expetitus
1105 565 1156 622 est
1171 563 1206 624 cc
1255 572 1290 626 et
1304 553 1481 628 Ecclesiae
1500 558 1699 632 doctrinam
1720 561 1850 633 rectius
1864 563 2040 649 discebat,
2065 577 2100 636 et
2117 563 2156 632 in
2174 563 2243 634 lin·

212 660 340 734 studiis
355 655 499 749 profuit.
1255 681 1324 750 gua
1342 659 1577 732 exercebatur.

316 791 412 884 Quia
426 812 509 860 vero
525 788 724 860 doctrinam
739 783 832 858 luris
845 785 1083 871 inchoaverat,
1104 783 1205 854 cuius
1357 790 1519 888 Cumque
1537 795 1607 865 tam
1630 805 1705 866 non
1722 797 1820 870 mdis
1837 795 2076 871 “sermm
2092 798 2245 890 linguae,

214 897 329 972 studia
360 896 399 964 in
424 891 542 964 Gallia
569 889 705 960 maiora
735 910 809 960 csse
839 887 990 972 sciebat,
1023 885 1205 960 Aureliam
1255 919 1348 966 nova
1369 895 1402 966 ei
1422 897 1551 988 legatio
1573 909 1608 968 et
1622 923 1695 968 non
1712 899 1866 970 difficili,
1880 903 1924 971 ad
1941 901 2067 972 urbem
2080 897 2244 978 Romam,

213 999 392 1094 proiectus
406 1007 469 1080 est,
483 993 547 1064 ubi
563 991 628 1062 etsi
643 991 850 1084 praecipuus
867 991 1056 1060 laborarat
1072 989 1206 1058 discere
1255 991 1457 1069 facultatem
1473 999 1634 1090 praebuit
1642 997 1778 1073 Romae
1793 1003 1962 1072 audiendi
1978 1000 2149 1072 laadaeum
2167 1025 2245 1092 per.

214 1101 308 1174 luris
323 1097 531 1179 doctrinam,
556 1107 672 1164 tamen
688 1087 851 1162 hortator
864 1091 932 1162 luit
947 1090 1122 1160 iuventuti
1139 1113 1204 1158 no·
1256 1101 1343 1172 fecte
1371 1100 1549 1172 eruditum
1578 1101 1616 1169 in
1640 1123 1702 1172 sua
1728 1101 1866 1192 lingua,
1899 1099 2074 1182 Ampium,
2107 1116 2150 1174 ῃῑ
2174 1104 2246 1192 ip„

213 1204 304 1288 bili,
326 1216 367 1272 ut
382 1199 539 1288 linguam
560 1195 706 1264 latinam
720 1207 812 1264 recte
828 1194 1021 1277 discerent,
1045 1215 1086 1262 ac
1103 1213 1207 1260 enar·
1256 1199 1428 1271 nominat.
1496 1199 1566 1273 Sed
1592 1201 1796 1296 priusquam
1821 1207 1866 1274 de
1891 1227 1930 1276 ra
1954 1204 2132 1294 legatione
2156 1206 2247 1286 dico,

215 1305 308 1376 cavit
329 1297 512 1372 Ciceronis
531 1293 727 1389 Epistulas,
755 1295 935 1366 interdum
952 1307 986 1364 et
1003 1293 1210 1384 graecado-
1257 1301 1457 1372 recitandae
1488 1319 1572 1375 aunt
1602 1307 1775 1397 quaedam
1804 1305 1906 1375 aulae
1935 1304 2246 1394 Wirtebergensis
2334 1313 2335 1334 ¹

216 1407 300 1491 cuit,
326 1403 376 1473 ibi
391 1423 470 1472 cum
484 1401 651 1492 frequens
666 1421 746 1466 eum
764 1396 932 1466 nobilitor
947 1395 1096 1477 audiret,
1116 1416 1207 1488 quae
1257 1405 1490 1484 mutationes,
1515 1427 1606 1498 qnae
1626 1399 1723 1476 hunc
1745 1405 1852 1476 etiam
1868 1431 1941 1476 non
1959 1407 2084 1476 leviter
2099 1407 2246 1477 adflixe-

217 1502 419 1596 didampo,
442 1501 639 1570 liberaliter
653 1499 776 1582 dabat,
802 1511 963 1589 sumptus
984 1491 1110 1566 habuit
1124 1517 1207 1566 ⁸¹10-
1258 1517 1362 1588 runt,
1409 1517 1443 1576 et
1480 1507 1674 1576 multarum
1713 1529 1832 1578 renam
1861 1507 2020 1600 exempla
2050 1509 2246 1579 contineat.

216 1633 297 1680 rum
320 1605 518 1676 studiorum
545 1601 715 1691 copiosos·
768 1595 929 1670 Ornatus
954 1613 1071 1670 antem
1095 1599 1208 1688 gradu
1258 1603 1462 1678 Eberardus
1506 1605 1643 1700 primus
1683 1609 1754 1678 dux
1791 1607 2098 1700 Wirtebergensis
2140 1623 2247 1678 testa·

216 1712 257 1780 in
269 1706 434 1786 Pictavi&
459 1703 566 1774 rediit
581 1703 619 1772 5¹¹
635 1699 875 1786 Germaniam,
900 1698 1207 1788 δῦΰῑΤΰδῑῦὅθῑῦ
1258 1720 1416 1780 mentum
1447 1708 1677 1794 condiderat,
1705 1723 1745 1782 ut
1771 1709 1848 1802 ipso
1873 1711 2026 1781 extincto
2046 1713 2248 1780 succederet

216 1810 516 1906 proficisceretur,
557 1804 756 1874 invitabant
782 1827 864 1872 eum
894 1813 928 1871 ei
952 1801 1115 1872 vicinitass
1145 1823 1208 1892 pe-
1258 1809 1461 1878 aclolesceus
1487 1808 1647 1894 Ulcirus,
1679 1811 1736 1880 cui
1764 1823 1882 1882 tamen
1911 1825 2025 1882 certos
2052 1825 2192 1882 tutores
2214 1823 2248 1880 et

216 1916 324 1997 triae,
351 1923 385 1980 et
407 1906 558 1978 recentis
580 1903 809 1988 Academiae,
835 1916 869 1973 et
888 1903 989 1974 aulae
1011 1901 1209 1988 celebritas,
1258 1911 1510 2001 gubernatores
1525 1911 1681 1996 addidit,
1705 1926 1828 1986 eonem
1844 1913 1881 1984 id
1899 1924 2151 1986 testamentum
2169 1935 2248 1982 suc.

217 2039 301 2086 nam
322 2026 356 2084 et
378 2012 415 2080 in
435 2005 626 2080 Academia
650 2022 683 2078 et
699 2006 737 2074 in
754 2005 834 2076 aula
855 2004 1077 2076 eruditorum
1092 2005 1209 2075 etbo·
1259 2011 1361 2082 ccssit
1393 2012 1501 2092 alius,
1535 2013 1634 2084 cuius
1662 2027 1824 2084 naturam
1853 2038 1925 2084 nou
1957 2015 2170 2106 probaverat
2193 2037 2248 2082 sa·

218 2139 348 2189 uorum
367 2113 526 2182 virorum
546 2131 674 2198 magna
702 2107 900 2200 frequessfia
925 2119 1016 2187 erbis
1054 2127 1207 2200 quorum
1258 2113 1360 2202 piens
1388 2127 1423 2184 et
1445 2114 1562 2184 boum
1580 2111 1751 2206 Princeps
1772 2111 1987 2188 Eberardus.
2050 2111 2126 2184 Nec
2146 2115 2248 2184 sefel-

216 2217 329 2312 aliqui
342 2217 381 2286 in
399 2210 529 2284 Galliis
544 2210 734 2280 familiares
749 2207 917 2301 capnioui
929 2208 1080 2282 lucrant.
1258 2215 1302 2286 lit
1329 2211 1555 2286 Eacaardam
1583 2239 1646 2284 sua
1671 2216 1717 2285 de
1745 2215 1809 2286 illo
1839 2215 2030 2302 divinatio,
2067 2239 2248 2286 successor

320 2346 611 2424 Acutinaulam
623 2343 944 2428 citiusvocaretur,
971 2335 1209 2414 occasiohaec
1259 2315 1392 2406 P⁰lilu⁸
1420 2315 1574 2402 (ἶῐῑῖθῐὶθι
1606 2311 1822 2388 Milichum
1849 2313 2153 2408 Aubuffissiflnum
2184 2311 2248 2386 52·-
2339 2331 2340 2420 l

216 2457 306 2541 luit,
324 2451 493 2540 Princeps
508 2448 664 2538 optimus
681 2441 885 2516 Eberardns
900 2468 941 2514 eo
959 2457 1116 2536 tempore
1131 2441 1212 2514 Ro·
1258 2417 1338 2537 buit
1358 2417 1562 2538 ministrum
1583 2418 1744 2487 omnium
1764 2418 2011 2538 cupiditatum.
2069 2415 2140 2487 Hic
2163 2419 2247 2512 quia

216 2581 312 2629 mam
328 2550 502 2646 proficisci
517 2551 737 2632 decreverat,
763 2571 834 2640 quo
849 2570 930 2615 rum
945 2537 1209 2614 senesNauclc-
1259 2519 1478 2608 ¹⁰¹⁰¹¹¹80b21
1495 2540 1551 2637 ³5¹
1565 2519 1659 2612 epud
1675 2517 1962 2592 Maxrmrlranum
1978 2517 2248 2639 Imperatorem,

217 2684 317 2739 rum,
344 2654 489 2725 Petrum
513 2648 749 2720 Arlunenscm
772 2661 807 2718 et
825 2643 1029 2717 Gabrielem
1055 2647 1211 2729 duceret,
1259 2633 1300 2690 ut
1320 2641 1496 2690 successor
1517 2619 2164 2739 allecemovereturagubernatione,
2191 2647 2248 2692 m-

216 2758 257 2832 bi
275 2765 511 2836 monuerunt,
535 2763 578 2820 ut
592 2750 845 2838 adiungeretur
864 2747 950 2840 ipsis
964 2745 1121 2840 Capnio,
1145 2747 1209 2842 qui
1258 2723 1367 2794 ΜΠ*
1394 2735 1469 2841 θξθῑ
1495 2723 1701 2841 ⁰m¹¹¹bn⁸,·
1715 2746 1779 2816 per
1805 2745 1894 2817 quos
1923 2747 1962 2793 ca
1985 2745 2041 2792 res
2064 2723 2247 2841 agebatur,

217 2877 254 2936 et
275 2875 409 2932 exteras
431 2853 592 2924 nationes
615 2865 717 2923 antea
734 2851 898 2935 vidisset,
927 2863 962 2920 et
976 2871 1081 2920 usum
1098 2843 1211 2918 habe·
1259 2847 1298 2894 ³⁰
1319 2845 1507 2918 i’l'ffll’ue
1526 2819 1720 2916 C³P¹¹¹⁰¹¹¹a
1744 2847 1850 2942 qtrem
1873 2847 1954 2894 cnm
1974 2825 2187 2944 decrevcsset
2210 2849 2247 2942 ru

217 2980 273 3039 ret
294 2961 403 3034 latine
425 2954 567 3027 dicendi
587 2965 622 3022 et
635 2953 831 3034 scribendi,
856 2965 891 3022 et
903 2973 1030 3020 sonum
1047 2973 1211 3041 pronun·
1259 2947 1432 2994 emerem
1461 2925 1654 3042 abducere,
1696 2939 1859 3044 monitus
1887 2923 2043 3044 Capnio,
2066 2926 2181 3044 ‚5¹²5st
2209 2949 2246 3042 cp

215 3063 380 3137 ciationis
406 3057 526 3128 minus
549 3049 747 3127 horridum.
805 3049 902 3121 Haec
934 3051 1035 3120 initia
1063 3051 1210 3121 lucrcmt
1259 3021 1613 3146 aylam-Palatinam,
1644 3025 1707 3096 uln
1729 3039 1821 3144 ‘tnnc
1845 3039 1951 3097 crunt
1973 3049 2042 3144 vrrs
2065 3049 2135 3118 1psr
2157 3051 2248 3144 amc-

216 3161 396 3258 Capnioui
416 3157 565 3228 militiae
586 3155 738 3238 aulicae,
767 3152 835 3222 luit
857 3151 952 3222 enim
969 3150 1128 3244 Principi
1144 3157 1209 3224 ad·
1259 3149 1407 3244 ⁶¹J⁸¹ffl¹a
1436 3123 1653 3246 Dfllbtlfgrns
1682 3148 1866 3218 episcopus
1894 3124 2140 3245 Vangionum,
2172 3126 2247 3253 P!¹'

197 3243 365 3340 *modurn
387 3273 484 3353 grata
506 3257 619 3349 ipsius
643 3256 817 3326 industria
835 3251 991 3335 Romae,
1024 3253 1108 3347 quia
1129 3255 1209 3322 ani·
1259 3249 1341 3346 Ψ
1368 3225 1625 3310 Cancellarrus,
1658 3224 1872 3325 Rudolphus
1900 3225 2088 3318 Agrrcola,
2121 3242 2157 3300 et
2183 3227 2247 3296 lc-

216 3367 407 3443 madvertit
440 3358 609 3430 libentius
641 3355 758 3427 audiri
784 3351 979 3448 Capnionis
1010 3355 1222 3426 orationem.
1258 3329 1375 3420 311108·

218 3501 239 3546 a
273 3467 421 3542 summis
446 3462 554 3546 viris,
587 3481 695 3554 quam
718 3457 891 3543 aliorum,
920 3457 983 3550 qui
1008 3457 1210 3528 retinebant
1315 3491 1322 3508 ·
1362 3441 1499 3515 Videtis
1513 3456 1547 3514 et
1559 3441 1767 3534 Principum
1783 3443 2106 3544 dissimilitudines,
2131 3459 2168 3516 et
2180 3445 2248 3516 bo.

216 3573 373 3669 Parium
394 3587 534 3637 mum·
1258 3569 1388 3616 norum
1409 3546 1569 3616 virorum
1593 3544 1768 3638 pericula,
1793 3546 1856 3640 qui
1878 3569 1954 3616 non
1976 3569 2059 3618 raro
2080 3546 2172 3616 illud
2187 3569 2247 3638 ge-

320 3704 404 3776 Non
425 3699 538 3772 multo
561 3708 641 3788 post
664 3694 817 3764 reditum
838 3691 990 3782 Legatos
1007 3691 1135 3762 missus
1157 3705 1209 3764 est
1258 3661 1393 3720 mmm
1408 3659 1588 3740 “Pam“

217 3811 265 3882 ad
286 3803 508 3880 Fridericum
534 3795 805 3888 Imperatorem,
836 3793 899 3862 ubi
929 3793 1024 3865 inter
1045 3791 1208 3865 Medicus

182 3950 188 3966 s
220 3903 448 4003 Imperatoris
462 3913 536 3972 erat
553 3895 702 3968 iudaeus
717 3889 828 3964 lehiel
842 3892 980 3975 Loans,
1006 3917 1111 3988 quern
1127 3920 1208 3965 cum

220 4015 260 4084 in
283 4013 355 4082 illis
390 4003 514 4076 aulicis
546 3998 790 4088 congressibus
822 3997 929 4064 semel
952 4009 1057 4090 atque
1079 3997 1208 4067 iterum
1333 3996 1509 4072 Exulabat
1531 3999 1641 4089 igitur
1660 3995 1816 4091 Capnio,
1839 3997 1959 4068 sedin
1980 3998 2061 4068 aula
2083 3995 2246 4070 Palatina

217 4113 356 4206 Capnio
372 4105 506 4201 aliquid
521 4103 566 4172 dc
579 4101 699 4190 lingna
713 4095 830 4168 Ebrca
846 4097 1040 4168 sciscitatus
1053 4111 1153 4184 esset,
1174 4111 1209 4168 et
1259 4117 1345 4174 tunc
1366 4102 1510 4196 quidem
1528 4102 1697 4186 florente,
1728 4123 1808 4170 cnm
1831 4113 1865 4170 et
1886 4097 2062 4190 Principis
2084 4094 2246 4191 Philippi

220 4213 333 4288 lehiel
352 4211 486 4280 videret
505 4229 585 4274 eum
610 4203 753 4270 avidum
773 4221 845 4268 esse
862 4199 938 4268 eius
959 4199 1119 4289 linguae,
1144 4203 1209 4270 ad·
1259 4205 1371 4274 virtus
1392 4203 1528 4294 egregia
1545 4215 1651 4287 esset,
1677 4213 1712 4270 et
1727 4201 1833 4272 multi
1847 4199 1917 4269 viri
1932 4200 2028 4269 docti
2043 4199 2154 4269 simul
2167 4225 2247 4271 vcr-

220 4319 319 4388 misit
342 4337 423 4384 eum
444 4311 483 4376 io
502 4303 777 4374 familiaritatem
795 4313 830 4370 et
852 4300 1039 4388 legationis
1052 4313 1209 4394 tempore
1259 4319 1441 4389 sarentur,
1465 4327 1616 4398 quorum
1640 4303 1771 4392 singuli
1794 4323 1937 4391 magnas
1953 4299 2166 4371 Academias
2187 4325 2245 4371 or-

220 4417 372 4490 fideliter
387 4434 467 4482 eum
483 4409 522 4476 in
538 4403 778 4475 Grammatiea
792 4403 934 4473 erudiit.
965 4399 1035 4472 Hic
1048 4427 1129 4472 cum
1145 4405 1207 4473 de·
1261 4431 1346 4476 nare
1379 4417 1554 4497 poterant,
1622 4401 1767 4474 Talium
1802 4404 1997 4472 amicorum
2024 4405 2244 4473 consuetudo

221 4518 385 4590 liberatio
403 4507 637 4582 essctinaula
655 4505 1150 4590 demuneredandooratori,
1169 4519 1210 4576 ut
1261 4508 1405 4578 exilium
1420 4509 1453 4576 ei
1467 4507 1632 4580 leniebat.
1679 4503 1734 4575 lbi
1748 4518 1783 4574 ct
1797 4499 1965 4596 Philippo
1978 4501 2143 4573 Palatino
2157 4501 2246 4596 Epi-

220 4645 297 4693 mos
319 4632 390 4702 est,
412 4609 552 4706 Capnio
578 4631 640 4699 per
658 4603 754 4675 hunc
776 4629 879 4674 suum
895 4603 1107 4694 Magistrum
1127 4629 1210 4697 per·
1260 4625 1380 4680 tomen
1401 4605 1629 4679 historiarum
1651 4606 1864 4697 composuit,
1886 4605 2028 4674 recitata
2049 4605 2142 4674 serie
2169 4631 2246 4674 ιιιο-

219 4724 309 4806 licit,
340 4733 379 4790 ut
408 4717 603 4785 donaretur
622 4705 754 4778 Codice
775 4701 892 4776 Ebreo
914 4701 1151 4794 pulcherrime
1176 4721 1209 4778 et
1261 4706 1488 4780 narchiarum
1518 4733 1558 4778 ex
1580 4705 1763 4778 Herodoto
1794 4721 1831 4776 et
1851 4699 2111 4797 Xenophonte,
2146 4720 2182 4776 et
2207 4731 2245 4776 cx

221 4822 446 4914 integerrime
478 4813 628 4904 scripto,
667 4808 869 4880 continente
889 4807 1032 4878 Moiscu
1055 4822 1090 4878 et
1121 4809 1210 4878 alios
1260 4813 1339 4882 aliis
1363 4812 1467 4882 bonis
1490 4810 1739 4902 scriptoribus,
1770 4808 1833 4900 qui
1856 4821 1973 4898 postca
1998 4830 2054 4875 res
2076 4805 2245 4878 Macedo·

220 4930 332 4998 libros
365 4913 599 5012 propheticos.
654 4909 857 4992 Delectatus
882 4923 933 4979 est
962 4933 1066 4980 senex
1093 4923 1127 4980 et
1153 4933 1209 4979 sa-
1261 4913 1358 4982 uicas
1392 4927 1426 4984 et
1447 4911 1627 4984 Romanas
1649 4909 1922 4998 descripserunt:
1955 4907 2006 4976 ibi
2025 4910 2243 4978 comoediam

221 5032 322 5122 piens
351 5023 545 5112 imperator
568 5013 686 5086 studio
716 5007 872 5082 hominis
898 5013 1075 5102 germani,
1107 5025 1142 5082 et
1164 5013 1208 5081 ad
1261 5015 1417 5104 scripsit,
1441 5011 1577 5104 Capitis
1591 5023 1714 5102 caput,
1739 5010 1880 5100 plenam
1895 5008 1989 5098 nigri
2005 5009 2089 5078 salis
2102 5022 2136 5078 et
2149 5032 2245 5080 accr-

222 5145 356 5200 raetera
381 5127 478 5192 dona
507 5114 605 5186 hcrrtc
635 5109 913 5206 pulcherrimum
941 5115 1114 5198 codicem,
1146 5114 1209 5205 qui
1260 5115 1382 5185 bitatis
1403 5117 1570 5186 adversus
1594 5106 1828 5195 monachum,
1860 5110 1924 5203 qui
1948 5110 2022 5178 cius
2043 5111 2139 5182 vitae
2159 5113 2245 5181 insi-

222 5255 297 5300 non
314 5227 482 5319 potuisset
493 5220 563 5288 erni
580 5217 743 5288 trecentis
760 5215 886 5293 aureis,
912 5216 1083 5284 adiunxit.
1126 5213 1209 5284 Fla·
1262 5218 1379 5286 cliatus
1403 5237 1487 5289 erat.
1540 5213 1595 5284 lbi
1615 5227 1648 5282 et
1669 5213 1817 5283 alteram
1833 5211 2051 5281 comoediam
2066 5212 2182 5284 edidit
2194 5215 2245 5284 la-

221 5353 328 5422 grans
344 5329 451 5418 igitur
467 5321 603 5402 studio,
630 5331 664 5386 et
682 5315 831 5404 cognitis
846 5315 1074 5395 rudimentis,
1102 5317 1210 5386 etin·
1262 5319 1382 5388 bulam
1414 5319 1594 5410 gallicam,
1628 5314 1769 5406 plenam
1802 5313 1945 5383 candidi
1974 5311 2075 5396 salis,
2110 5314 2150 5382 in
2179 5336 2244 5405 qua

224 5417 376 5504 structus
392 5424 524 5510 bibliis,
543 5421 618 5512 ipsc
631 5420 703 5488 iam
718 5429 889 5510 quaenum
903 5420 984 5487 aula
998 5419 1211 5490 concedebat
1261 5421 1415 5492 forensia
1434 5414 1648 5512 sophismata
1669 5417 1855 5509 praecipue
1876 5428 1982 5486 taxet.
2040 5411 2144 5484 Hanc
2165 5437 2245 5486 nar-

1364 3772 1408 3852 ὡς
1426 3775 1582 3862 oipyulc'os
1603 3772 1719 3861 πρᾶγμ’
1746 3775 1831 3842 tacta
1851 3766 1878 3840 oi
1898 3775 1947 3854 ζεῢ
1967 3777 2019 3840 eal
2041 3761 2129 3861 acal,

1363 3861 1476 3926 dociles
1492 3857 1637 3946 prelo-ior
1655 3864 1934 3947 παραφρονοῦντος
1952 3855 2115 3927 deono'coa.
