4704 5826
2070 233 2155 314 980:
2262 307 2265 312 r

535 239 695 336 orco.
728 249 807 330 ou
840 185 1193 329 saturarum
1226 225 1301 306 ur
1333 222 1724 335 surrrarurs
1814 165 1817 172 ’

100 271 194 356 929,

99 448 194 519 adeo
210 439 344 516 vitibus
362 433 507 510 inimica
524 445 594 518 est,
619 444 659 502 ut
683 429 712 500 si
739 429 776 498 in
799 423 914 496 vineis
937 433 1103 494 nascatur
1123 488 1127 503 ,
1151 407 1374 496 frangamur·
1427 394 1716 470 Adamtnllcum
1737 415 1898 491 magnete
1913 419 2052 478 tantum
2065 409 2142 481 dis-
2213 438 2219 450 ·

98 547 271 630 brassica,
296 543 384 613 liant
401 538 635 611 infoecundae
652 533 758 602 vites:
787 542 821 599 et
836 527 964 596 iniecta
981 523 1020 592 in
1036 524 1101 592 do-
1151 509 1282 579 sldlum
1300 519 1368 589 est,
1392 515 1431 574 ul
1447 503 1542 570 iuxta
1561 501 1713 593 positus,
1737 527 1811 574 non
1826 507 1919 578 sinat
1935 534 2016 580 eum
2031 523 2144 582 attra.·

98 651 172 735 lia,
205 668 366 740 saporem
385 656 419 714 et
434 643 581 712 odorem
599 635 676 704 vini
694 644 909 722 corrumpat.
961 623 1101 698 Rursus
1151 607 1236 680 here
1259 611 1409 679 serrum:
1443 617 1475 674 et
1497 625 1575 673 0¹¹¹ss
1600 627 1664 674 uec
1687 604 1797 692 ferro,
1828 632 1893 680 nec
1920 612 1996 702 igni
2025 605 2141 704 frangi
2231 661 2234 668 -

99 749 258 822 brassica
277 745 404 818 arescit
419 743 549 814 iniecto
566 737 727 828 origano.
765 733 868 804 Talia
883 728 1041 820 exempla
1058 727 1102 796 de
1151 711 1283 805 possit,
1308 705 1450 779 hircino
1467 703 1637 793 sanguine
1653 707 1842 796 rumpitur.
1875 709 2054 801 Uniones,
2080 741 2141 786 co-

100 855 309 948 plantarum
322 848 417 920 iuter
435 867 509 914 sese
527 836 729 912 concordiis
752 849 786 907 et
810 829 997 920 discordiis
1021 850 1101 920 pas-
1149 815 1252 886 rullla
1268 811 1367 883 cordi
1383 809 1514 882 amica·
1547 804 1617 876 Sed
1634 831 1835 902 quanquam
1853 837 1980 904 magna
1995 817 2073 888 laus
2089 830 2142 888 est

102 957 176 1025 sim·
189 952 301 1023 multa
318 957 516 1020 occurrent.
568 940 687 1030 Magis
705 951 822 1009 autem
848 934 1102 1005 mirandusest
1150 931 1186 990 et
1208 915 1392 986 mirandae
1415 911 1509 980 vires
1535 909 1800 1000 peregrinarum
1825 936 2062 1006 gemmarum,
2085 933 2141 991 ta.

101 1079 228 1128 sensus
244 1049 550 1132 inanimantibus,
577 1065 668 1138 quae
683 1039 782 1136 quasi
798 1038 837 1106 in
851 1035 1006 1106 mantica
1022 1051 1101 1102 suas
1149 1041 1232 1088 men
1248 1031 1281 1088 el
1297 1013 1465 1086 miracula
1478 1009 1630 1092 tuccini,
1657 1013 1754 1104 quod
1770 1013 1809 1083 in
1830 1015 1912 1088 sinu
1933 1017 2068 1091 Baltico
2086 1022 2139 1092 le-

103 1159 277 1252 quasdam
310 1149 440 1222 herbas
468 1161 502 1222 et
532 1157 687 1228 norunt,
734 1153 768 1212 ct
798 1139 966 1232 praesidii
995 1143 1107 1206 'causa
1150 1122 1266 1212 silut,
1292 1113 2026 1202 coiElectrinomenattribuerunt,1101,
2051 1145 2138 1212 pau-

103 1269 293 1352 quaerunt.
358 1251 475 1348 Cygni
498 1263 539 1322 ut
559 1246 699 1318 facilius
718 1244 875 1338 pariant,
914 1234 1038 1312 thoros
1062 1235 1101 1304 in
1150 1223 1246 1294 clm
1270 1233 1373 1304 sunl,
1405 1239 1511 1312 quam
1534 1213 1684 1286 allautm
1709 1237 1942 1303 gemmarum.
1998 1221 2139 1296 Scimus

105 1361 204 1430 nidis
221 1383 260 1427 ex
278 1355 384 1426 vitice
397 1354 542 1424 collecta
557 1348 728 1420 efficiunt.
1149 1326 1319 1419 q¹¹⁰⁸d³¹⁰
1349 1317 1533 1412 iP⁰l³l⁸¹l³
1560 1317 1631 1386 lim
1656 1318 1864 1406 '¹¹⁰¹'llur08‚
1896 1338 2071 1414 servatos,
2104 1323 2139 1397 et

208 1473 438 1549 Ciconiarum
471 1448 548 1541 ovis
577 1465 795 1538 insidiantur
817 1453 1100 1552 vespertiliones:
1150 1427 1251 1545 ‘luffi
1267 1449 1308 1494 ⁸¹
1324 1421 1398 1493 ⁰¹⁶l
1412 1419 1573 1490 f³⁰⁶5b¹¹⁸
1588 1421 1753 1490 “duem
1769 1444 1858 1509 ²⁵³⁰,
1883 1449 1965 1498 cum
1982 1427 2138 1519 optimus

103 1577 173 1656 hos
189 1592 230 1650 ut
244 1579 400 1668 abigant,
426 1571 561 1666 platani
575 1569 660 1664 fqlia
680 1567 717 1635 in
736 1565 839 1634 nidos
854 1563 985 1644 ferunt,
1012 1575 1101 1650 quae
1148 1527 1337 1620 Pl¹¹¹⁰²P⁸s
1367 1520 1450 1593 ΒΜ
1471 1520 1664 1641 §mulier
1699 1518 1868 1606 hanuet,
1897 1530 2079 1599 admoveri
2094 1532 2139 1600 ad

1071 1655 1080 1674 ·
1149 1652 1253 1699 nares
1286 1641 1321 1698 et
1346 1625 1492 1702 accendi
1519 1645 1702 1692 succinum
1733 1623 1907 1710 iussisset,
1940 1630 2043 1720 pellit
2061 1631 2139 1702 foe.
2179 1667 2192 1696 .

104 1677 422 1776 vespertilionibus
441 1679 627 1765 stuporem
647 1667 793 1738 faciunt.
852 1661 905 1736 Ne
931 1655 999 1730 hoc
1020 1679 1102 1752 qur-

107 1787 192 1856 dem
207 1779 462 1874 significatione
487 1786 597 1844 caret:
620 1771 741 1841 fideles
764 1764 916 1836 ministr-i
937 1757 1100 1850 benigni·
1149 1726 1510 1904 {llfflflfllffiacglt'anl‘
1534 1737 1676 1818 pallui:
1702 1723 1995 1818 pcllltcalculum
2014 1731 2138 1804 inviis

1195 1860 1206 1902 ι
1255 1855 1366 1922 ermp
1425 1853 1448 1898 u
1488 1877 1496 1898 .

107 1899 182 1960 tate
212 1883 440 1953 dominorum
466 1889 590 1947 contra
621 1869 906 1966 vespertiliones,
942 1864 1038 1933 fures
1067 1871 1102 1929 et

107 1985 382 2059 calumniatores
397 1979 539 2070 tegendi
557 1987 651 2046 sunt.
700 1971 889 2064 Serpentes
905 1989 1009 2038 usum
1026 1963 1102 2032 loc·
1252 1981 1367 2054 ΡΜ
1383 1975 1623 2051 recensuimus
1639 1977 1797 2070 exempla
1817 1979 2056 2076 ovpnodelue
2074 1981 2140 2060 :eal

108 2088 235 2172 niculi,
257 2081 470 2155 hirundines
485 2074 681 2150 chelidonii
694 2083 948 2149 monstrarunt,
965 2079 1101 2138 utram·
1149 2079 1396 2164 ἀντιπαθείας
1417 2083 1455 2152 in
1470 2074 1718 2150 hariuleriore
1735 2093 1860 2154 natura
1906 2111 1973 2179 qua
1999 2088 2038 2157 in
2053 2113 2139 2160 nar-

108 2214 180 2310 que
194 2187 359 2257 videlicet
375 2179 522 2300 herbam
537 2179 650 2252 oculis
664 2174 812 2294 mederi.
846 2169 1003 2292 lliustela
1021 2189 1102 2237 mu·
1150 2190 1288 2259 ,agone
1312 2209 1452 2275 ,emper
1475 2205 1592 2274 mens,
1632 2175 1813 2254 architecti
1844 2137 2051 2278 sipiemiam
2082 2190 2140 2262 in·
2215 2173 2218 2192 ⁸

108 2306 167 2364 nrt
182 2303 311 2361 scruta
326 2283 530 2359 contraalra
547 2303 694 2351 venena.
745 2275 891 2348 Creonta
907 2283 1007 2343 e'urat
1022 2267 1100 2340 vul·
1150 2304 1309 2374 tueatur,
1335 2287 1397 2383 qui
1416 2284 1620 2378 eqeonsilm
1640 2296 1674 2352 et
1688 2284 1821 2376 species
1839 2305 1949 2362 certas
1967 2291 2152 2381 condidit.

109 2418 198 2464 nera
213 2391 371 2482 origano.
422 2383 622 2456 Dictamum
640 2375 786 2451 herbam
803 2370 1029 2448 extrahendis
1047 2393 1102 2439 sa-

111 2495 210 2590 gittis
239 2491 334 2564 cervi
362 2501 621 2576 monstravere,
664 2482 727 2578 qui
750 2477 949 2573 pastorius
973 2469 1104 2544 herbae

111 2598 183 2670 tela
199 2595 328 2690 quibus
349 2591 410 2662 icti
428 2603 511 2660 sunt
526 2587 685 2657 eiiciuut.
735 2579 874 2653 Corvus
891 2579 1004 2650 occiso
1020 2567 1104 2646 cha-

112 2699 309 2782 meleonte‚
336 2691 504 2781 abstergit
519 2690 637 2770 virus,
661 2687 834 2756 mandens
847 2681 939 2752 lauri
957 2678 1053 2750 folia.

217 2805 318 2910 lpsae
336 2811 441 2884 ctiam
458 2808 553 2880 inter
573 2827 647 2878 sese
667 2799 904 2874 animantium
927 2791 1104 2868 amicitiae

113 2933 150 2992 et
164 2914 390 3000 inimicitiae,
416 2909 653 2981 admiratione
669 2905 797 2996 dignae
811 2913 907 2974 sunt.
941 2896 989 2972 Ut
1002 2891 1105 2992 aquif

111 3022 169 3093 lae
183 3019 343 3091 nativum
359 3011 546 3086 dissidium
569 3022 622 3081 est
643 3032 724 3078 eum
747 3004 886 3101 cygnis,
907 3025 973 3072 nec
995 2999 1107 3069 laces·

114 3123 163 3196 sit
178 3135 296 3192 tamen
312 3139 445 3214 cygnus
461 3113 636 3208 aquilam,
657 3112 718 3180 sed
738 3131 840 3199 saepe
864 3105 973 3174 vincit
996 3103 1106 3173 laces-

114 3225 221 3295 situs:
246 3221 295 3293 ita
313 3243 414 3312 saepe
427 3239 524 3304 reges
541 3212 677 3283 inimici
700 3221 783 3280 sunt
807 3207 911 3278 bonis
932 3200 1107 3276 senatori·

114 3329 196 3400 bus.
246 3319 439 3417 Dionysius
449 3315 580 3402 Dioni,
605 3328 641 3386 ct
654 3311 766 3382 vincit
781 3308 878 3381 Dion
894 3306 1026 3377 iniuria
1042 3303 1107 3373 ad-

114 3429 241 3501 fectus.
291 3425 463 3507 Locusta,
489 3441 632 3497 cancer,
659 3437 786 3505 magna
808 3410 949 3483 solertia
971 3406 1108 3500 forcipe

116 3524 308 3624 prehendit
333 3525 422 3596 colla
446 3533 669 3613 serpentum,
695 3515 926 3608 quibuscum
951 3509 1109 3582 dimicat.

116 3629 192 3704 Leo
223 3629 389 3699 inimicus
418 3637 469 3694 est
500 3623 613 3715 lupis,
647 3642 776 3713 eosque
804 3613 969 3688 dilaniat:
1004 3625 1045 3683 ut
1069 3609 1108 3680 in

119 3755 225 3804 versu
239 3753 383 3828 quoquc
399 3726 547 3798 dicitnr:

273 3853 376 3919 'sorra
389 3856 492 3915 leaena
506 3851 616 3932 lupum
631 3847 777 3930 sequitur.

119 3969 174 4044 lta
192 3971 292 4040 decet
311 3959 445 4036 iustum
467 3982 585 4050 regem
607 3981 627 4028 e
649 3954 767 4025 medio
789 3951 913 4024 tollere
935 3949 1110 4020 latrones:

120 4094 273 4164 cumque
308 4080 447 4142 tantum
488 4063 600 4133 robur
628 4057 675 4130 sit
705 4056 839 4148 leonis,
879 4067 999 4126 tamen
1027 4045 1112 4139 galli

122 4189 229 4246 cantu
246 4168 454 4264 expavescit.

225 4289 344 4362 Multa
372 4299 456 4358 sunt
477 4297 512 4355 et
533 4279 571 4351 in
594 4275 751 4374 piscibus
770 4267 977 4342 huiusmodi
1004 4267 1122 4338 mira-.

122 4394 214 4466 cula.
276 4388 457 4462 Acerrime
482 4394 643 4480 pugnaui
670 4378 764 4448 inter
792 4399 828 4446 se
857 4368 1049 4464 delphinus
1079 4382 1113 4441 et

122 4517 291 4578 mercena,
320 4493 409 4562 alter
430 4488 572 4558 leonina
597 4477 843 4576 magnitudine
864 4475 975 4546 animi
999 4488 1034 4544 et
1052 4495 1113 4542 ro-

122 4597 213 4670 bore
236 4601 359 4685 re'gum
385 4591 532 4674 similis,
564 4606 712 4656 murena
738 4579 848 4664 dolis,
883 4591 916 4648 et
936 4575 1032 4670 gyris
1053 4598 1113 4644 so·

123 4697 261 4795 phistae
278 4695 413 4766 similis.
465 4690 629 4764 Grandes
646 4685 793 4756 balenae
816 4680 1016 4750 musculum
1040 4675 1114 4746 exi.

124 4825 234 4892 guum
258 4798 389 4892 piscem
410 4807 548 4880 amant,
574 4789 638 4886 qui
652 4799 770 4860 tantae
784 4783 909 4854 beluae
924 4779 1058 4852 erranti
1074 4778 1112 4848 in

124 4903 249 4996 pelago
267 4902 394 4973 ductor
408 4911 472 4972 est.

228 5018 388 5092 Plurima
400 5029 485 5088 sunt
499 5015 538 5084 in
554 5009 701 5104 gemmis
715 5020 749 5080 et
762 5000 915 5076 metallis
931 4991 1114 5078 miracula.
1149 5033 1152 5039 ,

124 5122 343 5196 Haematitcs
373 5118 580 5210 sanguinem
609 5113 720 5196 sistit,
752 5108 957 5198 smaragdos
981 5099 1115 5176 mederi

125 5225 366 5324 comitialibus
386 5217 607 5315 paroxysmis
630 5238 698 5285 usu
726 5223 945 5302 compertum
973 5220 1040 5278 est:
1082 5215 1117 5273 et

125 5326 262 5418 frangi,
288 5349 367 5396 cum
384 5321 502 5393 morbi
514 5314 760 5408 magnitudine
775 5323 1004 5406 superantur,
1027 5305 1116 5376 adeo

126 5431 235 5504 etiam
250 5426 438 5522 puritatem
460 5446 519 5494 eos
535 5441 653 5492 amare
669 5417 789 5501 aiunt,
814 5427 855 5486 ut
870 5414 909 5483 in
926 5407 1118 5483 concubitu

178 5535 356 5603 lllrcarrrr.
372 5531 479 5599 Orsa.
492 5527 576 5593 Vos.
591 5521 654 5592 Xl.

1152 2406 1187 2464 et
1207 2415 1345 2482 semper
1367 2399 1570 2466 conservat,
1596 2399 1631 2457 et
1650 2387 1724 2455 suis
1747 2411 1903 2484 quasque
1926 2391 2061 2465 viribus
2082 2396 2141 2464 in·

1152 2491 1299 2579 struxit,
1323 2505 1358 2562 et
1370 2514 1473 2562 usum
1491 2489 1719 2573 monstravit,
1745 2501 1785 2558 ut
1800 2491 1875 2582 ipia
1890 2507 1966 2565 arte
1987 2497 2141 2567 convin-

1153 2619 1293 2676 camur,
1317 2606 1357 2664 ut
1372 2607 1586 2675 statuamus,
1607 2584 1698 2660 hanc
1715 2591 1844 2660 molem
1859 2617 2083 2690 nequaquam
2099 2617 2142 2669 ex

1153 2692 1242 2768 chao
1256 2697 1401 2766 effusam
1419 2716 1512 2777 esse,
1535 2705 1569 2762 ct
1583 2704 1713 2762 temere
1727 2693 1948 2771 confluxisse.
1979 2695 2142 2794 Cumque

1154 2799 1226 2870 sint
1255 2799 1293 2867 iu
1322 2791 1389 2866 hac
1417 2793 1587 2864 inferiore
1619 2809 1744 2866 natura
1770 2796 1956 2870 manifesta
1984 2803 2144 2894 exempla

1155 2898 1366 2970 concordiae
1382 2910 1416 2968 et
1430 2896 1630 2968 discordiae
1640 2920 1778 2990 rerum,
1801 2900 2077 2984 consideremus,
2100 2905 2145 2976 sit
2183 2940 2186 2948 ·

1155 3027 1201 3073 ne
1228 3000 1391 3092 cognatio
1424 3012 1459 3070 et
1490 2991 1688 3091 sympathia
1719 2997 1929 3071 inferiorum
1956 3027 2146 3096 corporum

1156 3130 1236 3176 cum
1257 3103 1385 3187 stellis,
1418 3125 1487 3196 qua
1518 3100 1557 3168 in
1585 3123 1624 3170 re
1652 3097 1757 3172 etiam
1783 3104 1957 3194 quaedam
1986 3109 2146 3200 exempla

1157 3207 1340 3277 manifesta
1358 3216 1451 3278 sunt.
1504 3199 1723 3294 Temporum
1747 3205 1834 3273 anni
1858 3205 1970 3291 vices,
2001 3222 2147 3282 aestates

1157 3324 1192 3382 et
1209 3303 1351 3403 hyemes
1364 3305 1460 3378 Solis
1475 3327 1614 3376 accessu
1629 3317 1665 3375 et
1687 3303 1840 3376 discessu
1864 3307 1953 3382 fieri.
2005 3307 2147 3382 Lunam

1157 3423 1369 3482 crescentem
1385 3429 1512 3497 augere
1528 3419 1563 3476 et
1579 3408 1671 3476 ciere
1685 3397 1867 3495 humores,
1886 3407 2147 3484 decrescentem

1158 3513 1379 3597 diminuere,
1404 3533 1627 3605 nequaquam
1646 3507 1797 3580 dubium
1813 3522 1876 3583 est.
1918 3508 2146 3586 Differuntet

1159 3612 1345 3686 hominum
1369 3633 1518 3702 corpora
1543 3609 1639 3682 iuxta
1664 3632 1770 3679 zonas
1799 3622 1834 3680 et
1863 3618 2041 3703 regiones:
2073 3616 2149 3687 eius

1158 3714 1374 3789 discriminis
1404 3737 1544 3786 causam
1575 3713 1619 3782 ad
1651 3710 1770 3782 stellas
1804 3713 2026 3787 referendam
2066 3742 2150 3804 esse,

1159 3819 1266 3931 cpiam
1289 3815 1524 3910 Hippocrates
1544 3814 1662 3885 sensit·
1713 3811 1902 3889 Manifesta
1926 3843 2069 3914 quoque
2090 3845 2150 3892 ex.

1160 3919 1333 4015 perientia
1356 3933 1426 4004 est,
1457 3916 1594 4005 magnis
1614 3914 1926 3990 coniunctionibus
1948 3922 2149 3996 sicciorum.

1160 4023 1388 4096 Planetarnm
1404 4021 1443 4090 in
1463 4018 1573 4110 signis
1593 4018 1716 4090 calidis
1738 4041 1884 4109 magnos
1908 4037 2023 4096 aestus
2047 4024 2150 4108 cilici,

1162 4139 1198 4198 et
1214 4145 1420 4213 congressus
1445 4117 1676 4192 humidorum
1697 4121 1736 4190 in
1760 4118 2052 4212 signis'humidis
2072 4127 2149 4196 efli-
2206 4137 2208 4142 ’

1161 4252 1239 4300 cere
1253 4238 1473 4321 tempestates
1490 4218 1730 4302 humidiores,
1756 4223 1964 4315 utinsiguia
1989 4229 2149 4321 exempla

1161 4329 1318 4401 vidimus
1342 4351 1438 4397 anuo
1464 4325 1672 4413 millesimo,
1711 4326 2013 4418 quingentesimo,
2052 4331 2150 4402 v‘ice-

1161 4433 1252 4502 simo
1272 4443 1419 4524 quarto,
1454 4453 1535 4498 cum
1564 4449 1692 4522 magna
1726 4429 1931 4501 coniunctio
1956 4432 2081 4504 fuisset
2108 4433 2150 4502 in

1162 4533 1340 4605 Piscibus:
1385 4543 1546 4600 aestuum
1579 4553 1662 4600 vero
1690 4530 1922 4607 anno-1540.
1984 4533 2149 4627 Denique

1162 4638 1355 4708 ostendunt
1370 4624 1611 4726 συμπάθειαν
1625 4631 1714 4702 coeli
1730 4655 1810 4702 cum
1824 4633 1992 4706 inferiore
2009 4650 2149 4721 natura,
2276 4701 2281 4714 ,

1162 4752 1197 4809 et
1219 4737 1351 4810 multae
1373 4733 1463 4805 aliae
1484 4731 1702 4818 effectiones,
1734 4757 1885 4828 quarum
1908 4737 2149 4809 recitationem

1078 4889 1083 4904 .
1164 4853 1309 4934 propter
1325 4837 1522 4928 augustiam
1539 4835 1708 4929 temporis
1721 4836 1861 4912 omitto.

1266 4990 1481 5086 Quanquam
1509 5001 1628 5059 autem
1658 4985 1853 5080 plurimum
1879 4987 2047 5060 conducit
2067 4986 2151 5059 uni·
2204 5023 2205 5026 π

1164 5119 1301 5168 versam
1325 5107 1487 5164 naturam
1511 5090 1686 5182 aspicere,
1717 5101 1752 5160 et
1780 5090 1900 5164 videre
1927 5089 2089 5160 ordinem
2118 5101 2153 5160 et

1166 5196 1428 5292 copulationem
1446 5191 1679 5284 plurimarum
1696 5191 1866 5283 partium,
1890 5205 1931 5262 ut
1954 5204 1989 5262 et
2009 5193 2054 5262 de
2073 5191 2154 5286 opi·
2279 5181 2287 5198 ‘

1167 5302 1230 5372 fiee
1257 5297 1501 5391 agnoscendo,
1539 5307 1573 5366 et
1605 5295 1649 5364 de
1675 5291 1936 5364 consociatione
1968 5292 2063 5366 inter
2089 5315 2157 5365 nos

1169 5404 1319 5489 tuenda,
1353 5397 1540 5492 nosipsos
1565 5394 1936 5467 commonefaciamus:
1975 5409 2096 5469 umen
2122 5409 2156 5468 et

1670 5494 1721 5572 69
