4704 5826
201 251 273 328 891
518 246 681 324 DECL.
714 245 789 320 DE
822 244 1021 322 DICTO:
1063 245 1282 334 PATER,
1312 247 1669 327 SANCTlFlCA
1702 253 1815 332 EOS
1841 277 1926 336 arc.
2171 265 2249 340 892

202 427 273 499 tari
288 424 497 516 significatio
514 421 643 494 summi
658 423 790 494 amoris
806 445 887 514 erga
908 444 974 490 nos
994 421 1068 507 tui,
1093 445 1199 515 quam
1243 435 1325 492 ‚tum
1343 438 1504 498 sanctum
1519 427 1558 496 in
1578 441 1718 518 pectora
1730 424 1934 522 hominurn,
1958 436 2053 506 utin
2069 435 2119 508 eis
2134 436 2251 508 lucem

204 524 292 598 haec
308 528 383 620 ipsa
401 527 719 597 commemoratio?
744 551 853 620 quam
867 523 1011 619 quidem
1029 537 1149 616 postea
1165 539 1199 594 et
1250 538 1284 594 et
1302 527 1505 612 veritatem,
1531 529 1568 598 id
1587 543 1661 616 est,
1686 532 1906 606 intellectum
1932 539 2109 609 sermonis
2132 539 2251 610 divini

204 633 377 723 sanguine
392 641 455 700 tuo
473 628 683 716 obsignasti.
1249 630 1428 698 accendat.
1461 627 1564 702 Sicut
1578 632 1668 703 alibi
1681 634 1831 706 dicitur:
1857 633 2098 730 Evangeliunr
2113 656 2168 712 est
2183 667 2249 734 po·

302 731 456 824 Superat
469 733 630 802 omniurn
646 729 854 822 angelorum
869 743 903 800 et
919 723 1107 802 hominnm
1123 729 1198 800 elo-
1248 729 1360 800 tentia
1369 729 1437 802 Dei
1451 733 1496 802 ad
1512 731 1662 804 salutem
1679 737 1779 806 omni
1794 741 1966 816 credenti.
1994 740 2103 813 Item:
2124 740 2250 814 Evan-

201 835 383 933 quentiam
415 830 601 926 explicatio
630 827 758 902 harum
788 831 1023 902 maximarum
1059 855 1196 902 rerum:
1248 831 1381 920 galium
1408 847 1461 906 est
1483 835 1720 908 ministerium
1743 839 1901 932 spiritns.
1953 841 2118 916 Primum
2139 846 2250 937 igitur

201 961 311 1036 qnare
333 932 426 1006 mihi
448 935 590 1006 veniam
614 937 713 1018 date,
745 947 817 1004 tam
842 934 998 1024 tenuiter
1017 933 1063 1004 de
1087 935 1195 1004 rebus
1249 929 1308 1004 hic
1322 934 1367 1004 de
1385 935 1577 1008 ministerii
1590 939 1744 1010 efficacia
1761 965 1829 1012 nos
1846 945 1967 1014 doceri
1982 947 2119 1022 scitote.

200 1040 310 1115 tantis
326 1038 470 1111 dicenti.
522 1033 576 1108 Ac
593 1061 701 1128 pene,
738 1049 781 1108 ut
805 1036 869 1106 illa
894 1036 1024 1106 mulier
1046 1036 1087 1106 iu
1102 1035 1197 1106 Tra·
1350 1032 1616 1130 Comprehensa
1630 1053 1683 1112 est
1698 1035 1757 1111 hic
1772 1044 1903 1116 deinde
1919 1060 1955 1118 et
1970 1041 2057 1118 haec
2072 1050 2249 1120 doctrine.

200 1141 326 1236 goedia
341 1141 444 1212 dicit:
468 1137 566 1210 Haec
579 1140 686 1210 unica
702 1151 754 1208 cst
770 1162 847 1208 mea
860 1137 1062 1232 eloquentia
1076 1138 1115 1206 in
1129 1132 1196 1208 hac
1247 1132 1406 1208 Ecclesia
1424 1139 1475 1210 sic
1489 1142 1534 1210 ad
1551 1163 1750 1212 sermonem
1759 1141 1828 1215 Dei
1844 1149 1985 1238 alligata
2001 1164 2073 1236 est,
2099 1165 2141 1222 ut
2155 1151 2251 1222 nulli

199 1244 484 1318 consideratione
501 1241 724 1312 miseriarum
743 1235 923 1310 Ecclesiae
948 1254 982 1312 et
1002 1240 1134 1311 amoris
1156 1263 1196 1310 ac
1248 1241 1364 1310 cultus
1380 1254 1477 1312 extra
1491 1237 1588 1314 branc
1608 1267 1810 1316 sermonem
1835 1249 2011 1338 instituti,
2046 1253 2141 1324 nulli
2167 1277 2267 1324 coe--

199 1346 440 1425 solicitudinis
461 1345 527 1414 lilii
539 1344 624 1426 Dei,
647 1343 786 1414 adferre
809 1335 1007 1436 lachrymas
1029 1353 1062 1412 et
1084 1343 1196 1432 gemi-
1248 1354 1305 1411 tus
1325 1343 1402 1412 sine
1426 1339 1494 1415 hoc
1514 1369 1677 1417 sermone
1697 1349 1855 1436 collecti,
1878 1353 1957 1422 Deo
1978 1355 2158 1445 placeant:
2185 1358 2248 1426 sed

198 1467 269 1526 tus.
321 1446 396 1518 Vos
413 1459 529 1518 autem
547 1447 649 1516 valde
668 1469 732 1515 oro
749 1459 785 1515 et
799 1447 975 1530 obtestor,
998 1459 1039 1516 ut
1052 1439 1122 1514 hoc
1137 1469 1196 1514 ca-
1249 1437 1287 1512 hi
1310 1458 1431 1516 coetus
1454 1460 1593 1518 tantum
1616 1449 1688 1519 sint
1702 1475 1786 1520 vera
1802 1449 1870 1522 Dei
1886 1449 2065 1538 Ecclesia,
2091 1458 2250 1528 ubicun-

198 1567 264 1648 put
279 1553 318 1621 in
333 1549 538 1621 narratione
553 1549 697 1618 loannis
720 1569 824 1636 saepe
848 1547 989 1637 legatis,
1015 1560 1049 1616 et
1073 1548 1195 1618 crebra
1248 1569 1317 1639 que
1339 1561 1439 1634 sunt,
1478 1549 1518 1618 iu
1541 1551 1672 1648 quibus
1695 1577 1764 1622 vor
1788 1548 1975 1645 Evangelii
1998 1575 2104 1630 sonat
2128 1561 2250 1630 incor-

199 1653 410 1750 repetitione
429 1652 647 1722 confirmetis
667 1651 708 1719 in
724 1649 826 1720 vobis
844 1649 969 1735 fidem,
995 1673 1066 1744 qua
1087 1651 1196 1720 bene·
1249 1663 1362 1741 rupta.
1428 1649 1512 1721 Non
1533 1666 1618 1724 sunt
1639 1653 1750 1744 igitur
1771 1649 1930 1728 Ecclesia
1953 1655 2042 1746 Dei,
2082 1657 2251 1732 homines

198 1757 278 1830 ficia
308 1756 375 1825 filii
396 1752 466 1824 Dei
499 1753 611 1843 accipi
638 1765 798 1844 oportet,
833 1775 966 1846 vosque
996 1751 1196 1822 exuscitetis
1249 1751 1382 1840 ignari,
1408 1767 1469 1824 out
1492 1747 1609 1826 hostes
1625 1751 1831 1847 Evangelii,
1857 1785 2071 1855 quocunque
2096 1765 2247 1834 nomine

200 1864 246 1932 ad
274 1857 523 1949 cogitationem
552 1857 596 1925 de
622 1856 770 1926 summis
797 1855 923 1939 rebus,
960 1855 1066 1926 etad
1091 1855 1196 1924 invo-
1247 1854 1484 1946 adpellantur.
1537 1853 1660 1928 Palam
1677 1853 1794 1930 hostes
1808 1855 1943 1932 Christi
1958 1861 2247 1960 sunt‘Mahome-

199 1963 385 2034 cntionem,
1247 1957 1366 2042 tistae‚
1408 1959 1492 2050 quia
1523 1982 1598 2029 nou
1629 1961 1894 2034 sanctificantur
1922 1989 2085 2036 sermone
2109 1969 2249 2043 divino.

301 2061 442 2134 Accedo
460 2074 578 2132 autern
594 2083 692 2130 nuuc
708 2063 753 2130 ad
774 2054 867 2156 hanc
883 2073 1038 2149 partem,
1063 2059 1109 2128 de
1126 2081 1196 2151 qua
1247 2055 1301 2128 De
1325 2053 1401 2144 his,
1436 2083 1518 2130 curu
1541 2075 1660 2154 aperte
1684 2065 1918 2154 profiteantur
1943 2090 1980 2136 se
2011 2063 2129 2138 hostes
2163 2094 2249 2152 esse,

199 2165 453 2261 inpraesentia
471 2163 658 2256 praecipue
673 2163 789 2233 dicere
806 2161 914 2232 volui.
963 2159 1086 2245 Pater,
1112 2183 1196 2229 san·
1247 2183 1323 2231 non
1339 2174 1391 2232 est
1406 2185 1496 2254 opus
1512 2163 1617 2254 longa
1630 2165 1803 2236 oratione.
1850 2165 1909 2238 llli
1927 2163 2046 2240 hostes
2062 2171 2249 2242 difficilius

198 2270 312 2344 ctihea
326 2291 385 2338 eos
399 2267 438 2335 in
456 2267 604 2336 veritate
627 2280 707 2349 tua,
733 2289 850 2334 sermo
874 2277 956 2333 tuus
979 2276 1031 2334 est
1054 2262 1194 2335 veritas.
1248 2279 1501 2353 agnoscuntur,
1528 2266 1591 2360 qui
1608 2267 1646 2335 in
1656 2263 1814 2338 Ecclesia
1831 2271 2074 2358 dominantur,
2100 2275 2165 2367 qui
2179 2275 2250 2344 sibi

199 2371 320 2443 Verba
335 2383 475 2461 sumpta
490 2382 573 2438 sunt
596 2392 637 2436 ex
657 2367 730 2437 ritu
757 2368 819 2461 qui
842 2365 1053 2435 describitur
1076 2364 1116 2432 in
1138 2389 1195 2434 ca·
1247 2371 1534 2438 commendatum
1551 2391 1625 2439 esse
1638 2367 1877 2462 ministerium
1892 2374 2045 2444 docendi
2056 2373 2249 2466 Evangelii

197 2476 271 2568 pite
286 2485 410 2544 octavo
428 2471 513 2541 libri
531 2470 647 2564 quarti
664 2467 802 2563 Moysi,
830 2468 894 2538 ubi
912 2468 1011 2538 iubet
1025 2465 1123 2537 Deus
1140 2489 1196 2535 se·
1248 2469 1431 2538 ordinario
1459 2469 1538 2540 loro
1570 2471 1751 2556 iactitant,
1790 2476 1887 2566 quod
1912 2476 2058 2567 quidem
2083 2501 2168 2548 vere
2190 2480 2248 2548 di-

196 2576 346 2672 parari,·
372 2573 584 2644 sanctificari
604 2585 638 2641 et
663 2571 786 2640 offerri
809 2569 952 2640 Levitae
977 2595 997 2638 a
1030 2569 1196 2660 pontifice
1248 2584 1350 2640 cunt:
1374 2573 1435 2640 sed
1451 2571 1548 2642 illam
1563 2573 1675 2666 ipsam
1691 2597 1815 2644 vocem
1832 2580 2117 2652 commendatam
2136 2581 2248 2650 mini-

196 2675 377 2752 Aharone.
441 2673 501 2746 Ad
533 2669 630 2742 hunc
662 2685 787 2767 typum
816 2671 980 2761 congruit
1012 2669 1083 2740 iam
1108 2665 1195 2740 haec
1248 2672 1356 2743 sterio
1388 2675 1610 2764 evangelico,
1642 2671 1900 2768 sophismatum
1930 2681 2132 2772 praestigiis
2165 2706 2248 2753 cor-

197 2783 288 2853 actio
312 2780 378 2850 lilii
394 2777 479 2849 Dei.
531 2770 650 2846 Offert
671 2770 730 2844 hic
751 2797 909 2846 summus
932 2775 1095 2844 sacerdos
1119 2773 1196 2865 pri·
1247 2789 1437 2867 rumpunt,
1462 2791 1496 2848 et
1519 2777 1559 2847 in
1574 2773 1733 2848 Ecclesia
1756 2801 1913 2865 errores,
1947 2781 2075 2854 falsam
2099 2785 2247 2855 invoca-

152 2953 154 2958 .
197 2907 298 2955 mum
328 2904 401 2952 sese
433 2893 577 2952 aeterno
596 2877 709 2971 patri:
747 2876 875 2946 deinde
901 2875 935 2946 ei
957 2891 991 2948 et
1013 2875 1194 2946 ministros
1247 2877 1402 2968 tionem,
1444 2891 1478 2950 et
1504 2879 1601 2950 idola
1625 2880 1829 2952 stabiliunt:
1871 2897 1911 2954 ut
1930 2883 2068 2958 faciunt
2091 2887 2155 2980 qni
2179 2881 2249 2958 hoc

195 2983 385 3076 Evangelii
413 3005 454 3053 ac
489 2981 692 3052 universam
725 2975 920 3050 Ecclesiam
960 2979 1194 3050 commendat.
1248 2993 1406 3072 tempore
1438 2982 1550 3052 edunt
1576 2983 1716 3052 fucosas
1739 2983 2026 3058 confirmationes
2049 2989 2249 3058 mrdtorum

196 3087 301 3158 Hanc
318 3076 527 3156 sanctificari
542 3096 638 3162 orat,
664 3083 702 3150 id
725 3095 796 3160 est,
824 3107 843 3148 a
868 3074 1066 3173 prophanis
1088 3080 1194 3150 rebus
1248 3095 1407 3153 veterum
1448 3083 1642 3168 abusuum,
1683 3085 1951 3155 commenticias
1989 3088 2249 3181 adplicationes

198 3190 324 3274 eximi,
348 3201 384 3257 et
398 3187 444 3256 ad
459 3207 544 3256 usus
568 3183 711 3253 divinos
733 3182 936 3267 transferri,
956 3181 1088 3272 recipi,
1113 3206 1195 3274 per·
1248 3207 1377 3254 coenae
1401 3181 1551 3255 Domini
1577 3209 1642 3278 pro
1671 3185 1772 3273 aliis,
1813 3186 2058 3260 invocationes
2082 3205 2249 3262 mortuo·

195 3292 301 3364 fundi
318 3289 439 3360 divina
456 3287 556 3371 luce,
579 3299 621 3356 ut
644 3299 737 3356 recte
759 3298 942 3374 agnoscat,
969 3281 1132 3370 invocet,
1159 3299 1194 3356 et
1247 3311 1346 3374 enm,
1381 3299 1416 3357 et
1438 3289 1632 3360 multarum
1655 3287 1805 3358 aliarum
1828 3292 2136 3381 superstitionum.
2194 3294 2248 3365 Hi

197 3393 361 3465 doctrina
377 3405 411 3462 et
426 3388 573 3462 caeteris
587 3387 713 3458 officiis
728 3384 845 3457 Deum
860 3387 1031 3473 celebret,
1055 3399 1096 3457 ut
1112 3411 1193 3457 vera
1247 3413 1312 3482 pro
1328 3412 1420 3482 aqua
1435 3388 1574 3460 lustrali
1589 3391 1770 3482 conspersi
1784 3407 1868 3464 sunt
1879 3391 2084 3484 sophistica,
2106 3411 2143 3467 et
2155 3398 2248 3467 alios

197 3497 331 3568 noticia
347 3494 423 3564 eius
438 3493 508 3564 late
523 3504 719 3582 spargatur.
1248 3492 1371 3562 eadem
1386 3513 1478 3586 aqua
1494 3492 1635 3564 lustrali
1656 3509 1906 3585 conspergunt.
1958 3495 2096 3568 Nolunt
2115 3501 2249 3570 sancti-

299 3595 396 3668 Petit
410 3608 528 3666 autem
543 3607 584 3665 ut
601 3593 864 3664 sanctificentur
885 3615 961 3665 non
983 3591 1122 3662 umbris
1144 3592 1195 3660 ri·
1247 3593 1345 3663 ficari
1359 3594 1523 3676 veritate,
1549 3617 1611 3664 seu
1628 3618 1790 3665 sermone
1805 3597 1941 3668 divino.
1994 3597 2071 3669 lrno
2088 3601 2157 3692 ipsi
2171 3625 2248 3672 ser-

195 3717 298 3784 tuum
314 3693 512 3780 Aharonis,
537 3719 613 3766 non
634 3717 727 3788 aqua
747 3695 907 3776 lustrali,
933 3717 1009 3764 non
1026 3693 1195 3764 radendis
1247 3695 1346 3765 moni
1361 3695 1485 3766 divino
1503 3695 1613 3788 impia
1631 3697 1777 3768 audacia
1790 3699 1944 3770 miscent
1959 3723 2024 3771 sua
2043 3725 2194 3775 venena.

195 3804 299 3898 pilis,
341 3799 505 3871 lavandis
530 3799 704 3882 vestibus,
743 3821 819 3866 non
843 3797 1056 3868 mactatione
1082 3797 1195 3882 bovis,
1349 3795 1457 3866 Tales
1473 3797 1503 3867 si
1519 3791 1590 3868 huc
1607 3799 1814 3890 irruperint,
1840 3801 2004 3871 vitandos
2019 3825 2092 3873 esse
2110 3805 2246 3878 sciatis:

195 3930 272 3976 non
285 3903 460 3974 libatione
475 3914 510 3972 et
526 3899 701 3992 placenta.
753 3896 837 3968 Non
852 3900 923 3968 iam
947 3900 992 3968 de
1015 3892 1073 3966 his
1093 3899 1195 3988 fuga·
1247 3911 1281 3970 et
1298 3911 1339 3969 ut
1359 3897 1472 3970 vitare
1488 3901 1646 3993 possitis,
1671 3902 1788 3972 fontes
1803 3903 1986 3974 doctrinae
2000 3919 2095 3977 recte
2112 3929 2249 3998 cogno-

197 4010 298 4081 cibus
315 4019 352 4078 et
367 4002 659 4076 evanescentibus
673 4000 810 4072 umbris
824 4001 988 4094 loquitur
1000 3995 1060 4070 hic
1072 3989 1196 4070 hoster
1246 4000 1368 4070 scendi
1383 4015 1477 4076 sunt.
1526 3999 1619 4073 Nam
1637 3998 1705 4072 hoc
1726 4019 1952 4096 praeceptum
1969 4008 2077 4077 etiam
2093 4008 2134 4077 in
2150 4013 2248 4082 dicto

196 4111 372 4189 sacerdos,
397 4107 515 4178 iturus
530 4107 575 4174 ad
593 4126 759 4194 agonem,
786 4127 858 4196 quo
875 4103 998 4173 nullus
1015 4102 1054 4172 in
1067 4124 1195 4192 genere
1246 4098 1398 4176 Christi:
1425 4102 1549 4175 Sermo
1573 4117 1658 4176 tuus
1679 4119 1730 4176 est
1747 4105 1894 4188 veritas,
1918 4101 2249 4200 comprehenditur,

107 4213 111 4221 “
197 4209 357 4284 humano
377 4209 447 4280 suit
470 4206 586 4276 maior
609 4220 644 4277 et
658 4205 872 4277 terribilior:
897 4206 959 4276 sed
974 4205 1063 4296 petit
1075 4219 1116 4276 ut
1132 4229 1195 4274 ve·
1246 4217 1286 4276 ut
1301 4201 1399 4275 hunc
1413 4227 1611 4276 sermonem
1627 4207 1801 4297 legamus,
1828 4209 2034 4295 audiamus,
2055 4213 2250 4291 discamus.

195 4316 258 4399 ris,
283 4311 508 4383 durabilibus
527 4322 562 4380 et
578 4307 729 4379 aeternis
747 4309 853 4378 bonis
869 4321 1017 4378 ornetur
1025 4303 1195 4393 Ecclesia,
1245 4305 1296 4377 Hi
1322 4307 1462 4378 labores
1487 4307 1639 4398 pueriles
1660 4310 1802 4400 legendi
1823 4323 1857 4381 et
1871 4311 2051 4398 discendi,
2078 4309 2138 4384 hic
2153 4339 2249 4409 quo-

195 4440 279 4488 vera
293 4417 373 4486 lucc
388 4428 423 4485 et
437 4411 611 4503 sapientia
628 4425 721 4482 recte
735 4423 944 4500 agnoscente
960 4411 1093 4484 Deum.
1180 4456 1182 4467 ·
1247 4435 1315 4503 que
1331 4409 1616 4502 praeripiuntur:
1643 4436 1712 4506 qua
1733 4412 1772 4480 in
1799 4437 1836 4482 re
1860 4413 1969 4484 nimis
1985 4437 2114 4506 magna
2129 4421 2250 4508 negli-

299 4513 353 4588 Ac
375 4538 460 4585 mox
482 4513 581 4583 addit
601 4512 948 4604 interpretationem,
975 4513 1063 4605 quid
1090 4524 1195 4604 petat,
1247 4513 1364 4603 gentia
1388 4523 1441 4582 est
1464 4513 1682 4598 multorum,
1709 4515 1771 4606 qui
1793 4514 1851 4584 vel
1876 4539 1940 4606 per
1963 4515 2164 4606 ignaviam,
2191 4524 2250 4592 vel

195 4635 343 4716 atquae
369 4618 415 4688 sit
437 4615 551 4686 multo
565 4615 805 4706 praestantior
820 4625 912 4708 aqua
927 4614 1084 4685 lustrali:
1110 4613 1194 4685 Ser·
1245 4628 1391 4706 propter
1415 4637 1517 4684 curas
1541 4615 1593 4683 rei
1612 4615 1817 4700 familiaris,
1843 4617 2015 4688 omittunt
2037 4619 2247 4692 lectionem:

196 4749 257 4795 mo
288 4737 371 4794 tuus
397 4731 450 4790 est
471 4717 613 4790 veritas.
680 4714 796 4786 Breve
816 4717 1000 4787 oraculum
1026 4729 1094 4786 est:
1133 4719 1194 4786 sed
1248 4730 1281 4786 et
1298 4717 1395 4809 quod
1412 4715 1662 4787 stultissimum
1678 4733 1749 4802 est,
1775 4719 1956 4792 somniem
1973 4745 2010 4789 se
2025 4723 2170 4812 penitus
2187 4751 2249 4796 ex-

195 4827 296 4898 nulla
326 4833 424 4895 tanta
455 4831 506 4888 est
536 4819 740 4911 eloquentia
762 4819 972 4908 angelorum
994 4831 1058 4889 aut
1076 4812 1195 4888 homi·
1246 4814 1406 4889 hausisse
1436 4830 1546 4888 totam
1576 4819 1783 4910 sapientiam
1811 4821 1986 4891 librorum
2016 4819 2248 4915 prophetico·
2345 4875 2346 4898 ι

197 4953 304 5008 num,
347 4947 438 5018 quae
467 4917 575 4991 huius
608 4919 694 4990 dicti
726 4921 998 5010 amplitudinem
1030 4921 1213 5022 evolvere·
1246 4945 1325 4990 rum
1342 4934 1378 4990 et
1391 4921 1681 5012 apostolicorum.
1732 4919 1828 5017 llaec
1843 4927 2043 5012 arrogantia
2060 4927 2166 4998 valde
2183 4934 2248 5000 de-
2345 4991 2346 4996 ,

197 5031 317 5121 possit.
355 5025 524 5096 Dicemus
539 5034 657 5092 autem
673 5023 718 5090 ad
734 5045 800 5092 nos
815 5022 1194 5105 commonefaciendus,
1245 5024 1407 5094 testanda
1446 5035 1510 5096 esc
1583 5021 1723 5093 Deinde
1757 5037 1793 5093 et
1826 5019 1896 5093 hoc
1930 5027 2248 5118 considerandum,

199 5145 373 5224 quantum
389 5145 588 5220 possumus.
1246 5149 1352 5218 quam
1369 5125 1497 5195 multas
1520 5125 1566 5194 ob
1591 5148 1712 5194 causas
1732 5125 1837 5195 lectio
1860 5149 1920 5197 seu
1946 5130 2157 5202 auscultatio
2183 5159 2248 5205 ne-

202 5255 207 5264 ’
299 5229 460 5298 Primum
483 5223 679 5297 Ecclesiam
706 5226 814 5295 condi
842 5225 1005 5296 adfirmat
1032 5249 1194 5296 sermone
1245 5225 1393 5297 cessaria
1408 5226 1464 5296 sit.

200 5329 338 5399 divino.
389 5325 455 5398 Est
474 5328 582 5418 igitur
598 5326 720 5396 efficax
738 5327 839 5396 Deus
854 5328 894 5394 in
909 5327 1129 5411 ministerio,
1156 5329 1194 5396 in
1275 5387 1280 5402 .
1348 5325 1512 5398 Primum
1534 5352 1671 5400 summa
1690 5327 1875 5398 doctrinae
1896 5331 2025 5401 ordine
2049 5347 2085 5404 et
2108 5337 2246 5428 integre

203 5453 275 5523 quo
291 5451 359 5496 vox
373 5429 495 5498 divina
512 5441 634 5512 sonat,
660 5423 726 5500 hac
743 5451 829 5498 voce
844 5429 1063 5500 transfundit
1078 5428 1195 5521 Spiri-
1245 5429 1333 5502 disci
1350 5443 1383 5501 et
1401 5425 1655 5522 comprehendi
1674 5453 1747 5522 non
1765 5443 1896 5520 potest,
1931 5433 2002 5504 nisi
2024 5458 2066 5504 ex
2091 5437 2247 5512 lectione
