4616 5816
199 217 272 290 ur
559 151 561 154 ’
678 197 845 278 onon
883 195 961 274 ou
992 157 1440 278 nusr‘trouunta
1473 197 1755 284 scaonis,
2168 213 2238 292 ue

128 371 129 374 ,
201 367 263 461 ,ed
292 383 454 458 omnium
486 377 639 451 maxime
664 375 818 447 salutare
849 399 891 446 eo
916 387 1091 467 tempore:
1122 373 1192 446 init
1239 369 1329 446 scire
1353 385 1489 447 veteres
1512 371 1768 470 Apostolorum
1798 383 2006 469 sententias,
2042 385 2133 458 scire
2165 415 2241 486 poro

201 490 296 562 enim
312 483 475 564 hortator
493 481 675 552 faciendae
691 475 904 564 deditionis,
927 489 1033 571 atque
1048 475 1098 547 ita
1118 499 1193 547 ser·
1241 499 1330 569 quos
1347 489 1487 548 autores
1505 495 1694 570 propagata
1712 483 1875 554 doctriua
1899 487 2017 562 luerit.
2073 487 2237 572 Clemens

115 592 118 598 ’
201 593 298 664 vavit
312 587 481 684 reliquias
501 581 637 673 gentis,
660 603 742 650 eum
759 580 821 648 alii
837 593 939 651 autea
954 578 1111 670 depulsis
1124 573 1194 648 bo-
1242 577 1292 647 ait
1307 601 1344 647 se
1358 591 1589 669 pervagatum
1607 603 1683 654 esse
1696 595 1806 654 totam
1823 581 1958 674 Asiam,
1984 603 2019 660 et
2035 594 2079 660 de
2096 593 2235 685 singuli.

201 694 314 767 ,fibm
339 688 490 782 patriam
522 695 730 756 oorvassent.
791 679 877 752 ldeo
903 703 985 753 eum
1012 674 1072 750 bic
1096 685 1194 750 novo
1244 679 1428 750 doctrinae
1470 679 1631 752 articulis
1664 686 1884 757 consuluisse
1915 691 2075 763 eruditos
2108 697 2238 792 ubique
2301 717 2302 722 ’

203 793 363 886 exemplo
380 787 598 862 deditionem
610 785 783 863 suaderet,
808 806 898 877 quae
914 783 1102 853 videbatur
1115 795 1194 854 tur·
1245 779 1316 856 Sed
1340 794 1530 874 postquam
1554 784 1651 856 veuit
1667 781 1941 875 Alexandriam,
1968 791 2076 866 luisse
2089 813 2137 866 'se
2155 823 2237 870 cou-
2301 833 2302 842 ¹

202 898 258 993 pis
282 907 318 966 et
340 891 504 974 exitiosa,
527 887 631 958 valde
656 896 880 976 contemptus
902 897 955 955 est
974 881 1195 962 aPontitiei·
1244 893 1383 952 tentum
1407 883 1541 954 iudicio
1564 881 1755 970 pantaeni,
1789 913 1895 982 quem
1917 892 1966 964 ait
1982 899 2185 970 eruditione
2205 915 2245 1002 et
2301 939 2302 990 t

204 1003 283 1072 bus,
335 993 407 1066 sed
430 989 527 1062 Deus
550 1011 625 1058 uon
646 981 812 1085 humanis
833 985 1010 1072 consiliis,
1042 987 1102 1056 sed
1129 1008 1194 1056 suo
1246 984 1374 1076 pietate
1390 985 1518 1054 eximia
1535 987 1735 1078 praeditum
1756 990 1881 1074 fuisse,
1906 1015 1947 1065 ae
1960 1011 2128 1068 ornatum
2144 1002 2239 1072 testi-
2301 995 2302 1068 l

77 1133 81 1140 ·
203 1103 376 1194 gubernat
388 1091 592 1176 Ecclesiam,
616 1088 771 1178 castigat,
795 1101 829 1158 et
843 1087 1044 1179 castigatam
1061 1088 1196 1156 miran-
1246 1085 1377 1155 moniis
1396 1083 1552 1178 Spiritus
1571 1089 1702 1176 sancti,
1726 1115 1789 1162 seu
1813 1093 2005 1170 miraculis.
2059 1098 2110 1172 Ut
2135 1103 2239 1193 igitur
2301 1097 2302 1184 Ϊ

204 1203 260 1272 dis
283 1198 401 1268 modis
421 1191 589 1264 restituit.
642 1187 741 1278 Quid
765 1189 803 1258 in
825 1189 930 1260 exilio
950 1188 1197 1284 Babylonico?
1226 1181 1313 1256 'hae
1338 1181 1479 1257 scholae
1501 1190 1547 1258 ab
1571 1186 1754 1280 Apostolis
1777 1191 1963 1268 inchoatae
1985 1223 2238 1275 conservaren-
2301 1193 2302 1268 ἶ

204 1327 250 1375 an
264 1317 350 1375 tuuc
365 1299 554 1368 defuerunt
568 1287 733 1362 scholae?
783 1289 860 1361 lmo
874 1315 956 1362 cum
972 1291 1108 1361 Iudaici
1122 1288 1196 1362 Re·
1246 1303 1325 1372 tur,
1358 1287 1517 1380 Collegia
1544 1290 1582 1358 iu
1604 1287 1772 1364 Ecclesiis
1793 1293 2051 1390 Episcoporum
2079 1303 2238 1378 instituta
2301 1295 2302 1304 ἵ

204 1428 263 1496 ges
282 1425 356 1472 nou
377 1397 545 1470 aluissent
557 1391 746 1473 Doctores,
772 1391 842 1462 iam
858 1393 959 1464 alunt
972 1391 1197 1488 Babyloniei.
1247 1403 1348 1474 sunt,
1372 1404 1408 1461 et
1426 1391 1556 1463 donata
1575 1392 1681 1470 victu.
1734 1395 1804 1468 Sed
1820 1411 2006 1493 postquam
2021 1427 2108 1496 opes
2123 1431 2237 1477 creve·
2301 1403 2302 1484 ζ

203 1503 334 1579 Daniel
349 1525 428 1572 cum
444 1497 588 1587 collegis
608 1493 808 1566 instituitur
820 1493 982 1567 dourina
997 1490 1197 1566 Chaldaeo-
1248 1505 1353 1576 runt,
1391 1491 1430 1559 iu
1458 1488 1626 1584 Collegiis
1654 1497 1816 1568 doctriua
1842 1501 1995 1574 extincta
2020 1519 2082 1578 est.
2145 1507 2237 1598 Quid

204 1633 304 1696 mm,
340 1607 401 1674 ,ed
426 1599 599 1679 vicissim,
634 1589 730 1666 huuc
756 1609 876 1688 postea
895 1594 1011 1688 Reges
1034 1596 1197 1666 omnium
1248 1592 1344 1662 euim
1358 1593 2067 1692 nuucsuntillaagmiuaCauonieorum,
2096 1608 2169 1679 uisi
2186 1635 2239 1680 so·
2301 1593 2302 1684 l

205 1708 371 1792 mima,
402 1717 571 1794 ...quam
596 1697 780 1788 assotum,
810 1697 980 1784 auarum,
1004 1696 1199 1786 Nanugao-
1248 1695 1344 1764 auo
1364 1692 1507 1784 aptota
1532 1694 1696 1785 Quarum
1718 1723 1836 1771 aarum
1858 1707 1976 1775 senaa
1997 1708 2037 1776 fn
2062 1709 2137 1780 tua
2158 1711 2238 1782 tous

205 1827 331 1896 mor,
355 1795 650 1883 Evilmerodaeh,
683 1795 830 1879 Darius,
863 1797 993 1870 Medus
1015 1813 1050 1869 et
1072 1796 1198 1894 Cyrus.
1248 1797 1407 1887 vigeant,
1432 1820 1507 1867 uou
1525 1797 1714 1888 ignoratis,
1738 1805 1801 1872 sed
1816 1800 1930 1878 dehis
1944 1831 2019 1878 non
2035 1811 2154 1881 dicam
2174 1808 2236 1884 boc
2301 1797 2302 1844 ³

206 1913 324 2005 Quem
340 1909 457 1978 virum
472 1927 513 1973 ex
529 1901 695 1972 omnibus
710 1899 882 1970 aetatibus
896 1900 1082 1970 nominare
1100 1900 1200 1994 quis·
1248 1913 1417 1988 tempore.
1469 1895 1656 1970 Caeterum
1673 1896 1759 1973 haec
1774 1906 1965 1998 tamlonga
1983 1933 2237 1984 commemora·
2301 1893 2302 1932 ³

206 2039 312 2110 quam
339 2021 473 2102 potest,
499 2003 561 2098 qui
581 1995 838 2074 tautosheroas
855 2001 1048 2094 discipulos
1064 1997 1199 2070 habue·
1248 1999 1298 2069 tio
1329 1999 1373 2067 de
1401 1994 1617 2092 propheticis
1645 2015 1681 2074 et
1715 2008 1918 2096 apostolicis
1942 2006 2148 2084 Academiis
2172 2041 2237 2109 quo

205 2117 277 2189 fit?
303 2111 388 2184 Post
399 2107 585 2180 Danielem
602 2103 793 2174 extiterunt
807 2097 938 2174 Esdras
953 2117 988 2172 et
998 2097 1200 2186 Nehemias,
1249 2099 1445 2193 pertinuit?
1478 2099 1573 2174 lllud
1595 2105 1779 2176 ostendere
1798 2109 1980 2198 volebam,
2005 2109 2082 2184 Deo
2106 2119 2238 2207 placere

208 2219 271 2314 qui
287 2215 480 2303 attigerunt
490 2204 685 2279 Alexandri
698 2199 907 2274 Macedouis
921 2217 1080 2278 aetatem.
1106 2202 1199 2274 Post
1249 2201 1553 2274 conservationem
1574 2200 1792 2293 scholarum,
1819 2235 1885 2282 nec
1907 2237 2008 2304 posse
2028 2215 2158 2288 llorere
2172 2215 2238 2289 lle-

208 2309 450 2393 Alexandrum
466 2301 865 2390 celebratliberSirach
881 2304 1066 2378 Simonem
1080 2301 1199 2376 Ouiae
1249 2303 1372 2373 clesias
1393 2303 1470 2373 sine
1499 2299 1650 2392 scholis,
1675 2321 1711 2380 et
1735 2311 1879 2403 quidem
1902 2337 2029 2406 magna
2052 2321 2184 2388 artium
2203 2345 2238 2390 ac
2301 2335 2302 2404 t

207 2423 343 2502 finum,
403 2414 465 2508 qui
503 2409 686 2480 doetrinae
734 2407 923 2498 puritatem
967 2407 1200 2478 conservavit.
1249 2405 1434 2474 literarum
1450 2405 1618 2480 varietate
1643 2431 1734 2499 opus
1752 2427 1814 2488 est.
1864 2413 1955 2484 Nam
1981 2418 2088 2488 etiam
2110 2423 2164 2490 illi
2182 2447 2237 2491 ve-
2301 2423 2302 2490 3

120 2560 122 2568 ,
206 2523 346 2598 Deinde
367 2515 472 2608 paulo
495 2524 576 2582 ante
598 2503 896 2579 Macbabaeorum
920 2522 1094 2600 tempora,
1120 2531 1199 2577 cum
1249 2519 1339 2576 teres
1354 2500 1613 2596 Prophetarum
1628 2511 1819 2599 auditores,
1846 2517 1911 2586 etsi
1928 2521 2115 2612 praecipue
2131 2524 2237 2594 disce·
2301 2505 2302 2578 l

207 2621 396 2697 pontificos
420 2625 594 2686 certarent
624 2611 718 2679 inter
739 2633 776 2678 se
798 2608 1013 2695 ambitione,
1045 2623 1201 2680 emerent
1249 2607 1511 2678 bantcoeleatia
1525 2611 1689 2698 oracula,
1707 2625 1826 2684 tamen
1841 2618 1928 2688 alias
1943 2636 2035 2690 artes
2055 2624 2162 2694 etiam
2179 2629 2238 2694 ad·
2301 2585 2302 2678 l

182 2721 458 2809 spontfficafflm
481 2711 642 2784 avioints
659 2708 837 2800 Regibus,
862 2713 1061 2783 doctrinam
1086 2711 1201 2801 negti·
1250 2709 1465 2799 iuugebaut,
1502 2710 1686 2784 discebant
1718 2715 1854 2810 aliquid
1882 2721 1926 2788 de
1952 2736 2080 2792 natura
2112 2749 2238 2810 rerum,
2301 2715 2302 2772 ἶ

208 2837 348 2922 gerent,
375 2807 897 2908 ,0110wiooehotis‚maguum
915 2814 1046 2886 vulnus
1070 2813 1202 2904 accepit
1250 2810 1466 2904 quaerebant
1490 2805 1676 2900 historias,
1702 2816 1765 2886 alii
1790 2815 1983 2909 Musicam,
2008 2825 2069 2894 alii
2089 2825 2238 2898 Medici·
2301 2823 2302 2902 Ῑ

208 2927 354 3020 religio:
379 2919 495 2990 voluit
510 2931 629 2988 tamen
646 2911 744 2984 Deus
759 2935 937 3013 superesse
960 2916 1096 3008 aliquas
1116 2914 1202 2984 reli·
1249 2935 1335 2981 nam
1353 2910 1623 3001 profitebantur.
1675 2915 1727 2986 lta
1749 2941 1845 2991 nunc
1865 2923 1994 2994 videtis
2018 2927 2095 2997 sine
2119 2929 2237 3014 literis,

209 3031 322 3126 quiae,
374 3015 586 3093 Machabaei
605 3019 836 3086 restituemnt
854 3015 1065 3088 doctrinam.
1116 3014 1202 3085 Post
1250 3013 1326 3082 sine
1349 3013 1552 3102 linguarum
1576 3017 1797 3105 cognitione,
1829 3023 1906 3092 sine
1927 3022 2141 3116 Dialectica,
2166 3032 2236 3100 sine
2301 3023 2302 3116 t

208 3131 276 3204 hos
299 3125 410 3197 crevit
429 3116 650 3212 impudentia
673 3115 712 3184 in
737 3117 870 3207 populo
894 3115 978 3202 Dei,
1008 3117 1202 3209 repudiatis
1250 3115 1370 3207 aliqua
1386 3115 1526 3184 liberali
1543 3119 1764 3205 eruditione,
1790 3126 1947 3214 prolecto
1965 3131 2144 3202 neminem
2160 3135 2237 3202 satis
2301 3151 2302 3200 t

209 3224 469 3322 prophetarum
497 3218 758 3302 monumentis,
794 3232 987 3309 coeperunt
1016 3213 1201 3312 prophana
1250 3217 1419 3286 idoneum
1435 3239 1507 3286 esse
1524 3219 1567 3287 ad
1584 3219 1808 3310 explicandas
1825 3231 2082 3303 controversias
2101 3235 2236 3323 religio·
2301 3299 2302 3316 ,

209 3331 353 3424 ingenia
374 3345 493 3398 amare
509 3319 681 3391 Graecam
696 3313 981 3410 Philosophiam,
1007 3315 1091 3390 hinc
1114 3319 1203 3390 exti-
1250 3318 1316 3390 uis.
1368 3312 1465 3406 Ergo
1486 3319 1525 3386 iu
1553 3315 1683 3391 scholis
1706 3326 1898 3398 multarum
1922 3330 2051 3400 artium
2077 3336 2236 3408 exercitia
2301 3325 2302 3412 Ῑ

209 3445 331 3508 terunt
346 3439 457 3499 sectae
471 3423 631 3492 diversae
640 3415 909 3492 Pharisaeorum
924 3435 958 3493 et
974 3420 1202 3492 Zadducaeo-
1251 3417 1412 3489 instituta
1427 3433 1529 3505 ⁸⁰⁰1,
1550 3443 1699 3514 quarum
1720 3424 1907 3523 Pleraeque
1924 3433 1989 3502 elsi
2010 3437 2235 3529 multiplicem

209 3560 311 3620 mm,
350 3529 414 3624 qui
442 3527 559 3619 polam
588 3517 804 3614 Epicuraeas
840 3523 1026 3615 opiniones
1055 3524 1204 3616 professi
1248 3521 1290 3589 in
1307 3519 1377 3590 vita
1395 3542 1498 3590 usum
1521 3517 1675 3611 habeut,
1698 3539 1817 3598 tamen
1839 3532 2025 3628 praecipue
2038 3541 2235 3610 conducunt
2301 3547 2302 3596 ἲ

210 3651 305 3710 mm,
357 3631 480 3724 ltaque
502 3649 583 3697 cum
607 3624 670 3694 diu
690 3617 883 3694 horribiles
899 3639 1014 3696 esseut
1035 3627 1202 3696 tenebrae
1250 3625 1295 3692 ad
1325 3622 1590 3694 ecclesiasticam
1615 3627 1811 3700 doctrinam
1832 3633 2096 3711 illustrandam.
2147 3639 2236 3710 Haec
2301 3599 2302 3690 l

211 3743 251 3811 i„
272 3734 405 3830 populo
422 3729 508 3814 Dei,
532 3748 655 3796 rursus
676 3725 839 3797 excitavit
859 3725 956 3797 Deus
977 3721 1115 3798 scholas
1138 3751 1203 3818 per
1251 3747 1332 3792 cum
1352 3722 1401 3792 ita
1423 3723 1513 3804 siut,
1539 3747 1620 3795 cum
1642 3723 1783 3800 scholae
1804 3738 2017 3807 necessariae
2033 3739 2105 3812 sint
2119 3737 2235 3812 Eccle-
2301 3725 2302 3820 l

205 3841 383 3913 pompm
405 3831 619 3922 nuptiarum,
644 3825 774 3896 deiude
798 3849 861 3917 per
880 3822 1075 3902 Christum.
1125 3825 1203 3899 Hos
1251 3823 1330 3907 siis,
1355 3825 1611 3896 ardentissimis
1636 3831 1727 3900 votis
1750 3847 1870 3924 optare
1884 3861 2007 3910 omnes
2028 3841 2077 3932 pii
2098 3845 2234 3922 dehent,
2301 3823 2302 3902 f

212 3939 378 4013 habaiu,
410 3929 638 4005 ,cholaoticos
670 3939 809 4012 coetus,
843 3921 990 4018 historia
1015 3925 1203 4018 Evangelii
1252 3939 1292 3995 ut
1309 3923 1406 3995 Deus
1425 3928 1592 3999 exuscitet
1607 3927 1814 4023 Principum
1833 3939 1972 4010 animos
1986 3945 2029 4011 ad
2053 3947 2234 4016 restituen-
2301 3945 2302 4026 ξ

213 4068 289 4116 noo
311 4039 460 4110 obscure
483 4043 641 4104 testatur.
692 4027 991 4122 Postea-exempla
1007 4027 1203 4124 Propheta·
1251 4030 1314 4097 das
1330 4040 1363 4096 et
1380 4031 1558 4098 ornandas
1575 4027 1803 4122 Academias,
1827 4041 1871 4108 ad
1895 4041 2077 4116 excitanda
2101 4061 2134 4118 et
2155 4035 2234 4139 vpro·
2301 4041 2302 4120 l

212 4165 312 4228 pum,
345 4153 383 4210 ot
402 4133 565 4218 loannis,
598 4155 638 4203 ac
660 4125 796 4204 Christi
821 4131 1007 4202 imitantur
1028 4128 1204 4226 Apostoli.
1252 4123 1411 4198 vehenda
1434 4129 1616 4201 literamm
1634 4157 1674 4204 ac
1690 4136 1865 4209 bonarum
1881 4141 2149 4236 disciplinarum
2167 4162 2234 4219 stu·
2301 4125 2302 4218 l

207 4247 303 4318 Nam
326 4238 393 4312 hos
413 4259 555 4334 quoque
577 4255 695 4304 sumas
719 4227 856 4303 scholas
877 4227 1042 4304 babuisse
1059 4248 1204 4328 apparet
1250 4228 1322 4300 dia.
1373 4227 1536 4324 Cumque
1551 4255 1591 4302 ea
1604 4233 1642 4302 in
1659 4259 1699 4306 re
1714 4237 1884 4331 optimam
1902 4245 2120 4320 voluntatem
2137 4249 2233 4321 Prin·
2301 4263 2302 4330 ζ

213 4365 255 4420 gg
270 4345 435 4422 Irenaeo,
461 4339 524 4433 qui
538 4333 771 4406 aitloanuem
786 4329 952 4404 habuisse
966 4337 1125 4407 assiduos
1140 4361 1204 4407 au-
1251 4353 1332 4418 ceps
1348 4327 1510 4403 Marchio
1529 4337 1738 4426 ostenderit,
1764 4343 1933 4430 gratulari
1953 4341 2045 4419 hauc
2067 4352 2231 4423 foelicita-

214 4443 500 4525 ditorosmoltos,
523 4452 557 4509 et
574 4437 613 4505 in
628 4431 684 4505 bis
700 4433 948 4530 Polycarpum.
999 4435 1107 4508 lluue
1124 4461 1201 4508 mo-
1252 4445 1322 4502 tem
1340 4431 1495 4524 Reipub.
1519 4436 1703 4526 debemus,
1732 4463 1771 4512 ac
1793 4447 1929 4535 precari
1952 4443 2087 4538 Deum,
2113 4469 2153 4525 ut
2174 4477 2231 4523 au·
2301 4441 2302 4532 l

213 4575 288 4622 rem
308 4559 429 4642 post„
452 4538 603 4613 servavit
626 4549 661 4608 ot
684 4537 758 4628 ipro
783 4534 999 4632 polycarpus
1020 4537 1205 4633 Smyrnae.
1251 4533 1370 4625 spiclis
1393 4529 1661 4622 honestissimae
1683 4555 1789 4636 atque
1810 4547 2018 4620 utilissimae
2039 4555 2091 4624 rei
2114 4557 2230 4625 faveat.
2301 4537 2302 4594 5

211 4652 298 4726 Fuit
319 4661 438 4720 autem
454 4638 777 4736 frequentissimum
797 4635 1032 4734 Gymnasium
1048 4637 1204 4711 Alexan.
1252 4634 1415 4707 Proiecto
1432 4635 1559 4710 melius
1581 4643 1625 4712 de
1648 4643 1721 4713 suis
1743 4649 1885 4739 populis
1911 4666 1944 4723 et
1969 4657 2013 4723 de
2037 4669 2108 4728 tota
2124 4671 2229 4748 poste-

213 4754 331 4835 ΜΕ,
356 4771 398 4818 ex
413 4769 484 4842 quo
500 4742 611 4813 mult,
626 4738 762 4810 lumina
778 4734 955 4811 Ecclesiae
976 4755 1094 4812 exorta
1111 4757 1204 4815 sunt,
1253 4738 1356 4808 ritate
1377 4733 1443 4808 hac
1464 4737 1504 4809 iu
1526 4765 1564 4810 re
1586 4759 1759 4832 meretur,
1784 4773 1891 4842 quam
1914 4753 1944 4822 si
1961 4741 2073 4826 nonas
2088 4759 2164 4830 auri
2179 4781 2229 4826 ar·
2301 4829 2302 4832 ,

214 4854 304 4926 Inde
323 4850 557 4921 mittebantur
578 4855 734 4936 pamm
754 4843 799 4910 ad
815 4835 989 4914 Ecclesia,
1006 4843 1204 4914 vicinorum
1253 4839 1350 4928 genti
1373 4863 1480 4912 venas
1501 4855 1572 4913 tam
1593 4845 1724 4936 largas,
1752 4873 1858 4942 quam
1882 4853 2028 4929 fuerunt
2044 4883 2151 4931 venae
2166 4858 2229 4954 Ly·

213 4957 412 5047 regionum·
431 4945 514 5018 *Hae
528 4940 667 5016 scholae
682 4941 959 5015 consulebantur
969 4945 1012 5015 de
1026 4946 1203 5016 doctrino:
1252 4941 1348 5022 diae,
1373 4966 1463 5036 quae
1477 4941 1598 5015 Croesi
1620 4969 1705 5042 opes
1724 4961 1907 5044 tantopere
1929 4976 2114 5044 auxerant,
2139 4985 2230 5052 repe·

213 5059 267 5130 ibi
289 5056 384 5126 enim
409 5050 575 5121 extabant
596 5043 797 5116 testimonia
820 5046 1027 5136 dogmatum
1043 5049 1089 5118 ab
1104 5043 1206 5140 Apo.
1246 5042 1351 5114 ·riret.
1402 5043 1481 5117 Hoc
1498 5069 1628 5118 munus
1641 5051 1825 5143 praecipue
1841 5055 1973 5148 flagitat
1988 5060 2082 5133 Deus
2100 5089 2118 5134 a
2134 5062 2228 5134 Prin·

203 5159 315 5230 ,101ss
344 5165 504 5244 accepta,
543 5159 585 5218 ut
614 5159 709 5216 certo
740 5159 935 5233 constaret,
968 5173 1058 5242 quae
1082 5149 1206 5220 luisset
1254 5144 1401 5235 cipibus.
1451 5145 1535 5218 Ideo
1556 5150 1651 5218 enim
1674 5147 1770 5224 Deus
1794 5159 1838 5226 ad
1862 5161 2062 5233 societatem
2080 5164 2228 5236 condidit

202 5249 605 5352 ,postolicmngenfiffi
648 5245 806 5338 Cogitate
823 5261 1054 5344 autemquam
1068 5265 1204 5341 gratum
1254 5241 1435 5330 homiues,
1465 5249 1590 5320 utalii
1619 5253 1777 5324 aliosde
1807 5259 1980 5350 religione
2002 5267 2164 5352 doceant,
2193 5277 2227 5334 ut

213 5361 301 5454 piis,
332 5377 439 5448 quam
470 5351 558 5422 utile
580 5347 688 5420 fuerit
720 5348 778 5433 ad
794 5349 1034 5421 conlimaudas
1058 5365 1206 5437 mentes,
1254 5351 1400 5440 quidam
1415 5352 1660 5425 venustissime
1673 5357 1829 5450 scripsit:
