4614 5820
78 217 146 296 stt
664 205 824 286 DECL.
855 203 931 280 DE
965 201 1107 280 lURll
1141 197 1512 280 Posstuu-Nut.
2026 205 2113 282 -688

80 406 111 463 ει
125 403 161 462 ut
177 387 226 460 ita
240 385 377 470 dicam,
403 395 550 476 cognata
558 379 637 454 Deo
651 406 725 454 esse
741 380 900 466 ducitur,
926 394 962 452 ει
976 394 1069 450 certe
1119 377 1324 467 gravissime
1345 377 1524 449 dixerunt.
1575 371 1653 467 Ego
1673 377 1815 448 brevem
1833 378 2112 470 disputationem

78 496 118 566 ad
139 489 330 581 imaginem
350 485 419 559 Dei
441 487 585 558 condita
609 499 673 558 est.
726 483 798 556 Sed
822 483 983 554 doctrina
998 479 1068 552 Ec·
1119 482 1257 550 adferre
1272 479 1497 550 constituide
1513 479 1606 551 dicto
1618 482 1771 573 quodam
1783 482 1822 550 in
1832 482 1993 563 decretis,
2014 483 2111 575 quod

77 597 194 668 clesiae
234 591 381 685 exponit
420 591 525 662 nobis
560 611 681 658 causas
715 582 845 658 horum
878 587 1066 657 malorum.
1119 607 1160 652 ex
1171 579 1372 671 Augustino
1387 582 1530 652 citatur:
1558 581 1663 652 Unde
1677 585 1998 678 quisque‘possidet
2013 587 2111 677 quod

77 697 262 790 Postquam
285 719 307 763 a
324 695 404 764 Deo
425 691 539 762 aversi
555 703 637 762 sunt
653 685 837 770 homines,
864 712 998 780 poenae
1012 711 1067 755 se·
1119 684 1299 776 possidet?
1332 707 1452 754 nonne
1481 683 1559 754 iure
1590 680 1770 757 humano?
1820 685 1889 756 Hic
1913 688 2109 769 disseritur,

76 815 168 872 rutae
180 811 276 878 sunt,
296 795 481 887 multiplex
497 795 598 864 furor
613 794 652 861 in
668 787 856 862 bominum
871 790 1013 880 animis,
1032 802 1066 858 et
1119 812 1164 856 an
1180 787 1361 856 distinctio
1375 787 1617 857 dominiorum
1633 801 1772 858 tantum
1786 789 1833 860 sit
1844 791 1932 860 iuris
1946 785 2108 869 humani,
2192 843 2201 863 ι

75 899 165 974 bunc
186 898 349 970 accendit
370 899 545 970 diabolus.
597 894 693 965 Hinc
710 893 992 986 perturbationes
1009 915 1066 960 re·
1119 904 1152 959 et
1174 889 1260 983 quid
1283 889 1555 978 intelligendum
1581 891 1644 972 sit,
1674 917 1755 961 cum
1776 893 1824 962 ita
1841 893 1985 963 dicitur:
2012 891 2109 962 Num

75 1029 149 1075 rum
171 997 413 1071 humanarum
437 998 599 1070 infinitae
622 997 800 1067 oriuntur.
852 992 923 1066 Sed
947 1009 1066 1066 tamen
1117 993 1149 1062 si
1171 1005 1222 1060 est
1245 1005 1383 1062 tantum
1401 992 1490 1061 iuris
1506 987 1676 1080 humani,
1701 1017 1776 1064 nou
1793 1009 1893 1066 curat
1909 1019 1985 1065 eam
2000 991 2110 1079 Deus,

74 1131 117 1176 ne
137 1127 247 1194 genus
270 1098 466 1172 humanum
489 1101 651 1174 funditus
672 1112 810 1191 percat,
837 1100 898 1167 sed
921 1111 964 1168 ut
979 1120 1066 1167 con·
1119 1119 1193 1165 non
1223 1094 1328 1185 punit
1357 1094 1438 1162 illos
1463 1095 1525 1186 qui
1550 1119 1625 1164 eam
1650 1099 1884 1177 conturbant,
1916 1121 2005 1167 num
2027 1097 2110 1168 licet

74 1209 198 1290 nubia,
228 1204 449 1296 procreatio,
481 1203 662 1286 educatio,
694 1214 861 1270 natorum
890 1199 1065 1272 institutio
1119 1197 1352 1268 validioribus
1376 1221 1499 1288 rapere
1524 1221 1580 1268 res
1602 1198 1838 1270 inferiorum?
1889 1199 1971 1270 Non
1995 1199 2110 1268 inuti·

73 1313 115 1380 ad
144 1307 362 1397 agnitionem
390 1305 475 1385 Dei,
509 1318 544 1374 ει
572 1296 761 1392 seminaria
784 1299 962 1372 Ecclesiae
990 1325 1066 1370 ma·
1118 1301 1162 1368 lis
1184 1313 1236 1370 est
1258 1294 1346 1368 haec
1370 1300 1582 1391 disputatio,
1609 1325 1692 1370 nam
1717 1315 1751 1371 ει
1772 1304 1815 1371 de
1838 1302 1999 1372 fontibus
2021 1301 2111 1371 iuris

73 1425 195 1494 neant,
222 1409 385 1478 concedit
401 1405 498 1478 Deus
522 1407 710 1477 intervalla
735 1407 927 1497 quaedam,
954 1403 1067 1474 sancit
1119 1401 1277 1492 disserit,
1310 1415 1345 1471 et
1373 1401 1437 1472 alit
1461 1403 1694 1482 reverentiam
1724 1405 1860 1494 legum,
1892 1429 1972 1474 cum
1994 1405 2110 1474 fontes

72 1513 252 1583 interdum
283 1509 446 1582 inducias
477 1509 749 1603 aliquantisper:
783 1531 888 1599 quam
914 1508 960 1576 ob
983 1529 1065 1575 cau·
1119 1517 1303 1574 monstrat.
1365 1502 1438 1574 Nec
1465 1505 1612 1594 litigabo
1643 1506 1764 1576 odiose
1792 1511 1872 1578 cum
1895 1504 2110 1596 Augustind.

72 1615 168 1684 sam?
194 1637 282 1682 num
297 1625 337 1682 ut
353 1607 516 1680 homines
528 1611 713 1682 obscoenis
727 1610 970 1701 voluptatibus
986 1633 1066 1698 per·
1118 1603 1166 1676 Et
1189 1609 1232 1675 de
1252 1629 1321 1699 qua
1336 1631 1439 1675 causa
1454 1608 1599 1697 proprie
1613 1608 1752 1680 locutus
1769 1610 1832 1695 sit,
1856 1609 1940 1682 satis
1955 1621 2110 1701 apparet.

69 1715 254 1786 fruamur?
301 1711 546 1808 Nequaquam.
599 1711 670 1784 Sed
689 1726 730 1782 ut
744 1711 886 1782 interim
902 1712 1064 1781 doctrine
1119 1708 1171 1778 Ac
1195 1709 1350 1800 primum
1373 1709 1488 1778 facilis
1510 1711 1668 1779 defensio
1692 1726 1744 1782 cst
1763 1709 1975 1802 Augustini,
2000 1711 2031 1780 si
2053 1709 2112 1778 di·

70 1821 110 1888 de
132 1817 319 1886 voluntate
342 1815 485 1900 divina,
512 1817 626 1908 deque
650 1814 816 1884 omnibus
838 1815 944 1884 rebus
960 1813 1065 1882 bonis
1118 1834 1253 1896 camus,
1280 1813 1376 1904 quod
1393 1824 1485 1881 certe
1502 1813 1579 1882 vult
1596 1813 1651 1884 ius
1665 1807 1861 1884 humanum
1880 1837 1970 1898 esse,
1996 1814 2110 1902 magi·

69 1918 277 2012 propagari,
303 1930 339 1986 et
359 1917 549 2008 disciplina
574 1916 714 1987 restitui
735 1916 857 2007 possit.
913 1914 1019 2003 Quod
1035 1914 1065 1983 si
1118 1927 1290 1984 stratuum
1314 1913 1575 1984 ordinationem
1597 1939 1678 1985 cum
1694 1917 1830 1986 ratione
1848 1929 2111 2006 congruentem,

1 2101 2 2104 Ἴ
69 2047 151 2115 pace
179 2020 230 2090 sic
254 2031 417 2104 utemur,
450 2033 490 2090 ut
515 2019 712 2088 doctrinam
737 2019 927 2088 salutarem
951 2019 1065 2088 disca·
1117 2013 1367 2099 ortamaDeo,
1394 2016 1456 2108 qui
1470 2017 1694 2105 magistratus
1706 2019 1873 2104 instituit,
1895 2033 1928 2088 et
1943 2019 1994 2087 eis
2007 2031 2111 2088 auto-

68 2148 166 2206 mus,
199 2135 235 2192 et
264 2121 489 2213 disciplinam
520 2136 700 2206 tueamur,
732 2121 797 2190 erit
823 2121 919 2190 Deus
948 2133 1064 2190 custos
1117 2119 1255 2188 ritatem
1285 2118 1466 2199 attribuit,
1499 2134 1634 2190 mentes
1664 2145 1787 2191 eorum
1811 2124 1854 2190 ad
1876 2121 2053 2192 iusticiam
2076 2136 2111 2192 et

70 2223 341 2318 tranquillitatis
365 2224 510 2294 diutius.
572 2222 643 2294 Sed
667 2224 695 2292 si
719 2223 972 2312 cupiditatibus
997 2246 1063 2290 uo·
1117 2220 1343 2310 disciplinam
1360 2221 1585 2290 sanciendam
1602 2224 1790 2309 exuscitat,
1816 2237 1850 2293 et
1864 2223 2111 2315 praesentibus

69 2329 150 2398 stris
172 2325 251 2396 sine
266 2327 374 2396 modo
391 2325 676 2414 indulgebimus,
700 2325 829 2395 frustra
846 2349 967 2414 pacem
985 2347 1064 2415 spe·
1117 2347 1157 2392 ac
1179 2323 1332 2391 aeternis
1355 2324 1479 2413 poenis
1495 2348 1617 2393 eorum
1633 2339 1874 2418 contemptum
1885 2327 2002 2422 punite
2057 2325 2112 2395 Ac

68 2453 199 2500 ramus.
250 2425 364 2497 Notae
382 2441 466 2498 sunt
480 2429 622 2496 divinae
639 2428 953 2512 comminationes,
979 2440 1063 2496 neta
1117 2425 1255 2515 semper
1276 2449 1400 2492 verum
1424 2439 1494 2512 est,
1525 2440 1771 2498 contractuum
1789 2441 1822 2497 ει
1847 2427 2110 2518 possessionum

68 2531 245 2618 exempla,
279 2553 433 2622 quorum
462 2529 674 2616 cogitatione
695 2553 761 2598 nos
787 2531 831 2596 ad
855 2527 1063 2600 modestiam
1119 2529 1242 2596 modos
1278 2527 1421 2618 proprie
1453 2529 1530 2598 iure
1562 2520 1719 2600 humano
1749 2532 1928 2601 constitui.
1966 2516 2110 2619 'Quic-

67 2653 285 2704 revocemus.
336 2629 432 2700 Haec
447 2631 625 2722 praefatus
638 2653 728 2714 sum,
754 2644 793 2700 ut
808 2631 958 2701 intanta
976 2645 1064 2699 tem·
1117 2630 1203 2721 quid
1227 2629 1337 2718 igitur
1359 2631 1509 2723 quisque
1531 2632 1704 2722 possidet,
1729 2634 1817 2704 iuris
1839 2629 2111 2705 humaniauto-

68 2759 197 2828 purum
219 2733 399 2803 moesticia
420 2733 588 2802 iuventus
610 2735 654 2802 de
678 2733 751 2802 suis
773 2733 1062 2824 periculisetiam
1117 2733 1222 2801 ritate
1246 2747 1280 2802 et
1303 2733 1480 2823 praesidio
1502 2734 1667 2824 possidet.
1721 2734 2109 2825 Necideofingendum

67 2838 217 2928 cogitet,
249 2849 284 2904 et
313 2831 412 2904 omni
433 2833 550 2904 officio
574 2835 686 2904 lenire
708 2834 798 2904 iram
822 2833 890 2904 Dei
914 2836 1063 2929 studeat.
1118 2847 1186 2918 est,
1213 2857 1288 2902 non
1308 2857 1381 2902 esse
1400 2859 1503 2904 curae
1518 2832 1595 2904 Deo
1614 2830 1722 2907 buius
1739 2839 1875 2908 ordinis
1892 2839 2111 2909 observatio-

65 2939 160 3009 Nam
181 2961 261 3006 cum
281 2932 348 3006 hos
362 2958 569 3026 congressus
583 2937 781 3022 intuemur,
807 2937 847 3006 in
862 2939 992 3030 quibus
1008 2937 1065 3006 di·
1118 2959 1198 3004 nem
1223 2960 1263 3004 ac
1283 2937 1526 3008 violationem.
1579 2936 1656 3008 lmo
1674 2941 1853 3010 diversum
1870 2957 1963 3012 recte
1979 2957 2014 3014 et
2028 2964 2110 3012 vere

67 3040 190 3111 scendi
213 3061 316 3109 causa
340 3038 592 3120 convenimus,
619 3051 654 3107 et
670 3039 799 3130 quibus
816 3035 910 3108 nihil
926 3041 1064 3122 melius,
1117 3039 1292 3131 sequitur:
1321 3037 1415 3128 Quia
1439 3036 1497 3109 bic
1516 3043 1605 3110 ordo
1628 3043 1949 3134 vocemagistratus
1964 3046 2112 3115 institu-

65 3139 162 3211 nibil
182 3141 341 3224 dulcius,
364 3135 458 3208 nibil
481 3135 666 3211 honestius
682 3137 837 3210 humana
853 3157 980 3212 natura
994 3137 1064 3210 ha·
1118 3156 1174 3210 tus
1190 3155 1239 3209 est
1248 3193 1260 3226 ,
1287 3143 1369 3212 ideo
1386 3143 1529 3214 violatio
1545 3145 1718 3218 divinitus
1732 3127 1938 3237 punieturs
1963 3147 2112 3227 iterasse

65 3247 144 3325 bet,
171 3265 256 3314 cura
278 3242 438 3312 animum
462 3243 582 3312 subire
606 3243 730 3328 debet,
758 3244 802 3312 de
825 3245 1008 3313 doctrinae
1031 3257 1064 3312 et
1118 3256 1169 3312 est
1198 3245 1293 3310 enim
1326 3247 1489 3331 obedire,
1521 3259 1562 3318 ut
1582 3248 1701 3342 inquit
1719 3249 1870 3341 Paulus,
1902 3281 1981 3328 non
1996 3262 2109 3330 modo

65 3345 276 3436 disciplinae
305 3344 592 3426 conservatione,
626 3367 716 3436 quae
746 3345 785 3412 in
815 3346 920 3415 bellis
948 3345 1063 3435 negli-
1118 3358 1261 3434 propter
1290 3346 1400 3432 iram,
1439 3351 1499 3418 sed
1532 3351 1637 3420 etiam
1673 3371 1818 3446 propter
1847 3359 2110 3435 conscientiam.

65 3460 203 3538 guntur
219 3459 253 3518 et
270 3445 535 3535 extinguuntur.
587 3441 690 3515 Nihil
706 3460 822 3517 autem
839 3448 951 3538 magis
966 3450 1064 3516 decet
1118 3443 1315 3517 Observate
1346 3473 1475 3542 quaeso
1505 3455 1695 3524 verborum
1729 3460 1899 3548 pondera.
1948 3461 2111 3534 Primum

64 3555 102 3619 in
122 3548 190 3618 tali
209 3547 428 3642 frequentia,
454 3572 561 3641 quam
584 3549 702 3617 dicere
724 3561 758 3618 et
780 3546 902 3618 audire
926 3549 1063 3642 aliquid
1117 3549 1279 3618 nominat
1293 3553 1551 3624 necessitatem:
1579 3557 1708 3626 deinde
1724 3561 1842 3647 addit,
1866 3575 2011 3654 propter
2025 3587 2110 3636 con-

64 3654 107 3722 de
130 3651 241 3719 rebus
262 3649 376 3718 bonis.
428 3645 531 3734 ldeo,
558 3673 637 3720 cum
653 3645 744 3720 mibi
759 3675 855 3720 nunc
871 3651 927 3720 vir
940 3652 1064 3722 claris-
1116 3651 1312 3724 scientiam.
1365 3651 1405 3724 ld
1431 3667 1498 3741 est,
1524 3657 1672 3728 violatio
1694 3663 1824 3752 polluit
1845 3667 2107 3758 conscientiam,
2203 3643 2205 3646 Ι

63 3755 176 3823 simus
200 3747 246 3824 D.
270 3748 434 3822 Decanus
463 3751 578 3822 nostri
609 3752 767 3842 collegii,
800 3767 835 3825 et
859 3769 1064 3845 praeceptor
1116 3766 1151 3822 et
1172 3754 1308 3844 polluta
1332 3757 1546 3830 conscientia
1572 3761 1706 3832 abiecta
1729 3778 1780 3834 cst
1804 3789 1823 3834 a
1844 3763 1932 3841 Deo.
1992 3767 2109 3842 Sentit

62 3877 184 3934 meus,
218 3875 326 3946 quem
357 3866 525 3944 perpetua
557 3853 779 3925 observantia
804 3869 973 3949 tanquam
1000 3879 1063 3948 pa·
1101 3855 1241 3946 igitur,
1273 3853 1390 3929 Deum
1420 3859 1525 3930 irasci
1554 3863 1773 3936 violantibus
1794 3868 1912 3959 legum
1934 3875 2109 3944 autorita-

63 3972 156 4028 trem
172 3955 364 4025 colendum
379 3951 470 4024 mibi
486 3978 559 4025 esse
574 3957 685 4040 duco,
710 3950 773 4026 bas
788 3971 903 4048 partes
920 3959 1063 4028 dicendi
1099 3969 1198 4030 tem.
1250 3955 1351 4029 Nihil
1371 3963 1486 4033 maius
1501 3978 1563 4035 aut
1578 3969 1731 4039 atrocius
1748 3969 1820 4038 dici
1835 3987 1982 4062 poterat.
2034 3973 2108 4046 Nec

64 4057 225 4136 dederit,
256 4056 439 4128 autoritati
458 4056 534 4126 eius
555 4057 825 4148 obtemperabo:
860 4073 937 4130 eta
961 4062 1063 4130 vobis
1114 4061 1249 4130 muniri
1278 4063 1450 4134 autoritas
1479 4067 1746 4156 magistratuum
1771 4085 1804 4142 et
1828 4074 1946 4164 legum
1971 4077 2107 4150 firmius

64 4173 167 4252 pete,
199 4171 240 4227 ut
258 4153 359 4228 banc
388 4181 502 4228 meam
524 4159 722 4228 orationem
747 4162 835 4231 boni
859 4163 1063 4234 consulatis.
1114 4175 1247 4253 potest,
1274 4189 1379 4257 quam
1401 4162 1468 4236 hac
1490 4167 1565 4259 ipsa
1589 4172 1710 4242 divina
1735 4178 1908 4247 sententia
1933 4181 2104 4252 munitur.

64 4261 180 4351 Saepe
203 4261 247 4329 de
266 4261 384 4350 legum
407 4260 581 4350 dignitate
597 4261 746 4344 dicitur,
772 4277 807 4334 et
822 4264 911 4362 utile
927 4277 979 4334 est
992 4265 1061 4334 im·
1114 4259 1232 4358 Atque
1255 4260 1341 4336 baec
1361 4270 1405 4336 de
1422 4265 1613 4360 Augustini
1636 4277 1859 4347 excusatione
1876 4282 2030 4370 primum
2047 4285 2107 4353 di-

61 4363 209 4460 becilles
243 4361 382 4432 animos
418 4385 520 4454 saepe
557 4365 840 4449 commonelicri,
884 4379 1060 4460 quantum
1113 4389 1191 4436 cere
1214 4367 1325 4442 volui.
1383 4367 1488 4442 Nunc
1510 4373 1540 4441 si
1564 4399 1639 4444 non
1662 4378 1707 4446 de
1730 4373 1923 4470 Augustini
1949 4386 2106 4474 negocio,

60 4466 153 4536 boni
166 4463 212 4533 sit
226 4463 393 4556 politicus
406 4466 513 4550 ordo,
540 4478 575 4536 et
589 4460 629 4535 hi
642 4466 744 4534 nervi
761 4468 897 4559 politici
912 4468 1060 4555 ordinis,
1113 4469 1174 4539 sed
1196 4469 1240 4538 de
1263 4495 1300 4540 re
1325 4470 1402 4562 ipsa
1426 4473 1627 4567 quaeritur,
1654 4503 1735 4549 vere
1758 4495 1793 4552 et
1811 4497 1904 4554 recto
1921 4488 2105 4577 degenere

60 4567 178 4660 leges,
210 4565 361 4651 iudicia,
393 4567 602 4658 disciplina,
635 4591 780 4658 poenae.
831 4567 948 4640 Multa
976 4583 1060 4642 sunt
1113 4570 1260 4656 dicitur,
1292 4587 1332 4644 ut
1361 4575 1405 4642 de
1431 4577 1576 4647 caeteris
1599 4581 1736 4672 politici
1761 4586 1899 4656 ordinis
1926 4591 2105 4676 membris,
2185 4561 2187 4566 ,

60 4670 150 4740 vitia
173 4666 214 4736 in
233 4662 299 4737 bac
320 4662 510 4738 hominum
527 4669 772 4758 corruptione,
799 4696 889 4764 quae
906 4668 1059 4742 cumbis
1111 4673 1375 4745 distinctionem
1392 4677 1633 4752 dominiorum
1649 4707 1723 4755 esse
1738 4686 1826 4757 iuris
1842 4689 1967 4763 divini.
2000 4689 2104 4762 Clare

61 4769 210 4864 optimis
229 4771 335 4840 rebus
357 4783 529 4862 pugnant.
579 4767 655 4840 Alii
677 4796 776 4842 more
792 4770 987 4868 Cyclopum
1006 4775 1059 4844 fe·
1111 4775 1206 4844 enim
1229 4777 1349 4870 inquit
1371 4803 1437 4849 vox
1455 4781 1595 4854 divina:
1621 4784 1852 4859 Nonfurtum
1869 4792 1983 4866 facies.
2036 4791 2103 4862 nt.

60 4873 211 4944 rocitate
233 4873 386 4966 quadam
408 4872 592 4944 excutiunt
608 4873 718 4963 leges,
745 4873 828 4966 quia
845 4877 978 4946 frenari
996 4901 1057 4946 cu·
1110 4877 1187 4945 vini
1201 4878 1290 4950 iuris
1303 4893 1353 4950 est
1367 4901 1496 4968 genus,
1521 4899 1560 4954 ut
1574 4887 1892 4980 sintmagistratus.
1943 4892 2103 4966 Hirmani
2203 4909 2206 4916 '

60 4975 228 5066 piditates
242 4997 322 5044 suas
335 4974 476 5044 nolunt.
528 4969 605 5044 Alii
617 4975 1056 5064 curiositateconturbant,
1108 4979 1198 5050 iuris
1222 4995 1273 5051 est
1295 4983 1444 5074 species,
1470 4999 1510 5055 ut
1528 4988 1600 5058 sint
1617 4965 1703 5060 alibi
1721 4997 1883 5064 consules
1899 4997 1991 5082 diro,
2018 4999 2104 5070 alibi

62 5089 94 5148 ct
113 5077 259 5146 fraudes
277 5090 312 5148 et
325 5071 540 5166 sophismata
556 5078 755 5168 excogitant
769 5081 938 5148 adversus
952 5081 1056 5169 leges,
1107 5105 1200 5152 unus
1223 5097 1377 5174 praetor.
1430 5083 1555 5158 Drvrnr
1578 5093 1667 5161 ruris
1684 5108 1753 5179 est,
1778 5111 1937 5168 utsuum
1954 5101 2103 5196 quisque

60 5193 98 5250 ut
118 5179 285 5250 auferant
304 5179 447 5248 laudem
468 5177 674 5270 sapientiae.
730 5179 834 5252 Hanc
854 5205 1054 5274 perversam
1107 5196 1244 5270 teneat,
1269 5210 1335 5278 nec
1360 5189 1533 5279 spolietur
1556 5216 1633 5267 suo.
1685 5192 1847 5268 Humani
1863 5200 1950 5272 iuris
1968 5219 2038 5290 est,
2064 5222 2104 5278 ut

60 5280 290 5373 sapientiam,
316 5281 448 5354 vindex
469 5304 613 5352 suarum
634 5281 770 5372 legum,
795 5308 896 5376 saepe
916 5284 1054 5376 magnis
1106 5311 1147 5354 ex
1169 5299 1378 5360 testamento
1404 5291 1560 5382 legitime
1580 5298 1672 5368 facto
1690 5313 1817 5373 teneat.
1871 5301 1998 5374 Divini
2014 5307 2102 5378 iuris

62 5382 224 5456 cladibus
241 5381 358 5475 punit.
408 5381 481 5480 Sed
501 5384 546 5453 de
567 5377 635 5455 hoc
650 5400 857 5474 argumento
873 5387 937 5458 alii
950 5411 1052 5479 saepe
1105 5401 1176 5478 est,
1207 5403 1247 5461 ut
1271 5415 1327 5463 res
1351 5415 1415 5484 per
1438 5409 1639 5472 contractus
1661 5406 1988 5495 communicentur,
2028 5433 2102 5480 ser-
