4614 5820
51 295 117 369 ssa
616 279 778 380 nucu.
809 275 888 356 uu
918 269 1254 356 orunrrarn
1285 269 1503 356 annunt.
2008 281 2085 359 ese

50 476 196 562 pugnent
212 441 417 548 ardentius,
436 463 481 532 de
500 483 664 532 verarum
685 457 805 550 legum
821 456 1039 544 defensione,
1090 472 1167 529 tum
1189 477 1318 550 corpus
1343 447 1577 538 cohorrescit,
1611 475 1691 523 cunr
1714 467 1841 551 reputo
1868 467 2001 550 quanta
2023 456 2083 526 in-

50 572 122 666 quia
139 569 265 637 vident
281 567 320 636 in
336 577 434 637 tanta
451 563 656 634 infirmitate
680 556 859 641 humana,
884 559 923 627 iu
939 571 1038 628 tanta
1090 561 1275 631 commoda
1304 568 1495 650 sequutura
1526 555 1617 638 sint,
1650 557 1681 625 si
1712 554 1914 628 Germania·
1938 573 2085 650 propter

51 671 260 753 confusione,
286 691 408 740 earum
422 666 648 737 autoritatem
664 687 778 754 saepe,
803 676 881 733 tum
895 659 1038 750 negligi,
1089 663 1183 733 bella
1198 662 1374 732 amitteret
1397 651 1490 729 hanc
1506 658 1681 730 eruditam
1699 660 1898 730 doctrinam
1914 661 2024 746 iuris,
2048 673 2084 732 et

50 761 305 866 tumopprirni.¹
355 768 439 840 ldeo
462 767 611 841 tradidit
625 767 722 838 Deus
744 760 901 834 humano
917 763 1038 853 generi
1090 764 1158 836 boc
1191 766 1309 835 curiae
1343 774 1607 834 ornamentum.
1664 759 1831 832 Crescent
1863 763 2085 858 tyrannides,

51 892 149 948 artem
180 873 388 966 politicam,
425 884 460 942 et
485 867 578 940 hanc
604 869 717 962 ipsam
744 867 962 950 doctrinam,
996 878 1037 935 ut
1090 881 1194 939 erunt
1210 890 1333 938 omnes
1346 865 1467 934 literae
1481 863 1519 931 in
1536 863 1668 932 maiore
1683 876 1943 956 contemptum,
1960 862 2084 936 Eccle-

51 990 212 1074 qnantum
243 987 378 1067 potest,
411 973 587 1043 sanabiles
612 967 774 1040 homines
798 971 843 1038 ad
865 967 1036 1038 iustitiam
1089 974 1161 1042 siae
1177 971 1288 1060 magis
1306 967 1546 1056 negligantur,
1572 965 1728 1058 denique
1745 967 1929 1059 multiplex
1952 968 2083 1038 barba.

50 1085 165 1165 llectat,
192 1092 227 1148 et
242 1079 395 1147 iniustos
410 1076 562 1168 impetus
577 1073 756 1164 reprimat.
788 1065 890 1142 Nihil
905 1070 1036 1140 mirum
1088 1077 1158 1146 ries
1173 1087 1351 1166 sequetur.
1404 1068 1524 1156 Quare
1544 1068 1699 1159 primum
1725 1093 1866 1139 oremus
1877 1067 2017 1152 Deum,
2043 1083 2085 1141 ut

50 1197 95 1254 est
113 1205 191 1266 eos,
218 1181 283 1274 qui
307 1179 474 1268 ignorant
498 1199 619 1248 causas
642 1171 770 1245 harum
786 1173 1037 1244 confusionum
1089 1201 1209 1270 pacem
1226 1173 1330 1244 nobis
1344 1173 1523 1256 concedat,
1548 1171 1678 1239 deinde
1692 1185 1732 1240 ut
1747 1166 1831 1240 baec
1848 1173 1964 1244 studia
1983 1187 2083 1243 tuea-

50 1287 83 1354 in
104 1283 283 1375 imperiis,
316 1304 381 1350 nec
404 1280 608 1350 didicerunt
635 1301 676 1347 ex
700 1275 841 1346 coelesti
864 1275 1038 1360 doctriua,
1089 1296 1165 1364 tur,
1191 1278 1286 1372 quod
1310 1275 1454 1369 quidem
1472 1297 1514 1342 eo
1534 1273 1644 1362 magis
1668 1273 1955 1364 impetrabimus,
1976 1277 2085 1345 sinos

51 1387 220 1481 quomodo
256 1383 492 1453 confirmandi
525 1395 608 1452 sunt
641 1379 771 1464 animi,
809 1375 1039 1448 vehementer
1089 1383 1158 1474 ipsi
1180 1377 1328 1450 consilia
1351 1391 1472 1446 nostra
1494 1375 1646 1444 fideliter
1669 1377 1713 1444 ad
1737 1377 1886 1466 gloriam
1907 1374 1975 1448 Dei
1996 1377 2084 1448 illu·

50 1489 155 1559 odisse
170 1485 346 1578 imperia,
375 1483 563 1578 inquibus
584 1506 664 1552 raro
682 1481 770 1553 boni
791 1495 978 1571 praesunt,
1004 1495 1038 1550 et
1089 1485 1283 1568 strandum,
1310 1495 1343 1550 et
1357 1479 1505 1548 salutem
1521 1501 1743 1548 communem
1763 1479 1965 1552 referemus.
2000 1477 2084 1550 Non

52 1603 86 1661 nt
100 1603 178 1660 sunt
196 1588 415 1670 mediocres,
441 1587 514 1655 imo
532 1585 619 1654 boni
642 1599 677 1656 et
702 1583 896 1676 sapientes,
918 1597 1035 1654 tamen
1089 1589 1198 1679 igitur
1214 1588 1455 1654 deterreamur
1477 1579 1664 1672 periculis,
1686 1605 1762 1650 non
1782 1581 1989 1672 frangamur
2002 1581 2083 1650 ani·

52 1692 234 1762 multitudo
261 1703 313 1760 est
335 1687 486 1758 varietas
509 1687 752 1778 negotiorum,
777 1709 853 1754 non
877 1685 1039 1756 concedit
1089 1691 1176 1774 rnis,
1202 1687 1338 1757 etiamsi
1365 1685 1564 1762 interdum,
1591 1683 1649 1751 vel
1672 1683 1857 1776 iniquitate
1884 1679 2085 1769 bominum,

53 1795 113 1877 eis,
134 1807 171 1862 ut
191 1793 233 1860 in
249 1791 370 1863 omnia
388 1790 460 1862 sint
474 1790 616 1863 intenti.
653 1787 803 1879 Pompei
816 1789 984 1858 iustitiam
1003 1800 1038 1856 et
1090 1793 1145 1860 vel
1178 1787 1442 1882 perturbatione
1474 1785 1656 1854 communi
1685 1809 1804 1855 rerum
1834 1781 2084 1870 humanarum,

53 1895 280 1984 integritatem
311 1894 451 1964 amabat
481 1890 701 1985 provinciae,
736 1903 775 1960 ut
805 1914 885 1959 curn
919 1911 1038 1959 secum
1090 1895 1168 1986 pia,
1208 1892 1407 1974 moderata,
1448 1888 1615 1957 salutaria
1648 1888 1796 1957 consilia
1827 1888 2084 1978 impediuntur,

55 2000 185 2068 duceret
206 1997 340 2066 multos
362 2018 504 2086 rapaces
525 1993 689 2074 comites,
715 2006 835 2064 tamen
854 1987 918 2061 has
941 1992 1038 2060 iniu—
1089 2019 1155 2064 nec
1186 1993 1440 2084 possessionem
1470 1989 1581 2060 studii
1614 1989 1728 2059 nostri
1755 1991 1975 2076 deseramus,
2013 1989 2084 2082 ipsi

54 2100 113 2166 rias
134 2111 282 2190 propter
305 2097 590 2167 benevolentiam
613 2117 694 2186 erga
708 2093 918 2186 Pompeium
933 2093 1039 2162 dissi·
1090 2097 1312 2190 praesertim,
1345 2117 1424 2163 curn
1450 2091 1553 2162 labor
1583 2091 1778 2162 multorum
1803 2093 1917 2163 nostri
1944 2092 2083 2162 ordinis

55 2201 230 2273 mularent.
290 2196 344 2268 De
366 2196 505 2268 Davide
535 2199 640 2268 etiam
664 2198 828 2290 querelae
854 2208 937 2266 sunt
962 2196 1038 2270 lilii.
1090 2202 1128 2270 in
1148 2198 1306 2270 consiliis
1334 2195 1486 2287 publicis
1514 2194 1620 2286 etiam
1644 2191 1823 2264 Ecclesiae
1845 2195 1917 2265 Dei
1941 2193 2082 2280 serviat,

57 2301 208 2392 Denique
224 2300 381 2372 amentia
399 2301 504 2370 estin
520 2296 587 2369 bac
604 2313 752 2370 naturae
769 2294 948 2368 humanae
969 2298 1037 2366 im·
1090 2327 1196 2398 quarn
1214 2325 1293 2371 cum
1308 2300 1404 2372 Deus
1425 2311 1627 2368 servaturus
1646 2297 1708 2380 sit,
1735 2297 1890 2368 servabit
1904 2310 1940 2368 et
1960 2297 2084 2389 politi-

57 2403 252 2488 becillitate,
280 2403 373 2474 etin
396 2417 493 2472 tanta
515 2401 650 2471 diaboli
673 2401 836 2485 saevitia,
870 2423 1038 2493 quaerere
1091 2429 1146 2475 cas
1164 2404 1269 2475 arteis
1283 2399 1461 2471 Ecclesiae
1484 2399 1700 2469 servienteis.
1753 2396 1942 2470 Nonideo
1964 2395 2083 2470 arcbi-

58 2503 162 2574 animo
184 2504 349 2598 politiam
373 2505 450 2574 sine
474 2504 571 2574 vitiis
591 2516 625 2574 et
649 2503 726 2572 sine
746 2503 939 2576 erroribus.
990 2499 1039 2572 Ut
1090 2505 1262 2578 tectonica
1277 2505 1467 2574 deserenda
1483 2515 1551 2586 est,
1576 2501 1713 2571 etiamsi
1731 2501 1861 2572 multae
1884 2525 1999 2588 arces,
2027 2501 2085 2571 vel

58 2605 152 2694 igitur
165 2607 317 2699 imperia
333 2609 487 2676 oderunt
502 2602 551 2690 hi,
576 2607 638 2700 qui
653 2627 773 2674 causas
789 2605 1037 2676 confusionum
1091 2611 1267 2680 bellorum
1300 2606 1480 2684 cladibus,
1523 2603 1579 2673 vel
1609 2602 1689 2672 aliis
1720 2604 1836 2672 modis
1863 2617 2083 2679 evertuntur.

59 2709 225 2794 nesciunt,
261 2710 366 2780 itaet
389 2709 483 2798 leges
510 2711 785 2798 adspernantur:
814 2731 895 2776 eum
916 2709 1040 2776 vident
1091 2711 1263 2780 Tuendae
1286 2722 1320 2778 et
1344 2708 1512 2777 colendae
1531 2719 1614 2777 sunt
1633 2707 1748 2776 bonae
1769 2720 1880 2788 artes,
1907 2720 1942 2778 et
1959 2719 2083 2801 peten-

60 2832 106 2877 eas
125 2812 246 2881 multis
270 2810 475 2900 ingentibus
497 2810 601 2879 malis
625 2833 700 2878 non
717 2809 869 2895 mederi,
892 2823 927 2879 et
948 2804 1040 2878 hanc
1090 2815 1175 2883 dnm
1191 2839 1208 2881 a
1224 2809 1319 2896 Deo,
1344 2823 1384 2879 ut
1400 2810 1475 2899 ipse
1498 2809 1671 2899 gubernet
1687 2808 1823 2894 studia,
1847 2797 2007 2880 etexitns
2023 2811 2084 2880 det

60 2921 154 2979 totam
176 2913 378 2983 doctrinam
393 2912 486 2981 vitae
509 2912 673 2982 inutilem
695 2935 769 2981 esse
788 2925 955 2996 censent,
979 2913 1040 2980 sed
1090 2917 1196 2987 utiles
1210 2911 1388 2984 Ecclesiae
1405 2934 1498 2981 snae.
1551 2909 1648 3000 Quid
1666 2909 1813 2996 Daniel,
1837 2908 1986 2998 Esaeae,
2009 2910 2084 2982 Ne.

61 3033 115 3080 1¹⁰⁵
129 3028 247 3086 monet
263 3011 422 3083 ῑῡθῙθδῑῑὸ
442 3015 623 3095 ἆθῑῑῑίῡθ,
650 3009 737 3083 oriri
761 3015 890 3085 mullas
914 3015 1040 3103 ingen·
1090 3014 1225 3088 bemias
1242 3016 1360 3085 exules
1375 3013 1560 3084 fecerunt?
1586 3013 1749 3082 viderant
1767 3015 1958 3106 templum,
1985 3015 2082 3108 quod

61 3125 104 3180 tes
118 3117 338 3186 confusiones
355 3115 467 3198 vitae,
492 3141 572 3186 cnm
589 3140 608 3185 a
624 3117 786 3198 diabolo,
810 3129 887 3187 tum
904 3118 949 3186 ab
972 3111 1039 3185 bu·
1091 3121 1185 3192 Deus
1201 3119 1308 3189 condi
1323 3117 1490 3202 iusserat,
1516 3116 1679 3186 funditus
1695 3115 1849 3186 deletum
1867 3141 1958 3204 esse,
1983 3117 2083 3187 vide-

62 3235 151 3286 mana
166 3218 221 3287 vel
243 3217 477 3308 negligentia,
506 3219 564 3288 vel
588 3218 795 3309 petulantia.
846 3217 920 3288 Nec
939 3241 1040 3310 posse
1090 3237 1171 3292 rant
1188 3224 1313 3291 urbem
1334 3220 1492 3309 reginam
1514 3219 1675 3288 omnium
1698 3218 1776 3288 solo
1797 3234 1999 3313 aequatam,
2025 3219 2084 3290 cui

63 3317 325 3400 gubernatorum
336 3320 494 3390 consiliis
510 3345 549 3389 ae
563 3321 699 3410 legibus
715 3319 863 3412 reprimi
878 3321 1039 3390 omniurn
1090 3325 1298 3418 promiserat
1314 3319 1411 3392 Deus
1436 3344 1601 3411 regnum,
1626 3344 1741 3414 neque
1762 3333 1881 3391 tamen
1903 3322 2006 3393 fracti
2021 3324 2084 3391 de-

62 3415 200 3508 lusores,
225 3435 288 3493 aut
303 3421 443 3511 corrigi.
495 3419 544 3491 Et
558 3435 675 3492 tamen
696 3423 790 3493 inter
805 3417 869 3492 has
886 3423 1040 3492 difficul-
1090 3427 1308 3518 speratione,
1334 3447 1395 3494 sua
1414 3424 1530 3494 studia
1547 3424 1766 3492 abiecerunt:
1800 3423 1872 3493 imo
1889 3449 1935 3493 ne
1955 3425 1994 3492 in
2008 3423 2082 3493 exi·

64 3528 137 3589 tates
150 3547 220 3593 non
236 3547 310 3594 esse
330 3524 629 3613 gubernatoribus
646 3547 766 3594 curam
782 3526 1040 3616 deponendam,
1091 3531 1159 3614 lio,
1185 3529 1271 3598 etin
1289 3551 1328 3594 ea
1347 3527 1460 3615 gentis
1481 3525 1728 3615 dissipatione,
1754 3525 1917 3596 doctrina
1939 3525 2082 3618 propria

63 3641 116 3689 nec
145 3625 306 3698 inutilem
337 3647 410 3695 esse
433 3647 556 3696 eorum
578 3625 817 3716 diligentiam:
850 3629 910 3696 sed
931 3651 1040 3720 quae·
1090 3625 1267 3700 Ecclesiae
1300 3627 1543 3710 interciderat,
1575 3627 1708 3695 maiore
1737 3649 1814 3694 eam
1839 3627 2023 3719 diligentia
2048 3641 2083 3699 et

64 3721 131 3791 darn
153 3730 261 3814 mala,
293 3729 349 3797 vel
379 3728 590 3819 reprimere,
622 3729 679 3798 vel
705 3728 877 3818 mitigare.
937 3728 1040 3799 lubet
1089 3733 1271 3802 discebant
1297 3745 1331 3801 et
1349 3730 1420 3800 suis
1438 3730 1642 3812 tradebant,
1667 3741 1798 3800 norant
1814 3729 1910 3798 enirn
1932 3730 2083 3800 nonin-

64 3820 135 3893 item
151 3824 265 3902 Deum
289 3830 468 3916 invocari,
493 3845 534 3902 ut
547 3831 638 3902 adsit
651 3823 743 3900 buic
759 3831 971 3901 difficillimo
987 3831 1040 3900 la-
1089 3835 1273 3906 terituram
1287 3858 1360 3903 esse
1375 3829 1567 3902 Ecclesiam
1584 3829 1664 3908 Dei.
1715 3829 1768 3903 lta
1784 3845 1819 3902 et
1833 3855 1900 3901 nos
1916 3847 1997 3904 vota
2013 3857 2082 3902 no-

64 3920 149 4010 beri,
173 3932 371 4026 etquidem
390 3946 514 4003 monet
536 3935 611 4002 sine
633 3933 765 4003 auxilio
783 3929 870 4020 Dei,
893 3936 1040 4026 sapien·
1090 3953 1161 4010 stra
1185 3953 1218 4008 et
1250 3961 1329 4030 spes
1362 3951 1501 4006 nostras
1533 3936 1577 4004 ad
1599 3931 1792 4006 Ecclesiam
1814 3931 1883 4005 Dei
1905 3935 2081 4026 adiunga-

65 4023 137 4094 tiam
156 4031 253 4103 illam
274 4035 455 4124 politicam
478 4059 580 4126 saepe
604 4031 836 4122 hallucinari,
861 4051 895 4107 et
913 4037 1040 4107 exitio·
1090 4064 1188 4120 mus,
1218 4035 1309 4108 hanc
1333 4039 1554 4123 intueamur,
1587 4051 1621 4107 et
1645 4031 1710 4106 hac
1734 4061 1796 4128 spe
1816 4049 1936 4109 nostra
1961 4038 2080 4110 studia
2153 4119 2155 4124 ,

66 4145 127 4194 tam
147 4157 215 4205 esse
233 4136 447 4210 civitatibus.
501 4139 620 4227 Quam
642 4139 748 4207 multi
770 4140 917 4210 summis
940 4141 1040 4230 inge·
1089 4145 1262 4212 colamus:
1288 4135 1375 4209 haec
1396 4141 1498 4209 navis
1523 4153 1558 4210 et
1578 4153 1736 4234 nostram
1750 4139 1947 4210 doctrinam
1962 4136 2081 4223 vehat,
2140 4179 2144 4188 ⁴

65 4249 124 4297 nris
150 4237 314 4324 praediti,
346 4263 426 4307 cum
449 4241 593 4334 quidem
623 4242 756 4332 patriae
780 4241 871 4310 bene
897 4243 1040 4326 vellent,
1090 4259 1125 4314 et
1147 4237 1251 4312 vehet
1272 4237 1367 4313 haud
1395 4243 1521 4328 dubie,
1547 4243 1577 4310 si
1601 4265 1666 4312 nos
1691 4237 1783 4312 hanc
1805 4242 1927 4312 navim
1953 4267 2081 4314 ornare

67 4339 166 4402 tamen
187 4340 259 4411 suis
283 4340 442 4410 consiliis
464 4355 667 4415 everterunt
682 4341 841 4436 Respub.
858 4345 942 4438 quia
958 4345 1038 4416 freti
1089 4345 1318 4417 studebimus.
1362 4344 1516 4414 Possunt
1532 4356 1647 4414 autern
1663 4346 1795 4435 optime
1809 4347 1937 4415 mereri
1952 4349 1996 4416 de
2010 4342 2082 4417 Ec·
2193 4391 2198 4402 ·

67 4449 117 4498 sua
140 4441 324 4530 sapientia,
356 4465 413 4512 res
435 4460 625 4517 moverunt
646 4469 721 4514 non
741 4447 971 4529 necessarias,
1000 4461 1041 4516 ut
1089 4449 1193 4519 clesia
1218 4449 1330 4517 nostri
1354 4448 1491 4517 ordinis
1508 4447 1594 4514 viri:
1621 4471 1700 4516 curn
1719 4461 1853 4518 mentes
1878 4449 2081 4542 principum

68 4523 208 4647 lerieles,
234 4539 504 4630 Demosthenes,
530 4545 734 4638 Pompeius,
760 4546 895 4619 Cicero.
948 4545 1039 4618 Tota
1089 4551 1263 4644 aquibus
1286 4551 1538 4633 consuluntur,
1569 4550 1613 4616 ad
1638 4573 1758 4618 curam
1785 4551 2000 4620 defendendi
2022 4551 2081 4643 pia

68 4653 115 4702 tta
127 4663 294 4732 erramus,
319 4648 350 4715 si
370 4647 447 4716 sine
461 4645 538 4719 Deo
560 4649 719 4718 foelicem
734 4673 807 4719 esse
830 4651 1038 4741 sapientiam
1089 4654 1225 4736 studia,
1252 4666 1285 4721 et
1303 4667 1394 4722 artes
1409 4654 1577 4722 salutares
1598 4645 1755 4720 humano
1779 4654 1900 4741 generi
1923 4654 2080 4727 flectunt.

69 4734 272 4819 arbitramur.
325 4745 403 4818 Hac
426 4749 537 4839 igitur
559 4751 800 4821 consolatione
825 4775 890 4822 nos
910 4754 1039 4822 confir-
1089 4755 1172 4826 Dixi
1194 4757 1366 4846 paneade
1387 4752 1654 4844 professoribus.
1707 4753 1778 4825 Sed
1800 4755 2082 4849 priusquamde-

69 4854 202 4948 liturus,
229 4851 433 4939 praesertim
451 4854 490 4920 in
512 4849 568 4922 his
586 4854 683 4923 orbis
703 4867 876 4924 terrarum
900 4856 1039 4947 pericu·
1089 4859 1186 4938 sino,
1214 4857 1319 4926 etiarn
1342 4851 1400 4925 bic
1423 4871 1541 4927 coetus
1565 4851 1793 4928 scholasticus
1817 4859 1861 4926 de
1882 4881 1946 4926 sno
1964 4857 2080 4928 officio

70 4931 121 5023 ¹¹⁸,
143 4962 172 5018 et
188 4951 327 5023 labante
342 4967 414 5023 tota
430 4956 556 5023 mundi
573 4950 748 5038 machina,
769 4957 920 5026 sciamus
936 4981 1039 5026 ruere
1089 4959 1457 5029 commonefaciendus
1480 4973 1546 5043 est,
1578 4981 1680 5049 saepe
1702 4961 1740 5027 in
1770 4959 2003 5030 concionibus
2025 4983 2082 5030 sa-

70 5055 114 5106 res
126 5038 306 5140 humanas,
332 5067 366 5124 et
382 5068 500 5125 tamen
516 5059 634 5127 fulciri
654 5053 746 5128 hanc
758 5058 898 5127 ruinam
914 5085 932 5127 a
950 5057 1038 5144 Deo,
1089 5063 1176 5142 cris,
1199 5083 1301 5152 saepe
1319 5063 1356 5129 in
1375 5062 1585 5131 lectionibus
1602 5075 1854 5152 proponuntur
1870 5061 1971 5132 vobis
1987 5062 2080 5131 divi-

72 5151 98 5208 et
111 5141 211 5223 bonos
226 5157 320 5226 viros
336 5159 463 5226 debere
481 5183 546 5229 suo
563 5183 727 5254 quenque
744 5161 823 5230 loco
839 5161 973 5240 anniti,
1000 5175 1039 5232 ut
1088 5187 1154 5233 nae
1176 5165 1391 5249 sententiae,
1417 5167 1460 5232 de
1480 5163 1686 5254 disciplina,
1713 5165 1756 5231 de
1779 5163 1884 5232 bonis
1908 5165 2080 5246 moribus,

73 5249 186 5324 ltosint
211 5259 393 5329 communi
417 5261 534 5334 saluti.
579 5260 676 5332 Haec
690 5264 939 5354 inpraesentia
954 5265 1037 5333 duxi
1089 5270 1132 5336 de
1146 5267 1270 5357 poenis
1285 5291 1375 5362 quae
1395 5266 1623 5336 violationem
1639 5265 1846 5356 disciplinae
1871 5281 2080 5360 sequuntur.

73 5359 453 5453 ‘Pmmernorandaesse
505 5363 595 5436 Nam
613 5359 704 5433 mihi
725 5366 907 5456 aspicienti
921 5367 1038 5453 legum
1088 5364 1136 5438 Et
1150 5391 1285 5460 poenae
1302 5381 1384 5438 sunt
1401 5369 1438 5436 in
1455 5383 1660 5460 conspectu:
1688 5366 1800 5438 Turci
1820 5368 1967 5460 impune
1982 5393 2080 5461 gras-

73 5437 179 5542 l¹bl0³,
203 5475 236 5534 et
258 5465 398 5556 cognita
421 5465 577 5558 pericula
599 5463 830 5555 Germaniae,
857 5491 959 5562 saepe
983 5483 1039 5540 to·
1088 5479 1212 5542 santur
1231 5473 1271 5542 in
1292 5470 1441 5553 vicinia,
1475 5472 1659 5540 distractae
1684 5483 1767 5541 sunt
1788 5472 1989 5566 principum
2015 5491 2079 5542 vo-
