4704 5826
110 303 191 377 939
681 291 841 380 DECL.
875 295 949 380 DE
981 291 1294 378 socratas
1322 295 1587 376 PHYSICA.
2078 311 2190 391 934·

109 489 280 569 possunt:
305 465 424 548 tamen
442 475 646 549 iunioribus
670 479 813 570 prodest
835 499 938 569 saepe
962 475 1111 550 recitare
1164 471 1316 542 fortibus
1332 485 1364 540 el
1380 471 1563 542 mavortiis
1588 472 1671 543 viris
1692 472 1889 566 indiguam.
1941 477 2010 551 Sed
2037 481 2155 556 rident

108 603 254 664 causas,
289 601 353 650 eur
385 593 512 652 natura
548 581 806 650 consideranda
839 580 902 663 sit,
936 595 1107 674 quantum
1161 569 1198 643 hi
1216 597 1359 666 prorsus
1380 576 1587 644 sardonium
1609 575 1730 652 risum,
1784 577 1935 650 Plurimi
1960 583 2153 676 enimgra-

108 682 188 750 lieri
215 693 347 772 potest,
388 695 423 752 et
448 707 512 753 cur
536 676 575 752 hi
601 683 708 751 rivnli
733 681 927 774 sapientiae
952 683 1109 768 divinae,
1158 699 1218 746 ves
1244 700 1375 770 poenas
1399 679 1484 747 dant
1508 688 1541 748 et
1567 675 1878 770 intemperantiae,
1921 697 1955 754 et
1983 685 2151 768 inscitiae,

107 783 174 878 qni
205 795 386 878 utcunque
416 785 455 852 in
480 784 583 854 libris
608 786 830 853 eruditorum
854 783 992 855 collecti
1013 795 1107 870 sunt,
1156 803 1237 850 curn
1255 781 1310 849 vel
1329 779 1594 850 accersuntsibi
1613 782 1775 865 morbos,
1803 784 1859 852 vel
1878 809 2062 870 occurrere
2086 814 2151 862 na-

106 884 268 956 studiose
286 885 521 976 cognoscendi
545 887 627 960 sint.
679 884 752 955 Nec
773 887 926 957 deterret
950 909 1005 955 me
1021 881 1105 957 Ari-

106 981 318 1078 stophanes,
359 988 525 1058 deridens
549 982 618 1056 hoc
642 987 821 1073 studium,
852 1000 887 1057 et
910 985 1104 1076 Socratem,

105 1089 316 1181 impositum
335 1083 475 1159 calatho
499 1112 538 1158 ac
561 1088 742 1160 sublatum
764 1088 805 1157 iu
829 1103 967 1176 aerem,
1002 1105 1036 1161 et
1063 1104 1103 1161 ut

107 1191 186 1284 ipse
218 1190 356 1284 inquit,
401 1185 682 1286 ἀεροβατοῦντα
712 1185 776 1262 καὶ
802 1195 1103 1288 περιφρονοῦντα

105 1288 177 1365 τὸν
189 1288 303 1384 ἥλιον.
355 1289 491 1363 Usitata
509 1305 560 1362 est
575 1293 671 1361 enirn
690 1292 917 1383 perversitas,
945 1309 978 1366 ct
999 1295 1102 1388 plau-

105 1394 242 1479 sibilis,
270 1393 405 1483 legibus
429 1409 464 1467 et
486 1417 590 1464 verae
611 1396 812 1480 doctrinae,
837 1407 1006 1489 tanquam
1024 1421 1101 1468 car-

105 1496 181 1566 ceri
206 1510 240 1566 et
264 1495 418 1564 vinculis
440 1496 695 1587 cupiditatum,
732 1495 935 1568 conviciari.
999 1495 1101 1570 luvat

104 1598 204 1666 enim
218 1599 349 1668 multos
359 1597 441 1672 ,sine
455 1599 532 1668 ullo
546 1599 648 1668 freno
666 1599 790 1669 ludere
805 1598 1019 1691 opinionum
1036 1625 1099 1670 va·

104 1700 250 1778 rietate,
277 1713 310 1769 et
326 1699 444 1789 vagari
467 1700 742 1792 cupiditatibus,
767 1725 981 1795 quoeunque
1007 1702 1098 1774 caeci

105 1801 263 1894 impetus
276 1815 404 1872 ruunt:
431 1802 538 1896 idque
555 1802 756 1873 libertatem
773 1817 911 1877 vocant.

209 1917 280 1990 Sed
307 1943 374 1988 nos
405 1919 555 1991 sciamus
580 1921 755 2020 divinitus
780 1921 1003 1992 circundatas
1025 1943 1099 1991 esse

103 2017 284 2092 humanae
306 2022 417 2092 menti
440 2037 551 2093 certas
573 2037 702 2105 metas,
739 2023 830 2094 intra
856 2027 941 2118 quas
964 2036 997 2094 et
1019 2023 1099 2114 opi-

102 2123 232 2193 niones
265 2137 300 2194 et
330 2118 808 2216 cupiditates·cohercendae
844 2140 938 2198 sunt.
1009 2123 1099 2196 Vult

102 2221 203 2296 Deus
227 2225 301 2316 regi
324 2227 432 2297 vitam
455 2227 593 2318 legibus
616 2240 722 2321 atque
742 2228 897 2312 artibus,
930 2227 1009 2298 vult
1032 2249 1097 2297 nos

103 2327 306 2398 discernere
323 2329 506 2400 veritatem
523 2341 557 2398 et
574 2329 817 2414 mendacium,
843 2343 877 2398 et
896 2329 934 2398 in
950 2329 1097 2401 veritate

102 2431 343 2522 acquiescere,
370 2445 406 2502 et
420 2453 607 2520 agnoscere
621 2431 738 2524 ipsum
752 2431 888 2502 fontem
904 2431 1097 2524 sapientiae

103 2554 277 2618 veracem,
302 2546 337 2603 et
352 2532 531 2618 veritatis,
557 2547 734 2604 amantem
748 2557 840 2604 esse:
865 2535 949 2604 etei
966 2533 1098 2626 gratias

102 2655 226 2723 agere,
252 2637 348 2728 quod
372 2633 492 2704 radios
509 2659 593 2705 suae
609 2636 800 2728 sapientiae
817 2635 855 2704 in
874 2659 939 2706 nos
953 2635 1095 2728 spargit.

100 2733 178 2805 Nee
208 2759 354 2805 moveor
378 2731 594 2807 histrionum
620 2739 845 2830 quorundam
870 2737 1095 2824 clamoribus,

102 2837 168 2931 qui
183 2837 408 2909 simulatione
424 2838 610 2929 religionis
628 2839 843 2930 vituperant,
869 2851 1017 2910 naturae
1037 2839 1094 2908 in-

101 2939 352 3032 quisitionem,
379 2955 413 3012 et
428 2941 558 3010 abduci
576 2955 711 3011 mentes
725 2942 771 3011 ab
788 2941 981 3036 iisseriptis
997 2941 1094 3012 voci-

99 3039 282 3126 ferantur,
306 3065 397 3152 quae
413 3038 511 3112 Deus
527 3065 589 3114 sua
603 3067 689 3114 voce
702 3043 861 3118 tradidit.

205 3155 279 3229 Nos
295 3183 378 3231 vero
395 3175 429 3232 et
442 3184 565 3232 vocem
585 3161 745 3246 divinam
767 3176 970 3235 reverenter
987 3165 1092 3236 audi-

99 3283 201 3346 mus,
241 3275 277 3332 et
302 3255 370 3333 hae
392 3263 468 3356 ipsa
496 3286 700 3358 movemur,
740 3278 778 3336 ut
808 3265 942 3338 maiore
973 3265 1091 3340 studio

99 3363 230 3434 mundi
254 3387 402 3456 corpora
426 3363 648 3458 aspiciamus.
699 3362 832 3438 Paulus
850 3368 945 3442 enim
961 3367 1091 3462 iuquit,

99 3464 215 3536 oeulis
231 3466 361 3536 uostris
384 3461 470 3537 haec
492 3467 674 3560 proposita
697 3489 791 3552 esse,
816 3481 856 3539 ut
879 3493 945 3542 nos
967 3473 1011 3541 dc
1034 3496 1092 3540 ar·

99 3563 245 3639 chitecti
278 3568 450 3660 sapientia
484 3581 520 3640 et
553 3571 598 3640 de
629 3570 854 3662 providentia
888 3597 1093 3644 commone-

96 3669 241 3744 faciant.

203 3784 301 3858 Haec
331 3801 519 3884 postquam
546 3791 722 3882 praefatus
752 3813 848 3876 sum,
879 3814 979 3863 nune
1001 3794 1092 3863 reri·

101 3889 187 3961 tabo
220 3912 341 3960 musas
370 3891 597 3983 praecipuas,
636 3907 781 3984 propter
811 3916 898 3986 quas
929 3895 1092 3966 doctrina

98 3985 246 4086 physica
268 3994 461 4084 expetenda
484 4006 518 4064 et
537 3996 779 4082 cognoscenda
803 4009 864 4066 est.
922 3993 1018 4068 Utile
1041 4012 1094 4070 est

100 4092 198 4162 enim
229 4091 269 4164 in
300 4094 468 4164 omnibus
499 4097 667 4179 studiis,-
688 4119 790 4188 saepe
819 4099 920 4190 quasi
949 4113 1091 4190 portum

98 4194 275 4286 aspicere,
309 4209 344 4267 et
374 4197 546 4286 rogitare,
587 4221 694 4292 wana
719 4197 909 4271 utilitatem
939 4201 1091 4292 suscepti

97 4297 238 4368 labores
252 4297 394 4368 allaturi
408 4298 491 4372 sint.
863 4328 865 4334 ’

200 4414 254 4486 Ac
273 4415 378 4487 initio
392 4419 601 4488 uotae'sunt
620 4412 686 4487 hae
710 4419 901 4505 utilitates,
933 4443 1024 4513 quae
1045 4421 1091 4491 ad

97 4540 228 4609 corpus
251 4518 442 4608 pertinent.
504 4515 617 4590 Tueri
644 4521 901 4606 valetudinem,
940 4534 974 4593 et
994 4545 1091 4592 mor·

1154 882 1333 954 arentibus
1348 905 1421 950 nou
1438 895 1593 966 norunt,
1619 905 1685 953 nec
1699 881 1792 974 leges
1806 887 1898 956 ullas
1914 889 2110 979 patiuntur.

1254 1029 1325 1101 Sed
1340 1025 1432 1100 hanc
1448 1029 1645 1100 orationem
1662 1031 1706 1100 de
1731 1032 1964 1116 utilitatibus,
1988 1061 2077 1130 quae
2103 1046 2148 1110 ad

1153 1154 1279 1223 corpus
1303 1133 1499 1225 pertinent,
1533 1131 1617 1225 quia
1641 1155 1696 1204 res
1719 1149 1803 1204 nota
1830 1152 1902 1220 est,
1933 1139 2148 1233 relinquam,

1152 1255 1191 1302 ac
1209 1239 1414 1318 ostendam,
1441 1249 1612 1328 quantum
1629 1237 1756 1306 referat
1774 1237 1811 1304 in
1837 1238 1915 1307 aliis
1939 1244 2146 1314 necessariis

1154 1337 1328 1406 doctrinis
1344 1359 1447 1405 nosse
1462 1331 1548 1406 haec
1564 1337 1666 1406 initia
1684 1331 1854 1432 physices,
1880 1366 1971 1434 quae
1986 1343 2026 1412 in
2041 1340 2145 1415 scho-

1150 1436 1194 1507 lis
1211 1441 1412 1512 traduntur.
1872 1445 1876 1459 ’

1251 1573 1389 1647 Scimus
1410 1570 1590 1644 Ecclesiae
1613 1575 1812 1645 doctrinam
1838 1581 1903 1649 toti
1926 1583 2048 1670 generi
2075 1577 2144 1654 hu-

1148 1699 1254 1746 mano
1271 1675 1502 1746 necessariam
1519 1699 1603 1750 esse.
1638 1675 1679 1746 ln
1698 1673 1762 1748 hac
1776 1695 1893 1750 autem
1911 1685 2044 1754 multae
2059 1699 2143 1756 sunt

1148 1779 1373 1868 gravissimae
1396 1800 1537 1862 causae,
1578 1801 1666 1871 quas
1689 1804 1753 1850 nec
1774 1783 1934 1852 doctores
1959 1787 2143 1876 explicare,

1149 1905 1212 1950 nec
1238 1881 1391 1973 populus
1412 1879 1609 1970 intelligere
1638 1895 1769 1972 potest,
1804 1883 1882 1953 sine
1912 1887 2142 1960 adminiculis

1147 1979 1320 2076 physices.
1373 1977 1490 2071 Ergo,
1515 1983 1701 2076 inquiunt,
1728 1985 1852 2056 misces
1870 1983 2139 2081 Philosophiam

1148 2085 1228 2154 voci
1250 2085 1414 2169 coelesti,
1440 2098 1476 2156 et
1497 2085 1647 2156 dilutam
1670 2110 1711 2157 ac
1733 2090 1982 2160 confusaneam
2008 2095 2141 2164 doctri-

1147 2211 1229 2258 nam
1244 2187 1443 2284 proponis?

1248 2319 1330 2392 Seio
1353 2315 1420 2390 hoc
1445 2320 1549 2390 uobis
1570 2319 1677 2390 obiici
1701 2321 1746 2390 ab
1771 2322 1944 2408 indoctis,
1978 2329 2138 2422 quisuis

1147 2422 1359 2516 quibusdam
1386 2423 1580 2494 barbaricis
1602 2423 1833 2514 opinionibus
1857 2427 2018 2501 fascinati
2043 2447 2135 2503 sunt.

1145 2523 1217 2597 Sed
1233 2521 1302 2595 hoc
1326 2525 1506 2610 volumus,
1537 2549 1638 2595 suum
1660 2527 1788 2620 cuique
1810 2529 1931 2618 generi
1955 2533 2137 2606 doctrinae

1144 2625 1262 2699 locum
1278 2651 1364 2699 esse.
1413 2625 1588 2698 lmmensa
1603 2627 1870 2700 bonitateDeus
1884 2631 2045 2725 loquitur
2061 2659 2137 2705 ser-

1143 2753 1249 2800 mone
1266 2746 1408 2813 nostro,
1433 2744 1474 2800 ut
1489 2729 1721 2818 intelligatur.
1769 2729 1842 2802 Nec
1867 2735 2055 2806 confundit
2077 2759 2135 2828 ge-

1144 2855 1226 2902 nera
1246 2833 1510 2916 doctrinarum,
1534 2832 1597 2925 qui
1613 2832 1718 2912 dicit,
1745 2835 1921 2904 sermonis
1937 2839 2135 2931 proprieta-

1143 2946 1213 3004 tem
1243 2939 1449 3006 sumendam
1479 2956 1552 3002 esse
1582 2958 1602 3003 a
1634 2931 1889 3006 Grammatico.
1963 2937 2134 3012 Nominat

1142 3036 1268 3121 licum,
1294 3037 1515 3132 amygdalas,
1540 3057 1792 3130 sycomoream.
1846 3035 1918 3108 Nec
1944 3045 2135 3118 confundit

1142 3159 1269 3228 genera
1296 3138 1559 3218 doctrinarum,
1593 3137 1654 3231 qui
1680 3139 1873 3230 interrogat
1902 3135 2133 3218 hortulanum

1140 3243 1185 3308 de
1200 3236 1325 3310 harum
1343 3241 1511 3312 arborum
1529 3241 1674 3312 naturis.

1242 3373 1358 3448 Curae
1373 3377 1418 3448 sit
1434 3375 1614 3462 omnibus,
1640 3391 1680 3448 ut
1695 3377 1810 3448 fontes
1827 3381 1985 3451 eoelestis
2000 3385 2133 3454 doctri-

1141 3501 1208 3548 nae
1224 3493 1390 3549 maneant
1409 3479 1627 3576 incorrupti,
1655 3493 1688 3548 et
1711 3481 1829 3550 nativa
1845 3485 2019 3578 senteqtia
2037 3487 2132 3556 vocis

1142 3579 1286 3651 divinae
1309 3583 1515 3654 retineatur.
1568 3577 1732 3650 Caeterae
1755 3605 1839 3652 vero
1864 3597 1974 3670 artes,
2006 3601 2045 3656 ut
2068 3612 2131 3656 an-

1142 3683 1243 3754 cillae
1260 3699 1468 3776 sequantur:
1495 3705 1535 3752 ac
1554 3683 1617 3752 ubi
1633 3707 1723 3774 opus
1738 3698 1807 3768 est,
1832 3687 1988 3758 serviant
2012 3689 2131 3780 legeu-

1141 3785 1238 3858 tibus
1258 3786 1298 3856 in
1316 3809 1396 3857 vera
1413 3783 1637 3872 enarratione
1654 3787 1838 3861 sermonis.

1243 3935 1313 4010 Sed
1326 3935 1432 4008 multi
1447 3935 1530 4005 odio
1546 3933 1749 4018 literarum,
1776 3935 1879 4006 multi
1893 3949 1933 4006 ut
1949 3935 2129 4008 licentiam

1140 4035 1296 4109 habeant
1310 4038 1485 4108 infinitam
1500 4037 1654 4127 fingendi
1672 4037 1859 4126 opiniones
1879 4063 1943 4108 suo
1968 4040 2129 4122 arbitrio,

1141 4155 1303 4212 excutere
1318 4141 1447 4210 artium
1465 4139 1606 4209 vincula
1623 4153 1814 4224 conantur,
1848 4165 1936 4233 quae
1951 4143 1994 4211 ad
2011 4155 2130 4212 custo-

1141 4243 1307 4314 diendam
1319 4243 1567 4335 proprietatem
1586 4243 1799 4326 conducere,
1825 4243 2050 4314 manifestum
2067 4257 2128 4316 est.

1141 4345 1250 4416 Multi
1266 4345 1347 4416 tetri
1365 4367 1513 4428 errores,
1540 4357 1573 4413 et
1589 4345 1760 4436 quaedam
1778 4345 2016 4417 abominanda
2031 4347 2129 4417 idola

1140 4449 1177 4517 iu
1193 4443 1387 4518 Ecclesiam
1403 4447 1540 4516 invecta
1560 4458 1660 4525 sunt,
1687 4445 1817 4538 quibus
1839 4459 1873 4517 et
1887 4445 1983 4518 Deus
2002 4463 2130 4520 contu·

1139 4549 1245 4620 melia
1262 4548 1441 4630 adficitur,
1467 4561 1501 4618 et
1519 4570 1651 4638 poenae
1667 4570 1707 4616 ac
1723 4551 1932 4619 vastationes
1947 4550 1984 4618 iu
2003 4573 2129 4640 genere

90 4620 228 4691 ‘imum
246 4619 574 4702 lfllffl⁸⁰⁰⁰¹¹mfer
599 4639 705 4692 n⁰m⁰
727 4623 804 4692 ⁸5⁰⁰
827 4623 946 4717 ²¹¹qu³
968 4623 1090 4714 ‘⁰3⁰3'
1139 4649 1298 4723 humano
1325 4651 1511 4721 accersitae
1535 4661 1635 4734 sunt,
1666 4649 1748 4742 quia
1772 4645 1945 4721 sermonis
1967 4655 2129 4745 proprie-

95 4715 526 4842 ²ifl¹¹⁰‚l'i¹‚l‚⁸3⁶²⁸·l³⁰²⁶⁸i¹
590 4720 644 4794 Ac
668 4724 890 4842 V²¹if³l¹¹¹¹¹¹¹¹
913 4739 983 4845 {⁸²2
1016 4751 1091 4796 Μ·
1139 4769 1211 4839 tas,
1236 4767 1270 4825 ct
1289 4753 1418 4824 artium
1436 4767 1547 4822 anetae
1569 4751 1745 4840 neglectae
1769 4763 1871 4837 sunt,
1907 4766 1942 4825 et
1959 4755 2128 4846 permissa

95 4823 212 4942 d¹⁰ff¹
233 4825 435 4915 d¹l¹d²¹¹l¹³2
462 4849 537 4896 ¹¹⁰⁰
560 4827 665 4944 {ul-¹²⁸
689 4821 796 4944 ‘hum‘
820 4828 1022 4912 ‘'Minna‘’
1055 4839 1090 4898 οἳ
1139 4855 1282 4928 lieentia
1307 4854 1478 4936 indoctis,
1511 4867 1573 4924 aut
1595 4851 1776 4938 fanaticis,
1804 4853 1962 4945 fingendi
1985 4857 2128 4947 opinio-

95 4925 253 5018 pertcula
282 4927 395 5000 multa
426 4928 640 4998 valetudinis
664 4941 793 5013 vrtare,
822 4943 857 5000 et
879 4927 1091 5000 saevissimis
1139 4981 1202 5030 ne,
1224 4972 1258 5029 e,
1280 4957 1427 5028 numm,
1453 4979 1517 5028 ,120
1538 4955 1699 5026 arbitrio,
1748 4951 1987 5040 cohaeream,
2013 4981 2130 5029 exem-

95 5027 234 5098 morbis
241 5077 264 5147 '.
281 5027 312 5147 si
338 5028 451 5102 initiis
478 5043 554 5099 arte
579 5045 786 5149 occurrant,
818 5031 952 5151 mederi
978 5055 1089 5123 posse.
1139 5061 1197 5155 pq,
1216 5061 1589 5151 omniumqempofum
1610 5081 1684 5126 non
1700 5079 1808 5148 pauca
1827 5058 2003 5148 cogitans,
2030 5085 2131 5154 quae,

94 5123 402 5204 Hancutrhtatem
417 5133 636 5223 adspernari,
663 5153 789 5223 magna
804 5133 985 5204 barbaries
1001 5147 1064 5204 est.
1139 5165 1223 5262 quq,
1248 5161 1409 5234 insuavi,
1437 5173 1521 5232 ,unt
1545 5160 1688 5243 auditu,
1722 5160 1870 5230 recitare
1901 5161 1998 5232 nolo.
2057 5161 2129 5236 sed

199 5261 268 5336 Sed
288 5265 393 5340 multi
407 5266 484 5338 sine
503 5267 649 5353 ordine,
682 5269 758 5337 sine
778 5267 916 5338 ratione
938 5269 1011 5340 ulla
1033 5267 1090 5337 vi·
1141 5289 1203 5336 vos
1220 5264 1398 5336 auditores
1415 5275 1558 5358 propter
1574 5261 1723 5353 gloriam
1740 5255 1828 5348 Dei,
1853 5275 1886 5333 et
1903 5277 2047 5356 propter
2060 5261 2132 5335 Ec-

95 5379 237 5452 ventes,
271 5345 379 5440 huius
402 5368 563 5440 utilitatis
586 5369 768 5440 mentione
794 5394 1088 5462 parummoven-
1140 5368 1265 5440 clesiae
1294 5369 1484 5439 utilitatem
1515 5367 1693 5448 obtestor,
1724 5375 1765 5434 ut
1789 5365 2006 5450 doctrinam,
2040 5389 2131 5460 quae

96 5481 173 5540 tur:
199 5468 319 5543 rident
335 5465 562 5566 potiushanc
584 5471 800 5544 valetudinis
819 5497 960 5555 curam,
987 5473 1086 5568 quasi
1139 5472 1256 5542 lucem
1277 5470 1392 5542 adfert
1417 5469 1574 5644 sgqnqoui
1597 5464 1758 5552 coelesti,
1788 5467 1921 5538 ametis.
1979 5466 2132 5561 Conspi-
