4646 5824
71 255 153 332 798

73 437 179 500 sunta
205 447 295 521 quos
318 423 652 522 quidem'nreliores
673 444 770 511 esse,
796 420 958 512 Galenus
974 421 1074 499 dicit.

72 529 146 602 Sed
162 551 223 602 ars
238 542 290 600 eet
306 525 494 600 recentior.
540 524 648 628 Alius
662 531 791 600 modus
805 527 875 600 fuis
891 527 1074 611 vetustior,

71 631 113 700 in
129 633 209 702 ioco
222 631 316 702 inter
331 630 487 716 cineres,
511 629 569 700 vel
584 629 624 700 in
638 641 725 702 teste
740 630 849 702 neeri
865 653 985 722 panes.
1021 627 1073 700 Hi

72 735 249 806 dicuntur
272 724 472 831 &perpalpans
479 779 491 816 ,
526 731 627 824 quasi
649 732 730 804 testi
751 731 949 820 cineribus,
981 757 1073 825 quo-

71 859 155 906 rum
173 857 275 926 saepe
290 835 329 904 fit
344 833 480 907 mentio
500 831 539 902 iu
556 830 691 906 Graeca
713 833 864 905 lectione
886 829 1072 928 propheti-

72 961 201 1008 corum
225 937 413 1008 librorum.
470 930 519 1004 Et
540 935 578 1002 in
600 933 758 1006 Levitico
782 937 819 1006 in
835 939 988 1031 quadam
1010 938 1073 1007 de-

72 1039 271 1130 scriptione
294 1035 487 1120 oblntionis
512 1035 596 1107 satis
623 1038 798 1110 concinna
817 1039 982 1130 allegoria
999 1053 1073 1110 tra-

72 1142 178 1213 ditur
202 1137 390 1211 aGraecis
412 1139 683 1230 interpretibus,
710 1165 837 1234 panem
863 1135 1073 1240 ἐγκρυφίαν

71 1257 202 1337 typum
225 1265 298 1312 esse
318 1236 454 1312 Christi
478 1239 516 1310 in
539 1237 746 1334 sepulchro,
786 1257 955 1338 tanquam
979 1245 1073 1316 inter

73 1345 216 1416 cineres
231 1343 388 1416 iacentis.

176 1444 248 1516 Sed
264 1444 304 1514 in
320 1445 399 1516 aliis
413 1443 501 1514 locis
514 1446 559 1514 ad
574 1467 638 1514 nos
652 1445 849 1534 auditores,
874 1445 1018 1539 proprie
1033 1469 1073 1516 ec

72 1549 341 1618 commodanda
375 1559 427 1618 est
456 1547 576 1637 ligura.
626 1543 701 1616 Nos
727 1571 848 1620 sumus
875 1541 1073 1648 dyepdpsas

73 1647 201 1720 obruti
227 1647 424 1730 cineribus,
449 1647 622 1742 squalidi,
648 1650 866 1720 aerumnosi:
897 1653 957 1720 sed
982 1646 1073 1720 hanc

73 1751 358 1824 consolationem
374 1765 567 1834 teneamus,
589 1747 666 1820 Deo
682 1747 820 1844 placere
837 1747 923 1822 hacc
939 1750 1072 1824 doctri-

71 1874 143 1924 nae
169 1851 307 1938 studia,
333 1874 486 1946 eumque
507 1853 688 1922 custodem
712 1875 786 1924 esse
806 1855 861 1924 sui
877 1868 1014 1938 coetus,
1038 1865 1073 1924 et

72 1977 221 2044 semper
236 1953 377 2044 agmina
391 1953 511 2046 aliqua
523 1953 735 2025 discentium
752 1970 971 2048 servaturum
988 1978 1073 2036 esse,

74 2070 112 2128 et
130 2056 251 2148 colligi
267 2050 337 2126 hoc
352 2057 459 2126 modo
478 2068 656 2124 aeternam
674 2056 743 2145 ipsi
758 2052 964 2128 Ecclesiam.
997 2055 1074 2128 Hac

73 2156 279 2230 confirmati
294 2157 554 2242 consolatione,
579 2151 645 2226 has
660 2153 885 2230 scholasticas
902 2183 1026 2252 operas
1040 2171 1074 2230 et

72 2279 257 2338 amemus,
282 2257 318 2327 'et
335 2258 492 2328 studiose
505 2257 688 2350 faciamus,
713 2273 748 2331 et
763 2255 940 2332 Ecclesiae
954 2285 995 2332 ac
1009 2286 1074 2353 po·

73 2361 182 2432 eteris
204 2353 474 2451 Philosophiam
506 2369 541 2428 et
562 2361 761 2432 doctrinam
785 2364 829 2434 de
850 2358 926 2434 Deo
955 2365 1075 2434 incor-

72 2475 220 2553 ruptam
234 2463 426 2536 tradamus.
476 2458 572 2534 Dixi.

887 2827 937 2868 ιιι.
960 2806 1055 2875 1548.

871 2895 1077 2935 Q

166 2999 243 3086 De
265 2997 410 3084 dioto.-
437 2995 547 3109 Ego
569 3025 659 3112 pro
689 3009 735 3088 te
760 3003 889 3088 maai
907 2976 989 3090 etc.

150 3159 183 3212 lu
201 3155 294 3214 select.
308 3155 465 3216 neuma.
486 3155 519 3210 T.
542 3155 588 3214 lll.
610 3177 638 3228 p.
652 3159 795 3246 497·sqq.,
828 3163 954 3220 lliebsrd.
976 3164 1009 3224 T.
1026 3165 1077 3220 ΙΙΙ.

203 3261 214 3280 .
225 3225 304 3294 015„
332 3225 451 3282 Serrest.
467 3224 502 3284 T.
517 3226 563 3280 ill.
600 3227 683 3284 .472.
701 3239 728 3284 et
746 3249 774 3286 sn
794 3231 875 3288 Tem.
894 3232 943 3290 lll.
965 3235 1077 3291 Eriord.

183 3245 227 3350 lic.
241 3297 273 3362 F,
294 3297 321 3349 ⁵.
356 3296 425 3350 ltem
444 3296 472 3348 in
488 3291 600 3366 Georgii
620 3295 759 3370 Principis
773 3299 914 3358 Anbeltini
932 3304 1077 3360 concioni-

182 3363 236 3419 bus
252 3371 279 3418 et
291 3363 401 3436 scriptis
420 3381 448 3435 p.
461 3363 523 3418 421.

78 3509 215 3578 Oratio
239 3495 462 3602 [synodico]
487 3499 536 3574 de
560 3499 661 3576 dicto
679 3493 846 3594 Chresti,
879 3513 972 3582 Luc.
994 3511 1078 3588 22:

77 3613 159 3704 Epo
181 3629 249 3699 pro
280 3613 318 3678 te
351 3608 479 3692 oront,
514 3626 564 3676 ne
593 3602 753 3704 deficiat
775 3606 869 3707 fides
902 3621 972 3688 tua
1004 3624 1077 3688 etc.

77 3713 237 3800 (Recitata
251 3735 268 3776 a
285 3709 418 3796 Georgia
431 3711 560 3776 Anhelt.
581 3717 615 3776 in
629 3711 756 3800 Synodo
780 3718 857 3786 (1.7.
870 3718 951 3786 Nor.
968 3723 1079 3805 1548.)

457 253 620 335 neor.
666 255 748 334 nr
779 253 985 338 mero.
1020 251 1144 334 noo
1177 249 1296 332 eno
1330 250 1404 333 sn
1428 205 1618 336 ons'vr
1650 268 1733 338 ere

2041 263 2118 344 794

1214 416 1306 494 Cum
1320 418 1429 513 igitur
1443 443 1541 497 nursc
1558 436 1594 496 et
1606 435 1805 515 praesentes
1818 447 2006 503 sommare
2021 429 2115 502 mul-

1124 538 1181 599 tae
1210 523 1346 594 duriter
1370 540 1533 615 premant
1554 523 1767 614 Ecclesiam,
1800 541 1836 598 et
1857 529 1895 598 in
1924 546 2115 626 conspectu

1124 626 1198 698 sint
1213 625 1280 696 alia
1298 640 1447 698 ventura
1462 628 1628 718 pericula,
1645 643 1679 700 et
1694 653 1748 700 res
1763 633 1925 704 ostendat
1940 634 2116 726 praesidia

1124 742 1161 800 et
1175 728 1320 798 consilia
1337 723 1492 800 humana
1514 754 1585 800 non
1608 754 1709 820 posse
1727 730 1832 802 nobis
1849 733 2037 824 opitulari,
2061 735 2116 804 ia-

1124 831 1258 900 ciamus
1286 829 1377 900 illud
1400 833 1496 924 quod
1523 855 1583 902 rex
1607 827 1771 924 iosaphat
1797 833 1933 930 inquit:
1960 835 2115 908 Domine

1123 956 1205 1001 cum
1221 931 1396 1001 nescimus
1412 931 1496 1026 quid
1514 937 1689 1024 agendum
1705 935 1762 1022 sit,
1780 937 1901 1008 oculos
1917 953 2057 1010 nostros
2071 939 2116 1008 ad

1124 1047 1158 1104 tc
1174 1033 1386 1120 attollimus,
1411 1033 1449 1104 in
1466 1049 1500 1106 te
1517 1035 1719 1123 intuemur,
1743 1051 1814 1108 ate
1835 1038 2006 1109 auxilium
2025 1039 2116 1132 peti-

1123 1159 1214 1206 mus.
1268 1133 1391 1228 ltaque
1412 1137 1597 1208 audiamus
1612 1164 1732 1210 vocem
1746 1135 1833 1226 Dei,
1858 1132 2114 1212 monstrantem

1123 1259 1223 1306 veras
1239 1237 1516 1326 consolationes,
1542 1254 1576 1312 et
1590 1265 1654 1311 nos
1671 1242 1882 1332 cogitatione
1897 1243 2115 1336 praesentiae

1124 1353 1160 1409 et
1176 1339 1303 1410 auxilii
1321 1339 1387 1410 Dei
1402 1341 1576 1432 erigamus
1592 1357 1625 1414 et
1640 1344 1900 1417 confirmemus.

1227 1453 1334 1528 Scitis
1348 1470 1466 1528 autern
1483 1453 1548 1530 bos
1561 1474 1702 1531 nostros
1716 1483 1922 1551 congressus
1935 1459 2117 1534 institutos

1124 1581 1198 1630 esse
1222 1572 1366 1650 propter
1382 1557 1447 1629 has
1465 1573 1534 1630 tres
1551 1586 1690 1645 causas,
1717 1575 1758 1634 nt
1781 1561 1840 1636 liat
1864 1563 2049 1660 inquisitio
2073 1565 2117 1634 de

1124 1661 1286 1732 doctrina
1313 1674 1347 1730 ct
1371 1661 1416 1729 de
1431 1663 1687 1751 gubernatione
1704 1659 1958 1736 Ecclesiarnm:
1986 1665 2117 1736 deinde

1124 1775 1165 1832 ut
1187 1776 1220 1832 et
1241 1765 1580 1834 commonefactione
1604 1767 1775 1837 excitetur
1797 1767 1998 1858 diligentia,
2027 1767 2117 1838 etin

1124 1863 1305 1958 aliquibus
1323 1865 1565 1937 consolatione
1586 1867 1741 1938 leniatur
1757 1869 1872 1944 dolor.
1922 1867 2119 1954 Postremo,

1124 1980 1165 2037 nt
1180 1966 1330 2056 gemitus
1345 1980 1380 2037 et
1394 1979 1475 2038 vota
1498 1968 1752 2060 coniungamus
1769 1970 1808 2038 in
1828 1969 1972 2062 publica
1995 1995 2119 2066 preca-

1125 2069 1242 2150 tione,
1269 2079 1302 2138 et
1326 2081 1503 2160 petamus,
1526 2085 1566 2142 nt
1586 2067 1683 2142 Deus
1706 2087 1823 2146 servet
1843 2067 2059 2160 Ecclesiam,
2085 2085 2119 2142 et

1125 2194 1258 2264 poenas
1275 2169 1423 2260 mitiget,

1230 2287 1278 2362 Ut
1294 2289 1403 2380 igitur
1417 2283 1553 2362 etmihi
1569 2287 1636 2382 ipsi
1650 2304 1684 2362 et
1697 2287 1778 2362 aliis
1795 2291 2073 2364 consolationem
2086 2305 2120 2362 et

1127 2391 1501 2466 commonefactionem
1525 2416 1741 2484 proponam,
1766 2393 1880 2486 delegi
1897 2395 2032 2467 dictum
2054 2393 2120 2464 filii

1127 2493 1207 2581 Dei,
1232 2493 1356 2588 inquo
1372 2505 1454 2564 ante
1471 2516 1619 2584 agonem
1633 2491 1740 2566 Petro
1754 2508 2008 2566 commemorat
2026 2495 2121 2588 peri-

1128 2597 1267 2680 culum,
1299 2609 1333 2668 et
1361 2595 1491 2666 deinde
1520 2596 1799 2666 consolationem
1830 2611 1864 2669 et
1893 2610 2120 2690 praeceptum

1127 2697 1238 2781 addit,
1263 2695 1446 2790 inquiens:
1473 2695 1612 2782 Simon,
1636 2695 1775 2784 Simon,
1799 2699 2039 2772 ecceSatanes
2059 2701 2122 2770 dc-

1128 2797 1288 2890 poposcit
1309 2821 1391 2880 vos,
1423 2811 1464 2870 ut
1485 2799 1656 2870 cribraret
1678 2823 1742 2870 vos
1767 2814 1936 2894 tanquam
1960 2799 2122 2877 frumeu-

1130 2915 1223 2987 turn;
1250 2921 1313 2989 ego
1329 2913 1445 2970 autem
1462 2923 1527 2992 pro
1545 2915 1578 2970 te
1593 2901 1712 2986 oravi,
1736 2925 1782 2972 nc
1799 2903 1935 2974 deficiat
1951 2903 2037 2973 fides
2051 2918 2123 2988 tua,

1119 3017 1166 3076 *et
1184 3018 1221 3074 tu
1240 3003 1433 3096 aliquando
1451 3025 1653 3084 conversus,
1680 3003 1847 3074 confirma
1865 3005 1990 3074 fratres
2006 3018 2096 3076 tuos.

1232 3135 1343 3228 Saepe
1363 3131 1449 3207 haec
1472 3135 1630 3207 narratio
1652 3137 1838 3226 cogitanda
1864 3152 1936 3223 est,
1962 3137 2045 3232 quia
2069 3163 2124 3210 res

1129 3240 1259 3308 multas
1274 3249 1310 3307 et
1322 3261 1466 3328 magnas
1479 3239 1647 3312 continet.
1701 3237 1861 3309 Primum
1882 3241 2051 3310 recitetur
2062 3265 2125 3332 pe-

1128 3341 1234 3410 riculi
1251 3340 1471 3430 magnitudo,
1487 3343 1583 3432 quod
1599 3341 1703 3434 quale
1715 3338 1936 3436 et'quantnm
1951 3341 2007 3427 sit,
2022 3366 2121 3416 meu-

1130 3456 1181 3512 tes
1200 3441 1318 3510 ebriae
1335 3441 1463 3510 fiducia
1484 3463 1568 3510 suae
1588 3442 1799 3533 sapientiae,
1814 3441 2044 3528 ¹lascivientes
2058 3469 2124 3514 vo-

1130 3541 1345 3632 luptatibus,
1376 3565 1599 3634 nequaqnam
1623 3543 1857 3612 considerant.
1915 3543 1994 3616 Sibi
2015 3543 2125 3633 igitur

1130 3645 1337 3732 indulgent,
1374 3657 1550 3737 quaeruut
1572 3666 1656 3735 opes
1681 3657 1715 3714 et
1741 3645 1957 3736 voluptates,
1997 3648 2152 3719 ardent·

1130 3745 1346 3826 ambitione,
1375 3759 1437 3828 eut
1456 3746 1588 3818 ludunt
1610 3745 1860 3838 opinionibus,
1886 3759 1920 3816 et
1937 3746 2124 3837 negligunt

77 3850 168 3933 Etsi
184 3855 311 3944 ingens
325 3851 393 3924 Dei
408 3853 618 3923 beneficium
634 3869 697 3943 est,
714 3861 809 3952 quod
825 3881 936 3950 genn,
951 3857 1079 3935 huma.
1130 3847 1363 3926 doctrinama
1379 3844 1456 3920 Deo
1472 3847 1652 3924 traditam,
1703 3845 1805 3922 Talia
1821 3861 1961 3941 pectora
1979 3849 2123 3922 diabolo

76 3981 172 4030 num
185 3969 223 4028 et
240 3953 308 4028 boc
321 3951 543 4026 domicilium
558 3959 696 4044 generis
711 3955 878 4053 humani,
904 3965 1080 4052 videlicet,
1131 3973 1212 4020 curn
1238 3963 1396 4042 pateant,
1428 3962 1626 4044 sequuntur
1654 3949 1813 4022 inlinitae
1837 3949 2063 4022 confusiones
2085 3952 2123 4022 in

79 4060 177 4134 hanc
191 4053 471 4150 pulcherrimam
496 4051 697 4130 machinam
722 4062 813 4140 coeli
837 4078 872 4134 et
888 4078 1017 4149 terrae,
1043 4083 1080 4141 et
1130 4051 1219 4122 Vll&
1246 4051 1329 4145 quit
1346 4051 1408 4131 ³¹35
1423 4065 1592 4142 waldum
1616 4047 2038 4144 lebtsstttplsslotlffle
2061 4053 2125 4124 ³¹st

80 4165 343 4234 elementorum
371 4171 450 4232 erte
474 4157 700 4252 dispositam,
736 4177 770 4234 et
790 4166 928 4256 optimo
950 4170 1079 4264 ordine
1129 4175 1261 4222 mum„
1277 4153 1428 4224 d⁰⁰²¹¹dl
1448 4151 1632 4242 Evtssssffll
1660 4177 1803 4245 Pt⁰f⁸¹¹⁸
1823 4153 2018 4244 millium·
2072 4153 2129 4226 ¹¹³¹

79 4261 535 4347 aninsunmnaian:
560 4273 679 4334 nmen
701 4265 814 4337 mutto
831 4269 946 4338 masne
969 4272 1080 4344 sene
1130 4253 1301 4344 paularim
1315 4261 1350 4326 et
1365 4251 1614 4336 distrahuntur
1630 4249 1819 4344 Ecclesiae.
1841 4269 1878 4328 et
1893 4269 2056 4332 aeuum
2070 4270 2124 4330 te-

79 4367 203 4438 licium
223 4377 292 4449 est,
316 4366 414 4457 quod
428 4387 469 4432 ex
485 4385 613 4434 arcana
630 4365 713 4434 sede
727 4388 789 4436 sue
804 4369 989 4460 prodiens,
1015 4395 1079 4467 pa-
1131 4355 1283 4441 ”012‘2‘2
1306 4369 1342 4428 θῑ
1356 4357 1468 4428 mulla
1484 4370 1574 4432 tetra
1589 4355 1685 4428 vilfa-

78 4467 201 4544 tefecit
215 4485 253 4536 se
265 4464 386 4555 generi
403 4461 580 4548 humano,
604 4478 639 4536 et
654 4465 852 4542 illustribus
867 4472 1079 4548 testimoniis
1231 4468 1361 4544 Monet
1375 4472 1486 4562 igilur
1500 4497 1566 4543 ¹¹⁰⁸
1577 4474 1671 4544 filim
1680 4469 1748 4546 Del
1763 4475 1808 4544 ὅθ
1822 4475 1965 4550 ῖῦῑῖἅῖῖῑ
1977 4475 2126 4562 dltb⁰lb

79 4569 235 4644 tradidit
253 4581 386 4640 certam
402 4567 602 4638 doctrinam
624 4579 657 4636 et
672 4569 962 4660 promissionem,
987 4600 1079 4670 quae
1128 4595 1170 4642 ac
1184 4573 1263 4644 vult
1276 4596 1344 4644 nos
1359 4574 1545 4665 vigilantes
1560 4597 1646 4661 esse,
1672 4589 1705 4646 et
1720 4578 1811 4647 bene
1826 4579 1967 4652 munire
1982 4593 2124 4671 pectora

80 4687 117 4746 et
129 4683 268 4762 regeret
279 4682 473 4755 mantecet
486 4667 765 4742 consolationem
774 4673 948 4748 efficacem
958 4692 1077 4752 osun-
1128 4674 1282 4745 lectione
1302 4687 1339 4745 et
1357 4675 1586 4748 meditatione
1607 4679 1811 4760 doctrinae,
1832 4682 1955 4752 ardere
1978 4680 2125 4755 invoca·

81 4779 184 4846 deret
197 4774 238 4842 in
252 4772 401 4844 summis
415 4769 691 4852 calamitatibus,
717 4770 790 4844 imo
806 4799 897 4868 quae
919 4795 1078 4852 esserto.
1129 4774 1246 4857 tione,
1270 4789 1307 4848 et
1328 4778 1498 4868 repellere
1520 4779 1704 4851 illecebras
1718 4779 1868 4852 diaboli.
1917 4779 2024 4871 Quod
2042 4803 2123 4854 cnm

80 4874 292 4948 stimonium
308 4869 607 4964 praesentiaeDei
623 4871 814 4960 internos,
840 4877 902 4969 qui
919 4874 1077 4974 bacipea
1128 4875 1294 4962 iacimus,
1327 4879 1470 4951 adiuvat
1502 4905 1569 4950 nos
1598 4895 1765 4952 conantes
1800 4881 1894 4952 lilius
1920 4881 2008 4969 Dei,
2045 4897 2125 4956 orat

81 5001 170 5050 voce
196 4997 263 5046 nos
287 4973 358 5046 sibi
384 4975 568 5065 cupnlatos
592 4989 725 5056 servat,
761 4979 937 5064 defendit,
970 4997 1006 5054 et
1031 4989 1076 5056 ab
1127 4991 1311 5059 aeternnm
1335 4977 1495 5063 Patrem,
1527 4995 1569 5056 ut
1599 4997 1716 5058 servet
1736 4981 1915 5056 Ecclesiae
1943 4983 2124 5079 reliquias,

82 5077 237 5152 aeternis
257 5075 410 5146 miseriis
434 5075 573 5146 liberat.
624 5073 843 5168 Hocingens
866 5082 1076 5160 beneficium
1127 5079 1274 5172 depellit
1298 5081 1480 5168 diabolos,
1516 5098 1553 5156 et
1573 5081 1711 5175 Spiritu
1743 5108 1808 5157 suo
1834 5099 1955 5158 sancto
1984 5099 2123 5160 nostras

83 5179 226 5252 assidue
251 5177 550 5250 considerandum
577 5190 648 5262 est,
687 5181 794 5250 etad
821 5177 912 5254 lianc
939 5190 1076 5276 praeci.
1127 5194 1281 5266 mentes,
1307 5183 1456 5254 consilia
1472 5199 1507 5256 et
1523 5185 1677 5258 actiones
1694 5185 1881 5276 gubernat.
2009 5188 2012 5196 “

82 5305 192 5375 poam
215 5279 493 5352 consolationem
521 5281 560 5349 in
584 5279 750 5351 omnibus
770 5283 922 5356 miseriis
949 5291 1076 5364 coniu-

1234 5297 1327 5380 Cum
1351 5315 1467 5380 autern
1490 5305 1648 5396 pericula
1675 5319 1794 5379 nostra
1823 5328 1920 5387 nunc
1944 5331 2020 5380 non
2050 5309 2123 5381 sint

83 5385 254 5474 giendum
274 5393 339 5456 cst.

1074 5487 1077 5496 ³
1126 5400 1297 5488 obscura,
1318 5405 1489 5484 ‚existimo
1517 5407 1650 5486 multos
1685 5407 1779 5485 inter
1811 5430 1874 5480 vos
1907 5409 2122 5501 cogitatione
