4614 5820
66 287 128 366 ιιι
379 246 382 256 ’
521 277 685 357 nucu
723 277 803 354 on
834 267 1244 354 rueunsronu
1275 267 1525 350 orroun
1557 275 1587 365 1..
1635 323 1638 330 -
1997 283 2074 362 52⁶

66 453 360 552 gloriadiminnta,
385 449 560 524 honorem
581 453 721 546 imperii
737 450 898 522 Ducibus
916 447 1027 522 Saxo-
1077 444 1222 514 vivendi
1244 444 1351 514 finem
1377 445 1533 518 facturus
1559 460 1735 543 utrunque
1756 453 1906 542 speciem
1929 449 2069 528 Coenae

65 561 128 630 niae
151 555 443 628 communicatum
472 578 557 630 esse.
615 553 658 625 ln
683 550 751 626 boc
776 554 871 626 bello
899 549 1027 623 Gallus
1076 544 1286 620 Dominieae
1301 547 1454 619 voluerit
1470 547 1539 619 sibi
1554 553 1817 638 communicari,
1832 577 1907 624 rem
1921 556 2069 628 minime

65 683 128 734 cum
148 669 217 728 toto
234 655 461 748 Imperatoris
484 657 655 743 exercitu,
688 657 820 728 veritus
841 678 914 725 uno
937 667 1027 725 tem-
1076 662 1210 738 gratam
1225 643 1408 718 monachis
1423 664 1456 720 et
1469 649 1645 726 Pontifici.
1684 650 1743 739 Et,
1764 657 1862 747 quod
1875 657 1921 724 ad
1935 657 2069 728 doctri-

64 785 133 853 pore
154 757 323 851 praelium
350 759 589 844 committere,
620 757 708 828 locis
734 756 964 852 sylvestribus
987 754 1026 822 in
1077 774 1160 820 nam
1174 749 1329 836 attinuit,
1344 752 1519 842 praestitit
1534 755 1700 845 profecto,
1717 757 1811 848 quod
1824 757 1939 848 potuit
1953 759 2068 846 etiam,

64 861 134 954 ripis
162 853 300 942 Rheni,
334 883 440 954 quem
471 860 683 932 traiecturus
714 873 789 930 erat
821 855 1027 950 Imperator,
1078 877 1157 922 eum
1178 851 1379 922 universale
1402 855 1593 924 concilium
1615 871 1754 945 cogeret
1776 871 1921 950 propter
1941 857 2067 930 Ponti·

63 962 210 1034 exercitus
230 982 312 1030 suos
336 961 550 1048 occultabat,
576 974 619 1032 ut
638 961 768 1031 milites
790 955 1027 1051 Imperatoris,
1077 955 1198 1039 ficem,
1223 953 1358 1024 maiora
1374 949 1604 1042 hauddubie,
1630 959 1659 1029 si
1673 959 1854 1048 potuisset,
1879 961 2066 1051 praestitu-

62 1065 110 1156 qui
124 1057 284 1134 Rhenum
302 1062 439 1134 traduci
454 1085 577 1132 omnes
592 1085 665 1134 uno
681 1075 856 1152 tempore,
883 1073 1027 1152 propter
1076 1079 1148 1126 rus.
1199 1051 1249 1125 Ut
1264 1055 1358 1124 enim
1380 1070 1543 1128 externae
1560 1059 1767 1150 disciplinae
1790 1084 1871 1130 cura
1895 1063 1939 1132 ad
1952 1057 2066 1132 Otto-

62 1165 184 1254 pavium
199 1163 370 1254 inopiam,
394 1186 468 1232 non
484 1177 660 1256 poterant,
685 1164 837 1233 navibus
851 1162 1027 1254 expositos
1077 1181 1158 1226 nem
1175 1157 1363 1248 pertinuit,
1389 1157 1438 1228 ita
1456 1160 1628 1230 iudicium
1646 1161 1890 1250 de‘rettgionts
1906 1163 2066 1234 doctrina

62 1280 88 1336 et
100 1265 275 1355 imperatos
297 1263 592 1358 inopinantesque
611 1265 869 1355 aggrederetur.
918 1261 1025 1351 Quod
1076 1258 1185 1328 totius
1212 1257 1280 1328 fuit
1303 1259 1464 1345 concilii,
1496 1262 1554 1331 cui
1583 1285 1663 1332 cum
1688 1263 1762 1353 ipse
1781 1275 1822 1333 ut
1848 1263 2068 1355 legisperitus

62 1388 126 1436 cum
139 1363 334 1456 accidisset,
368 1378 402 1454 et
425 1363 601 1452 Saxones,
631 1369 775 1436 absente
799 1363 1025 1455 imperatore,
1076 1359 1314 1450 praescribere
1333 1383 1406 1430 non
1421 1376 1551 1453 posset,
1570 1363 1770 1433 laudandus
1784 1377 1846 1448 est,
1872 1367 1966 1456 quod
1982 1366 2067 1435 libi-

61 1466 168 1556 inipso
183 1466 327 1556 negocio
343 1468 532 1536 consilium
548 1491 671 1558 capere
687 1467 819 1550 coacti,
843 1460 937 1534 nihil
956 1465 1026 1534 iarn
1076 1461 1154 1530 dini
1178 1461 1299 1530 saltem
1317 1458 1499 1532 Pontificis
1523 1465 1625 1556 impii
1647 1466 1785 1534 fortiter
1808 1468 2066 1558 repugnaverit,

61 1564 195 1636 Caesaris
217 1567 405 1656 imperium
429 1581 668 1658 expectarent,
693 1569 754 1638 sed
773 1589 912 1659 perse,
937 1587 1026 1658 quae
1075 1586 1122 1630 nc
1145 1560 1260 1632 Deum
1286 1562 1324 1630 in
1349 1575 1400 1632 tot
1421 1565 1590 1636 scelerum
1611 1565 1892 1636 dissimulatione
1915 1567 2067 1651 alliceret

61 1667 258 1746 viderentur,
290 1667 596 1754 administrarent,
625 1668 771 1760 ancipiti
801 1668 934 1759 praelio
959 1666 1026 1734 ali·
1076 1663 1300 1748 contumelia,
1326 1677 1360 1732 et
1373 1664 1536 1756 plurimis
1550 1681 1653 1737 autor
1667 1668 1825 1738 scandali
1841 1681 1941 1742 esset.
1990 1666 2066 1739 Ex-

62 1768 197 1860 qnandiu
228 1779 335 1860 atque
367 1769 497 1840 acriter
527 1770 695 1862 utrinque
732 1783 928 1862 pugnaturn
963 1779 1025 1840 est.
1075 1765 1179 1855 posui
1206 1788 1276 1857 quo
1308 1780 1409 1856 pacto
1442 1769 1670 1852 coercendos,
1707 1781 1813 1861 atque
1839 1771 2065 1842 deterrendos

61 1865 132 1939 Otto
144 1893 235 1953 vero,
253 1893 334 1939 cum
348 1870 653 1942 animadvertisset
665 1894 794 1961 magno
811 1871 849 1940 in
867 1869 1025 1962 periculo
1076 1863 1166 1936 Otto
1198 1867 1350 1936 voluerit
1377 1865 1563 1940 Pontifices
1595 1891 1682 1940 esse.
1733 1867 1786 1940 De
1812 1871 2066 1942 donationibus

61 1991 125 2040 snos
145 1969 293 2055 versari,
322 1973 418 2064 quod
441 1993 541 2063 suos,
567 1973 630 2067 qni
651 1974 786 2043 flumen
801 1972 1024 2051 transierant,
1074 1990 1150 2036 non
1182 1966 1296 2036 dicam
1323 1968 1445 2040 multis
1476 1983 1620 2063 propter
1651 1971 1819 2063 temporis
1853 1973 2063 2062 angustiam.

61 2072 169 2143 virtute
183 2084 216 2141 et
231 2095 382 2142 numero
399 2076 581 2164 pugnandi
601 2067 763 2144 hostibus
783 2097 857 2142 non
875 2093 947 2142 esse
963 2093 1027 2161 pa·
1075 2067 1210 2156 Magno
1239 2081 1272 2137 et
1297 2067 1558 2159 impudentiore
1587 2073 1691 2144 iactat
1718 2073 1946 2142 donationem
1968 2069 2066 2144 Con·

61 2195 103 2242 res
115 2174 223 2258 sciret,
250 2175 348 2267 quod
363 2175 456 2244 ferre
469 2176 542 2246 suis
559 2177 682 2246 eodem
698 2189 855 2266 tempore
872 2175 911 2242 in
926 2186 1024 2244 tanto
1075 2168 1223 2239 stantini
1243 2166 1425 2240 Pontifex:
1461 2170 1570 2244 Suam
1587 2173 1636 2242 ait
1658 2195 1732 2242 esse
1753 2175 1879 2244 urbem
1901 2172 2066 2260 Romam,

61 2274 192 2363 periculo
214 2274 408 2356 auxilium,
442 2290 587 2368 propter
611 2276 771 2344 fluminis
799 2275 1025 2356 altitudinem
1075 2293 1179 2340 suum
1190 2291 1336 2360 regnum
1345 2269 1850 2368 SiciliaeNeapolitnnumque,
1868 2297 1967 2344 suam
1981 2275 2066 2345 uni-

60 2374 331 2468 latitudinemque
345 2399 420 2446 non
442 2390 576 2468 posset,
602 2378 796 2468 plurimum
819 2386 1026 2458 commotus,
1075 2394 1212 2442 versam
1228 2369 1378 2456 ltaliam,
1401 2386 1471 2444 tres
1484 2372 1632 2460 Gallias,
1653 2378 1742 2446 duas
1755 2373 1956 2468 Hispanias,
1973 2374 2066 2448 Ger-

61 2476 217 2544 ctnullius
233 2475 387 2546 iniuriae
403 2477 471 2548 sibi
488 2479 660 2559 conscius,
684 2491 760 2548 toto
774 2479 926 2548 exercitu
941 2499 1026 2568 pro·
1075 2495 1217 2556 manos,
1254 2470 1468 2560 Britannos,
1513 2499 1616 2546 suum
1643 2477 1796 2570 denique
1822 2473 2066 2572 Occidentem,

61 2577 198 2646 nunciati
219 2577 335 2647 iubet:
361 2575 511 2650 Nullum
527 2579 662 2650 bellum
685 2579 762 2648 sine
783 2579 907 2648 divino
925 2576 1026 2646 anxi·
1076 2574 1221 2644 alteram
1236 2587 1370 2664 partem
1385 2577 1483 2647 orbis
1500 2591 1686 2648 terrarum.
1736 2575 1847 2648 Cuius
1874 2580 2065 2670 possessio·

60 2676 279 2748 infoeliciter
303 2679 445 2764 confici,
478 2693 581 2772 atque
604 2675 759 2748 hominis
780 2680 864 2748 iusti
894 2679 1025 2748 oratio·
1075 2699 1158 2742 nem
1180 2698 1260 2744 cum
1284 2677 1443 2746 obtinere
1461 2702 1535 2747 non
1558 2679 1695 2770 possint
1709 2676 1915 2764 Pontifices,
1940 2680 1995 2750 ius
2012 2693 2066 2750 ta·

60 2775 451 2850 acmantoritatelacobi
468 2781 661 2871 plurimum
678 2803 796 2850 coram
814 2777 1024 2870 Deoposse:
1076 2799 1157 2843 men
1178 2775 1384 2866 possidendi
1406 2779 1539 2850 iactant
1561 2801 1664 2850 suum
1687 2803 1778 2866 esse,
1813 2794 1848 2852 et
1869 2781 1975 2851 licere
1996 2779 2065 2852 sibi
2185 2825 2187 2830 ,

18 2963 19 2970 ἵ
61 2893 85 2948 et
102 2902 118 2946 a
137 2877 231 2948 Mose
258 2880 483 2950 orationibus
506 2880 668 2950 effectum
689 2903 780 2966 esse,
805 2895 845 2950 ut
866 2880 904 2950 in
929 2879 1024 2949 hello
1075 2877 1199 2969 quavis
1220 2877 1358 2946 ratione
1379 2879 1633 2969 patrimonium
1654 2876 1831 2952 Ecclesiae
1852 2880 2065 2954 aConstan-

60 2980 201 3050 adversus
213 2977 454 3050 Amalachitas
464 2996 624 3073 suscepto
640 2981 787 3052 victoria
802 2981 880 3050 sine
896 3001 1024 3070 magno
1076 2979 1151 3046 tino
1168 2977 1358 3060 donatum,
1384 2982 1429 3050 ab
1445 2982 1700 3073 occupantibus
1716 2995 1935 3078 extorquere.
1968 2981 2066 3054 Hinc

59 3081 157 3150 labore
183 3081 228 3152 sit
260 3081 404 3172 potitus.
456 3080 576 3172 Quare
605 3082 737 3153 milites
761 3106 883 3152 omnes
908 3083 946 3150 in
969 3075 1025 3150 his
1075 3077 1220 3164 accidit,
1250 3082 1346 3173 quod
1369 3083 1530 3154 omnium
1553 3084 1654 3152 adse
1677 3107 1762 3174 opes
1784 3085 1974 3172 traxerint,
2006 3109 2079 3156 ra··

60 3183 197 3252 extremis
214 3184 341 3262 rebus,
367 3181 490 3252 divina
510 3183 699 3252 autoritate
721 3184 826 3264 iussi,
853 3184 1023 3253 auxilium
1075 3181 1267 3272 piendique
1283 3182 1423 3252 nullum
1439 3185 1586 3254 modum
1603 3185 1768 3272 fecerint,
1795 3187 1834 3254 in
1857 3185 2065 3258 remissione

60 3282 155 3352 aDeo
173 3283 417 3375 implorarent.
475 3281 637 3356 Statuere
656 3306 747 3369 sese,
780 3282 896 3356 Deum
919 3283 1024 3352 invo-
1074 3293 1295 3371 peccaturum
1325 3284 1483 3373 precium
1512 3286 1717 3372 statuerint,
1756 3289 1982 3358 vendiderint
2005 3289 2063 3356 in-

60 3385 195 3454 sentibus
208 3408 260 3469 sc,
279 3383 393 3476 inpio
409 3383 725 3472 etiustonegocio,
749 3380 1023 3478 haudquaquam
1073 3382 1165 3452 finiti
1177 3382 1314 3472 generis
1331 3385 1466 3470 bullas,
1491 3389 1696 3475 praesertim
1716 3384 1916 3474 Germanis,
1940 3403 2064 3482 utpote

60 3483 236 3554 defuturum
253 3506 340 3559 esse.
393 3482 965 3572 Quibusdenunciatisdescendit
982 3509 1023 3554 ex
1073 3505 1162 3576 quos
1177 3486 1359 3554 cerebrum
1376 3510 1450 3554 non
1467 3481 1813 3561 haberecredebant.
1848 3489 1965 3559 Taceo
1982 3513 2063 3582 pos-

60 3607 132 3676 equo
156 3585 366 3676 lmperator,
392 3599 497 3679 atque
519 3609 666 3678 corpore
689 3585 859 3656 inclinato
875 3587 1038 3656 clariore.
1073 3584 1244 3652 sessiones
1259 3585 1357 3654 mille
1372 3588 1509 3656 artibus
1523 3601 1709 3679 occupatas
1723 3611 1742 3658 a
1760 3591 1952 3660 coniuratis
1966 3589 2063 3660 Pon·

60 3707 125 3754 vore
150 3685 363 3777 pronunciat
395 3687 591 3758 orationem
626 3687 859 3771 dominicam,
906 3701 944 3756 ut
977 3687 1022 3756 ab
1073 3685 1223 3766 tibcum,
1248 3699 1299 3768 ut,
1325 3682 1527 3779 Episcopis,
1549 3686 1753 3776 Canonicis,
1777 3687 1973 3776 monacbis,
1999 3692 2063 3786 qui

59 3787 218 3872 omnibns,
251 3787 316 3882 qui
339 3801 478 3880 praesto
499 3802 631 3873 essent,
662 3789 897 3862 exaudiretur.
948 3785 1023 3858 Hac
1074 3799 1215 3877 propter
1235 3787 1493 3860 intolerabilem
1509 3789 1714 3876 avariciam,
1740 3817 1815 3862 non
1832 3793 1908 3862 sine
1923 3817 2061 3864 summo

18 3899 19 3902 ’
59 3887 320 3972 orationcfacta,
345 3895 418 3958 n‘on
437 3889 562 3959 fefellit
581 3912 741 3980 spessua
761 3887 1022 3980 Imperatorem.
1072 3888 1200 3958 scelere
1213 3889 1373 3960 omnium
1393 3893 1467 3962 fere
1491 3893 1671 3964 facultates
1686 3893 1724 3962 in
1740 3917 1839 3964 suam
1853 3908 2061 3986 potestatem
2109 3983 2110 3986 Ἴ

59 3980 131 4058 Saxo
144 3989 271 4083 aliquis
283 4011 469 4082 pugnans,
494 4015 574 4060 cum
590 3991 720 4083 reliqui
739 3989 895 4062 Saxones
912 3991 1023 4060 victo·
1073 3990 1293 4079 redegerant.

58 4086 129 4158 riam
149 4092 427 4176 conclamarent,
461 4089 648 4161 Gallorum
671 4093 791 4181 lingna
818 4093 897 4181 luge
920 4089 1023 4174 Galle
1171 4089 1329 4163 Hoccine
1353 4093 1421 4164 luit
1440 4117 1482 4164 ex
1505 4091 1610 4164 Petro
1626 4094 1750 4164 ludam
1772 4095 1866 4182 lieri,
1893 4096 2061 4168 misenam

58 4187 121 4278 iuge
142 4192 319 4264 exclamat.
369 4189 474 4262 Hanc
498 4215 618 4262 vocem
642 4217 723 4262 eum
739 4190 837 4262 Galli
858 4206 1044 4283 putarent
1073 4192 1244 4282 populum
1278 4218 1398 4264 amore
1427 4195 1596 4285 pecuniae
1622 4195 1661 4263 in
1687 4219 1863 4266 summum
1890 4200 2062 4269 deducere

18 4317 19 4334 ι
58 4287 178 4362 aGallo
193 4293 324 4378 efferri,
348 4306 453 4386 atque
469 4289 641 4364 Ottonem
655 4317 735 4362 cum
749 4293 888 4386 reliquo
905 4295 1024 4362 adesse
1074 4292 1268 4380 periculum
1284 4295 1441 4386 corporis
1455 4307 1489 4364 et
1503 4296 1665 4365 animae?
1697 4294 1856 4368 Hoccine
1873 4313 1923 4369 est
1937 4295 2061 4370 Eccle-

59 4393 207 4480 exercitu,
230 4416 365 4480 omnes,
388 4395 557 4465 omnibus
575 4395 680 4465 rebus
697 4395 889 4486 desperatis
905 4396 1022 4482 sugam
1071 4394 1177 4478 siam,
1203 4394 1275 4462 iano
1298 4397 1414 4487 ipsum
1439 4397 1543 4466 etiam
1559 4395 1731 4488 Spiritum
1754 4413 1915 4470 sanctum
1931 4395 2062 4472 habere

18 4581 19 4586 ἵ
58 4491 222 4582 petierunt.
893 4531 895 4536 ·
1073 4495 1259 4588 quaestui?
1299 4495 1411 4569 Recte
1435 4521 1480 4568 ne
1506 4499 1551 4568 ad
1574 4493 1639 4568 hos
1654 4499 1758 4590 lupos
1775 4525 1916 4573 voraces
1931 4502 2062 4571 dixeris

137 4591 217 4666 Dixi
239 4591 444 4678 historiam,
469 4595 570 4685 petiit
586 4589 675 4666 Otto
690 4595 873 4666 victoriam
898 4596 936 4666 in
955 4620 1023 4666 no-
1071 4589 1222 4668 Paulum
1239 4599 1433 4690 scripsisse,
1457 4623 1587 4673 nomen
1597 4598 1664 4669 Dei
1680 4623 1744 4691 per
1761 4625 1822 4672 vos
1838 4599 2061 4694 blasphema-

59 4692 135 4764 nine
148 4695 211 4766 tuit
225 4695 305 4778 Dei,
328 4719 403 4766 non
413 4693 563 4768 Ursulae
578 4710 638 4766 aut
651 4693 809 4786 Georgii,
835 4723 904 4791 qua
920 4722 1023 4768 eausa
1072 4711 1131 4770 tur
1147 4697 1241 4768 inter
1256 4714 1388 4790 gentes.
1435 4698 1509 4790 Qui
1525 4701 1613 4770 alios
1628 4702 1771 4786 docetis,
1798 4727 1860 4772 vos
1876 4704 1972 4795 ipsos
1986 4725 2061 4772 non

59 4792 243 4878 factumest,
262 4812 314 4884 nt,
339 4797 559 4890 paucissimis
572 4793 900 4868 militibusOttonis
916 4800 1024 4869 dimi·
1072 4801 1218 4871 docetis.
1270 4800 1344 4890 Qui
1358 4803 1567 4894 praedicatis
1589 4826 1663 4872 non
1680 4802 1891 4884 furandum,
1917 4803 2061 4874 latroci-

60 4899 215 4986 nantibus,
254 4899 438 4992 pnguandi
461 4923 565 4970 eausa
589 4924 630 4968 ex
662 4894 822 4969 hostibus
844 4914 1022 4990 postremo
1072 4902 1219 4971 nemini.
1271 4900 1345 4992 Qui
1360 4903 1615 4974 abominamini
1631 4905 1743 4990 idola,
1769 4905 1991 4994 sacrilegium
2009 4905 2062 4973 la·
2173 4929 2175 4938 ·

60 4999 207 5072 resisteret
222 5025 340 5075 nemo.
393 4998 513 5090 Quare
527 5000 620 5085 satis,
644 5014 684 5072 ut
700 5001 845 5092 opinor,
872 5004 1022 5072 demon·
1071 5002 1175 5071 citis?
1207 5000 1400 5076 Maximam
1416 5007 1534 5098 itaque
1551 5005 1691 5074 laudem
1716 5006 1809 5076 inter
1829 5003 2061 5097 Imperatores

60 5109 167 5182 nant.
193 5099 394 5175 Christiana
418 5098 564 5173 Ottonis
591 5102 724 5187 oratio,
756 5115 791 5172 et
819 5102 1022 5193 inopinatus
1071 5103 1160 5174 ierat
1176 5099 1288 5194 Otto,
1314 5109 1410 5199 quod
1427 5108 1465 5175 in
1484 5119 1579 5178 tanta
1603 5105 1789 5199 tyrannide
1807 5106 1980 5197 impedire
1997 5131 2073 5175 vo·-

60 5195 128 5269 belli
150 5217 309 5290 eventus,
345 5199 492 5276 Ottonis
517 5204 725 5274 sententiam
749 5205 793 5274 de
815 5204 1022 5274 remissione
1070 5205 1179 5277 luerit
1199 5204 1404 5278 Pontifices:
1446 5231 1527 5278 cum
1549 5231 1614 5277 nec
1634 5207 1820 5277 donaverit
1844 5231 1884 5277 ea
1912 5207 2061 5300 imperia

60 5317 257 5386 peccatorum
271 5307 383 5376 multo
406 5306 582 5374 saniorem
604 5305 732 5390 luisse,
754 5329 861 5399 quam
878 5321 929 5378 est
944 5303 1021 5378 Ro-
1070 5301 1347 5395 Constantinus,
1372 5334 1455 5392 nec,
1481 5309 1512 5377 si
1527 5311 1707 5395 donasset,
1733 5308 1811 5380 iure
1833 5307 1870 5378 id
1886 5308 2063 5382 diceretur

62 5404 138 5474 nani
157 5401 333 5501 Episcopi.
390 5403 528 5480 Eodem
551 5405 745 5500 pertinebit
767 5405 891 5496 etiam,
924 5409 1021 5502 quod
1069 5408 1202 5486 fecisse.
1248 5408 1331 5501 Quo
1346 5427 1448 5504 pacto
1463 5411 1559 5484 enim
1577 5413 1741 5483 donasset
1755 5409 1935 5507 Sylvestro
1955 5411 2061 5482 dimi-
