4614 5820
72 243 141 322 606
481 243 652 326 DECL.
692 242 767 320 DE
800 240 1260 320 contunc'rtontt
1294 243 1675 324 SCHOLARUM.
2026 247 2101 322 606

163 422 297 490 Verum
328 411 421 488 hanc
449 417 703 490 obstrusioreus
727 418 1056 510 interpretationem
1106 415 1174 494 No.
1188 418 1248 492 75.
1923 428 2085 498 661643.

68 522 209 594 omitto:
258 545 342 592 nam
379 514 563 590 historiam
595 533 732 592 tantum
763 521 1078 592 considerandam
1107 515 1247 544 Μ
1608 544 1613 554 ·
1918 518 2089 547 '⁶⁴⁸‘

49 647 261 718 ¹proponere
291 621 392 692 volui
416 621 718 707 adolescentibus,
752 635 793 694 ut
815 622 927 694 sciant
947 620 1057 714 perti·
1231 667 1284 758 -D
1435 674 1444 693 .
1561 673 1570 692 .
1682 669 1770 760 δὴ
1801 677 1821 757 l
1906 717 1908 723 k

68 750 146 796 nere
171 721 262 796 hauc
286 723 495 794 sententiam
518 725 561 794 ad
586 737 693 794 totam
721 720 913 794 Ecclesiam
937 723 1056 794 omni·
1286 699 1310 757 θ
1340 683 1652 758 ⁰⁰m²m⁰t²⁰ne
1719 701 1741 755 ⁶
1773 701 1962 761 ‘larum’

68 829 130 898 bus
148 826 380 918 temporibus.
436 820 484 894 Et
506 839 546 896 ut
572 825 622 915 pii
644 821 728 894 binc
751 837 870 915 petant
894 824 1057 895 consola·
1178 861 1208 914 1,
1223 859 1342 916 nectam.
1357 857 1388 914 Τ,
1403 859 1448 913 ιγ,
1467 875 1494 930 p,
1508 861 1560 914 424
1572 879 1648 932 „qq”
1672 859 1751 916 thh.
1764 861 1798 916 T.
1811 861 1831 918 1,
1849 863 1930 934 pto.
1944 872 1970 918 ε,
1983 862 2012 918 3,
2025 861 2093 918 s„

67 930 216 1013 tionem,
257 951 326 1021 qua
364 949 437 996 sese
470 939 667 996 sustentent
702 941 807 1018 atque
836 928 1056 996 confirment.
1210 929 1389 986 vess.'r.tv.
1409 929 1506 1000 r·⁸³⁵·
1534 931 1589 1014 ,βῆ
1611 930 1743 990 Melanch.
1762 931 1844 1002 Epist.
1865 931 1971 988 votv.
1990 933 2093 1000 r·l⁷⁷·

67 1030 183 1102 Sciant
203 1028 338 1100 servari
360 1023 574 1111 Ecclesiam,
605 1027 680 1098 Deo
703 1028 914 1098 mirabiliter
938 1041 1055 1120 prote·
1206 997 1827 1126 qqp,pnppqffi-Meqppppslqzeusqssn1⁵49,
1851 1003 2002 1058 seeundum
2017 1001 2093 1056 stro-

65 1146 162 1222 gente
198 1154 262 1200 sna
300 1153 428 1214 manu,
467 1130 506 1198 in
540 1125 594 1198 his
625 1129 751 1200 mundi
779 1131 1056 1222 tempestatibus,

65 1231 137 1302 Deo
166 1244 371 1304 transeunte
393 1253 506 1324 usque
526 1233 570 1300 ed
594 1255 676 1302 eum
699 1231 815 1316 diem,
850 1256 922 1325 quo
945 1231 1055 1321 glori·
1104 1247 1234 1316 Oruts'o
1264 1241 1311 1314 de
1338 1249 1559 1316 necessaria
1588 1247 1846 1318 coniunctione
1867 1243 2094 1320 Salutarem

66 1336 197 1404 beanda
215 1347 278 1406 est.
1154 1367 1240 1418 oum
1253 1348 1470 1418 Ms'us'stem‘o
1484 1349 1696 1442 Evangelii,
1722 1369 1747 1419 n
1762 1349 1868 1420 Doct.
1894 1352 2042 1420 Bern-

164 1433 258 1506 Vere
281 1446 315 1503 ct
337 1456 432 1502 6666
447 1432 545 1504 velut
563 1432 602 1503 in
616 1435 754 1507 deserto
769 1447 917 1524 vagatur
930 1427 1055 1504 Eccle-
1303 1445 1450 1520 kardo
1476 1454 1559 1521 zie
1564 1451 1611 1546 91
1617 1472 1690 1521 ero
1714 1455 1890 1524 recitata,

65 1539 131 1620 sia,
160 1537 243 1606 exul
267 1549 301 1606 et
325 1557 448 1604 errans
470 1535 547 1604 sine
571 1553 662 1606 certa
680 1538 780 1621 sede,
805 1535 884 1606 sine
899 1529 1055 1604 humana

66 1639 276 1712 defensione.
338 1634 504 1721 lnterim,
536 1638 633 1706 utin
658 1639 720 1706 illo
744 1638 894 1728 populo,
928 1658 1054 1726 magna
1104 1612 1203 1701 Cum
1224 1624 1291 1699 666
1313 1629 1391 1699 loco
1414 1623 1502 1697 milri
1527 1631 1745 1700 consuetudo
1768 1629 2009 1700 necessitatem
2024 1631 2093 1702 im-

66 1741 253 1810 multitudo
288 1738 423 1823 deficit,
464 1751 499 1808 et
527 1739 605 1824 ruit,
627 1739 667 1808 in
696 1752 874 1810 aeternam
905 1737 993 1808 iram
1020 1749 1055 1809 et
1104 1745 1250 1822 poneret
1281 1733 1325 1802 de
1351 1745 1558 1820 argumento
1582 1731 1811 1802 ecclesiastico
1835 1732 1994 1814 dicendi,
2035 1733 2095 1804 in·

66 1857 221 1912 aeternas
253 1863 396 1933 poenas.
451 1837 622 1910 Videmus
649 1837 766 1929 Reges
797 1853 831 1912 et
861 1838 1055 1931 Principes,
1104 1857 1173 1928 que
1200 1847 1294 1904 tanta
1317 1833 1546 1902 niaximarum
1568 1857 1686 1902 rerum
1702 1833 2093 1924 copiamultisdccau-

67 1957 97 2012 et
117 1943 307 2014 maximam
330 1939 594 2012 multitudinem
619 1937 803 2012 homiuum
826 1956 1055 2012 contemnere
1102 1938 1150 2008 sis
1168 1935 1289 2004 electio
1307 1948 1393 2004 esset
1410 1934 1579 2005 difficilis:
1601 1935 1734 2026 sumpsi
1749 1937 1892 2004 tandem
1910 1937 2093 2008 materiam

67 2044 259 2114 doctrinam
282 2039 487 2132 Evangelii,
515 2056 549 2111 et
571 2065 745 2117 accersere
769 2043 838 2112 sibi
863 2037 1054 2113 horribiles
1103 2038 1254 2106 maxime
1286 2037 1486 2125 vulgarem,
1522 2037 1623 2106 cuius
1652 2037 1886 2108 consideratio
1909 2050 2027 2108 tamen
2046 2041 2093 2108 66

66 2169 189 2236 poenas
225 2159 262 2214 et
298 2143 455 2216 exitium.
519 2139 568 2214 Et
603 2145 767 2234 exiguum
793 2157 940 2232 coetum
978 2167 1052 2214 esse
1102 2139 1283 2209 excitanda
1299 2137 1417 2208 studia
1433 2138 1614 2208 literarum
1632 2139 1855 2225 conduceret,
1880 2151 2095 2210 66666666-

66 2246 302 2338 profitentium
326 2269 402 2314 eam
427 2245 644 2329 doctrinam,
670 2246 834 2316 orbatum
861 2244 1055 2336 praesidiis,
1102 2241 1255 2310 firmaret
1278 2241 1321 2308 ad
1348 2235 1415 2308 666
1436 2241 1527 2309 vitae
1550 2263 1659 2330 genus
1682 2242 1791 2329 magis
1814 2244 2025 2327 amandum,
2059 2255 2095 2314 et

68 2363 99 2417 et
117 2348 378 2418 conflictantem
400 2345 506 2416 variis
525 2346 713 2416 aerumnis.
764 2344 835 2418 Sed
851 2347 1054 2418 intueamur
1101 2343 1228 2411 fortius
1253 2342 1440 2410 serendum
1465 2343 1604 2412 labores
1627 2343 1775 2412 militiae
1798 2337 1916 2418 huius.
1967 2340 2092 2414 Dicam

67 2449 138 2518 illas
165 2448 336 2537 imagines
364 2446 561 2538 propositas
583 2447 622 2516 in
645 2441 793 2518 historia
819 2449 942 2539 populi
967 2447 1052 2518 Dei:
1103 2443 1197 2512 enim
1221 2443 1265 2512 de
1287 2438 1416 2512 scholis
1439 2443 1640 2512 literarum:
1667 2469 1707 2514 ac
1728 2444 1929 2530 ostendam,
1954 2468 2094 2538 semper

67 2551 209 2620 sciamus
242 2571 337 2618 nunc
363 2572 505 2642 quoque
526 2547 609 2618 duci
634 2543 825 2618 Ecclesiam
851 2573 913 2640 per
934 2551 1054 2618 deser·
1102 2543 1250 2614 consilio
1267 2543 1334 2614 Dei
1347 2545 1484 2616 additas
1498 2545 1604 2614 luisse
1619 2541 1756 2614 scholas
1766 2541 1952 2626 Ecclesiis,
1978 2560 2012 2617 et
2026 2549 2093 2618 ad·

67 2667 156 2736 turn,
180 2665 215 2720 et
239 2650 308 2738 tegi
333 2651 427 2718 nube
450 2665 484 2720 et
505 2649 658 2718 flammis
681 2649 910 2736 coelestibus,
934 2665 968 2722 et
988 2652 1053 2720 ad·
1101 2647 1201 2736 iungi
1228 2657 1403 2737 oportere.
1462 2643 1558 2716 Mihi
1583 2648 1728 2740 quidem
1751 2669 1896 2736 magnae
1920 2648 2094 2741 voluptati

68 2777 132 2822 esse
147 2754 273 2820 ducem
291 2743 494 2834 Christum,
519 2763 561 2820 ut
575 2751 647 2818 illis
665 2751 789 2826 adfuit.
1101 2762 1172 2838 est,
1198 2771 1278 2816 cum
1302 2748 1422 2818 omnia
1438 2743 1615 2818 Ecclesiae
1634 2763 1810 2840 tempora,
1834 2763 1869 2819 et
1890 2750 2106 2821 universam

160 2851 282 2941 Quare
305 2851 552 2921 confirmemus
573 2851 729 2937 animos,
760 2867 794 2924 et
815 2865 912 2922 certo
932 2865 1053 2922 tenea-
1102 2845 1330 2919 historiarum
1362 2849 1488 2918 scriem
1515 2851 1635 2920 animo
1665 2864 1803 2941 cepeto,
1844 2851 1944 2942 quasi
1973 2877 2093 2922 coram

68 2977 138 3024 mus
162 2948 256 3022 hanc
277 2951 508 3036 sententiam,
541 2955 637 3046 quod
658 2951 753 3022 Deus
778 2955 825 3024 sit
849 2967 1052 3026 servaturus
1101 2951 1221 3020 videre
1245 2964 1297 3020 tot
1322 2951 1457 3020 lumina
1475 2952 1612 3040 generis
1627 2947 1793 3036 humani,
1819 2948 1955 3038 Adam,
1978 2950 2094 3039 Nolae,

67 3051 275 3138 Ecclesiam,
314 3077 404 3145 quae
443 3054 569 3124 retinet
604 3055 801 3124 doctrinam
833 3057 1000 3126 traditam
1030 3080 1051 3126 a
1100 3049 1205 3143 Seru,
1228 3047 1430 3137 Abrabam,
1457 3049 1604 3145 loseph,
1629 3049 1767 3135 Ellam,
1792 3051 1969 3140 Elissam,
1992 3052 2093 3148 Apo·

67 3153 218 3242 Christo,
258 3149 448 3245 Prophetis
477 3167 512 3224 et
544 3156 740 3244 Apostolis:
780 3157 872 3227 sicut
905 3171 1053 3229 testatur
1100 3155 1220 3228 stolos.
1273 3151 1441 3225 Arbitror
1463 3168 1499 3225 ct
1518 3156 1619 3226 vobis
1640 3156 1931 3226 iucundissimam
1950 3180 2093 3227 essere·

67 3258 262 3326 dulcissima
291 3255 478 3346 promissio
507 3259 602 3346 apud
624 3253 788 3340 Esaiam,
821 3282 902 3328 cum
933 3258 1052 3353 inquit
1099 3257 1343 3326 cordationem
1372 3270 1407 3326 et
1434 3256 1595 3326 virorum
1626 3259 1769 3342 talium,
1801 3271 1835 3328 et
1858 3258 2092 3328 maximarum

68 3357 172 3428 Deus:
198 3355 281 3428 Hoc
302 3357 428 3426 foedus
450 3380 567 3426 meum
589 3382 669 3426 cnm
687 3358 756 3444 eis,
780 3357 935 3449 Spiritus
953 3383 1051 3429 meus
1101 3373 1528 3449 rerumqnasgesserunt.
1583 3355 1661 3428 Etsi
1679 3361 1787 3447 igitur
1803 3360 1841 3428 in
1858 3359 2019 3449 eligendo
2033 3385 2093 3432 ar-

68 3460 122 3548 qui
145 3475 196 3530 est
222 3459 261 3528 in
285 3471 340 3542 te,
369 3472 405 3528 ct
429 3457 536 3526 verba
561 3483 657 3538 mea,
689 3484 780 3554 quac
801 3461 905 3549 posui
928 3461 965 3530 iu
988 3487 1050 3530 ore
1099 3472 1278 3546 gumento,
1302 3460 1474 3529 suavitate
1489 3454 1614 3528 barum
1632 3483 1750 3528 rerum
1768 3462 1945 3545 movebar,
1972 3476 2091 3532 tamen

66 3556 183 3645 TUO,
215 3583 290 3630 non
316 3561 478 3628 recedent
502 3561 546 3627 dc
570 3554 676 3630 ORE
702 3555 829 3645 TUO,
856 3585 900 3630 ne
922 3565 967 3630 de
989 3586 1050 3632 ore
1100 3559 1162 3626 illa
1187 3561 1424 3628 msiorcausa
1448 3560 1526 3634 luit.
1577 3558 1659 3629 Scio
1682 3557 1994 3632 nosscbolasticos
2018 3588 2091 3632 non

66 3663 200 3730 seminis
228 3661 299 3740 tui,
324 3660 409 3729 dicit
428 3657 623 3749 Dominus,
649 3685 668 3728 a
693 3663 857 3734 modoet
883 3664 1048 3755 usquein
1099 3659 1214 3730 solum
1250 3661 1363 3730 iacere
1398 3675 1553 3752 spretos,
1592 3664 1653 3730 sed
1685 3663 1790 3734 etism
1824 3662 1864 3732 in
1892 3665 1975 3732 odio
2005 3664 2090 3737 esse.

48 3753 323 3854 sempiternum.
375 3759 534 3832 Sciamus
559 3762 666 3851 igitur
684 3775 720 3832 et
734 3763 865 3834 nostris
880 3760 1049 3836 Ecclesiis
1101 3759 1210 3830 Multi
1234 3775 1370 3832 nostras
1391 3785 1532 3852 operas,
1556 3787 1630 3832 non
1650 3787 1724 3832 rem
1740 3765 1971 3834 necessariam
1989 3765 2091 3853 vitae,

66 3865 262 3936 adiuturum
275 3857 479 3943 Christum,
501 3864 680 3932 sedentem
694 3865 738 3935 ad
755 3865 912 3936 dextram
923 3864 1050 3952 Patris,
1099 3864 1160 3932 sed
1184 3863 1350 3952 ignavum
1377 3863 1490 3934 otium
1513 3888 1586 3934 esse
1608 3881 1767 3936 censent:
1801 3861 1982 3956 theologos
2006 3892 2090 3940 vero

67 3977 96 4032 et
116 3979 317 4056 regnantem
340 3965 443 4034 etiam
462 3955 708 4034 intermedius
725 3959 861 4050 hostes,
881 3978 1050 4038 666666-
1099 3965 1224 4046 etiam,
1257 3977 1297 4036 ut
1321 3959 1554 4062 καθάρματα
1576 3982 1610 4036 et
1635 3981 1748 4058 pestes
1772 3967 1986 4060 Rerempub.
2010 3993 2091 4038 ere-

67 4079 175 4136 turum
192 4067 329 4159 aliquas
344 4064 511 4158 reliquias
524 4065 661 4156 piarum
677 4061 891 4152 scholarum,
911 4069 1047 4138 etiamsi
1099 4081 1254 4139 crentur.
1303 4064 1376 4136 Nec
1391 4091 1455 4156 ego
1471 4071 1558 4138 adeo
1575 4070 1674 4138 rudis
1688 4085 1722 4139 et
1736 4070 1919 4160 imperitus
1938 4091 2014 4138 snm
2036 4097 2091 4142 re-

68 4169 232 4240 666666
246 4165 450 4258 oppriment
468 4191 600 4256 poenae
617 4179 652 4236 et
667 4167 889 4240 calamitates.
1098 4191 1179 4238 rum
1202 4161 1458 4249 busssanarum,
1483 4183 1521 4238 ut
1538 4169 1690 4239 arbitrer
1706 4170 1912 4264 cuiusquam
1929 4174 2089 4244 oratione

159 4267 271 4338 Modo
288 4289 354 4338 nos
369 4268 562 4357 cogitemus
577 4271 621 4336 de
638 4281 759 4338 nostro
777 4269 911 4353 officio,
938 4268 1048 4338 simus
1099 4268 1214 4338 sanari
1240 4291 1341 4358 posse
1363 4293 1485 4342 omnes
1507 4271 1567 4364 qui
1591 4271 1640 4340 sic
1663 4272 1833 4342 sentiunt.
1884 4271 1952 4342 Sed
1969 4289 2088 4345 tamen

66 4369 147 4452 grati
176 4395 238 4462 pro
268 4372 349 4440 data
379 4369 459 4438 luce
481 4366 689 4459 Evangelii,
725 4371 939 4440 retineamus
961 4395 1047 4440 con-
1098 4393 1199 4440 error
1227 4369 1287 4438 ille
1318 4374 1491 4444 taxandus
1518 4387 1587 4458 est,
1619 4389 1659 4446 ut
1681 4397 1746 4443 nos
1768 4374 1858 4443 vitae
1881 4397 2011 4463 genus,
2044 4381 2089 4447 ad

67 4468 241 4540 sessionem
261 4493 369 4561 purae
385 4469 583 4554 doctrinae,
610 4471 740 4541 nostris
757 4472 901 4557 studiis,
926 4472 997 4542 vita
1013 4487 1048 4544 et
1096 4473 1193 4566 quod
1212 4470 1383 4544 divinitus
1401 4471 1513 4544 vocati
1534 4497 1674 4559 sumus,
1698 4475 1824 4546 melius
1840 4475 2090 4567 intelligamus,

69 4573 215 4642 moribus
244 4595 412 4642 ornemus
441 4567 655 4656 Ecclesiam,
694 4573 902 4644 adiuvemus
930 4575 1046 4643 studia
1098 4587 1133 4646 et
1155 4586 1295 4644 nostros
1317 4575 1455 4646 animos
1479 4575 1518 4644 in
1543 4571 1609 4646 hoc
1633 4599 1739 4646 cursu
1760 4589 1881 4648 nostro
1904 4579 2090 4650 confirme-

67 4684 97 4738 et
115 4669 258 4747 scholas.
310 4672 456 4742 lnterim
475 4671 610 4744 etiamsi
627 4673 903 4746 conflictandum
920 4689 971 4745 est
985 4699 1046 4745 va·
1097 4699 1194 4760 mus,
1219 4688 1254 4746 ct
1277 4675 1456 4769 aliquibus
1478 4677 1582 4746 bonis
1603 4677 1755 4769 ingeniis
1773 4679 1811 4749 in
1830 4675 1896 4750 hoc
1913 4693 2013 4751 coetu
2033 4683 2089 4752 iu-

68 4770 123 4839 riis
144 4775 338 4860 aerumnis,
364 4775 570 4844 invocemus
591 4769 687 4844 hunc
702 4790 863 4846 nostrum
879 4800 1045 4866 magnum
1098 4801 1246 4860 venum,
1274 4779 1337 4870 qui
1364 4803 1430 4848 nos
1458 4779 1577 4865 audit,
1613 4775 1793 4862 honestas,
1820 4795 1854 4852 ct
1882 4806 1963 4852 vere
1985 4783 2096 4852 utiles¹

68 4874 180 4942 ducem
200 4891 233 4947 et
248 4877 474 4946 liberatorem
489 4875 602 4944 filium
622 4873 706 4961 Dei,
732 4891 765 4946 et
779 4902 849 4946 666
866 4901 951 4946 voce
967 4902 1045 4968 pre-
1097 4878 1285 4970 opiniones
1313 4879 1518 4954 inseramus.
1594 4878 1691 4969 Quid
1723 4881 1909 4972 gloriosius
1942 4886 2089 4974 cogitari

68 4995 194 5058 remur,
219 4991 259 5048 ut
277 4975 372 5046 Deus
388 4975 492 5046 Pater
513 4991 677 5048 aeternus
701 4977 906 5048 misereatur
921 4975 1060 5050 Eccla.
1097 4992 1229 5072 potest,
1262 4992 1368 5072 q'uasn
1392 5005 1475 5064 nos,
1502 4981 1567 5052 etsi
1590 4983 1770 5069 doctrina,
1795 4983 1986 5074 sapientia,
2015 4987 2089 5056 vir-

3 5095 4 5102 *
69 5075 131 5144 siae
150 5101 249 5164 suae,
274 5093 308 5148 et
329 5103 405 5148 earn
423 5093 537 5150 servet
553 5093 698 5168 propter
713 5079 814 5148 illurn
831 5081 945 5172 ipsum
964 5079 1045 5150 Me·
1096 5095 1170 5154 tute
1195 5081 1300 5171 longe
1321 5081 1507 5152 inferiores
1529 5108 1670 5169 sumus,
1703 5099 1820 5156 tamen
1846 5109 1967 5156 revera
1992 5087 2087 5158 idem

69 5176 227 5250 diatorern
241 5196 275 5252 et
289 5179 497 5252 Pontificem
512 5193 673 5250 nostrum
684 5175 888 5266 Christum,
914 5195 949 5252 et
963 5195 1044 5252 tan·
1093 5205 1224 5256 munus
1237 5183 1412 5254 sustinere
1426 5186 1463 5254 in
1475 5180 1630 5258 Ecclesia
1640 5183 1709 5258 Dei
1721 5241 1732 5270 ‚
1757 5188 1854 5278 quod
1868 5187 2089 5262 sustinebant

70 5277 141 5346 dem
169 5296 324 5352 conterat
344 5281 511 5353 Satanam
536 5281 779 5354 adversarium
802 5285 869 5354 sub
890 5282 1043 5373 pedibus
1093 5284 1148 5354 illi
1172 5285 1302 5356 summi
1326 5285 1414 5370 viri,
1446 5283 1565 5371 Nohe,
1591 5287 1692 5370 Sem,
1716 5281 1923 5376 Abrabam,
1949 5287 2089 5379 lesaiss,

69 5382 195 5451 nostris.
243 5381 339 5454 Dixi.
680 5383 683 5388 ’
1094 5383 1278 5468 Ieremias,
1313 5385 1493 5480 Baptista,
1527 5387 1719 5481 Apostoli?
1768 5385 1846 5482 Ego
1877 5392 1923 5462 de
1953 5395 2089 5468 nullius

2228 741 2241 774 '
