4688 5826
100 290 153 382 to
741 269 903 380 neci,
944 263 1452 383 nn-ntanncrtcm
2039 265 2120 398 ist

86 474 232 558 docendi,
264 473 365 548 nulla
392 469 564 546 sine'hoc'
581 469 819 548 instrumento
842 495 899 546 ars
918 475 1060 566 penitus
1111 473 1355 550 consultorum
1380 473 1503 546 literae¹
1527 477 1598 548 sint
1621 483 1794 576 qn'aedam
1816 487 1913 562 velut
1930 490 2107 576 absolutio

86 578 226 671 cognosti
242 593 303 662 aut
316 575 451 672 percipi
466 574 593 671 potest.
645 571 747 650 Nihil
763 575 872 668 igitur
887 577 963 662 isti,
989 575 1060 648 nisi
1110 595 1144 651 et
1161 577 1399 651 exaedificatio
1415 572 1684 672 Philosophiae,
1708 593 1805 682 qnod
1820 582 2108 684 gradrrs·ad=illati

86 679 255 754 histriones
278 681 367 769 meri
391 693 491 761 sunt,
531 679 594 775 qui
618 691 729 754 artem
753 679 865 751 ullam
888 677 1058 772 profiteri,
1108 695 1199 751 artes
1215 705 1279 772 per
1294 673 1380 750 haec
1395 679 1507 772 prima
1524 683 1695 757 elementa
1709 689 1890 765 faciendus
1903 698 1961 774 sit.
2011 692 2105 798 Hip-¹

83 783 139 855 nisi
158 781 371 854 Dialectieen
397 795 561 868 teneant,
594 783 738 855 audent.
790 779 894 854 Plato
919 779 958 850 in
983 777 1057 854 Re-
1107 795 1266 875 poccates
1290 779 1415 854 scribit
1438 783 1592 872 alicubi,
1623 784 1805 864 Medicum
1827 799 1890 892 qui
1910 798 1956 871 sit
1967 797 2102 878 Philo·

82 887 151 978 pub.
176 879 575 976 spurios·Philosophos
604 883 759 978 adpellat
785 906 863 967 eos,
892 882 1056 978 quisine
1105 879 1257 976 sophus,
1292 885 1396 975 plane
1421 885 1585 956 divinum
1611 887 1728 961 virum
1753 921 1837 967 esse.
1869 894 1986 974 ¹idern
2015 934 2101 1002 pro·

83 985 262 1068 dialectica,
289 985 488 1066 satisfacere
502 992 538 1056 se'
550 987 630 1056 aliis
645 987 781 1058 artibus
796 983 1056 1072 existimabant,
1104 989 1194 1058 tecto
1219 988 1263 1056 de
1285 984 1432 1060 scientia
1454 987 1542 1058 iuris
1558 991 1662 1076 etiam
1680 994 1750 1066 dici
1768 991 1896 1088 pelosi,
1920 1003 2001 1100 quia
2017 992 2106 1084 fon-¹

84 1109 171 1184 quare
190 1089 280 1160 sicut
294 1083 435 1180 'spuriis
459 1083 534 1158 n'on
551 1089 634 1161 licet
650 1083 904 1160 haereditatem
923 1101 1055 1180 petere,
1105 1104 1156 1159 tes
1181 1087 1322 1157 illarum
1346 1089 1476 1160 artium
1498 1103 1605 1186 atque
1627 1107 1744 1183 ortus,
1768 1114 1802 1172 et
1825 1127 1946 1175 causae
1968 1086 2106 1184 tra‘dess

82 1193 118 1264 ita
137 1189 253 1283 procul
275 1189 504 1262 ah‘omnium
526 1189 710 1261 literarum
728 1189 936 1261 tractatione
953 1213 1055 1282 prae-
1105 1215 1202 1259 mum
1235 1189 1332 1258 cerni
1364 1205 1534 1282 possunt,
1569 1195 1602 1262 si
1630 1200 1814 1272 accesserit
1842 1199 2097 1302 Philosophiae

23 1305 24 1312 ¹
82 1292 155 1363 torio
174 1291 295 1388 aliquo
317 1291 432 1363 edicto
456 1291 658 1375 submoveri
684 1293 862 1365 debebant
884 1289 956 1376 illi,
991 1293 1054 1385 qni
1104 1293 1266 1362 scientia:
1293 1293 1381 1360 adeo
1403 1295 1551 1362 summis
1573 1295 1644 1366 illis
1665 1301 1802 1373 artibus
1817 1309 1917 1380 addit
1932 1305 2097 1386 Philoso-

23 1733 24 1740 ¹
80 1699 151 1770 sime
169 1697 378 1773 falluntur·
412 1695 506 1770 Usus
527 1698 671 1796 quidam
694 1695 919 1771 adhibendus
940 1711 991 1770 est
1012 1700 1052 1768 in

23 1799 24 1882 f
80 1825 137 1894 quo
161 1815 343 1893 praecepta
368 1801 614 1896 experiantur,
647 1803 846 1872 ut'discant
871 1803 1052 1894 quomodo

23 2127 24 2132 ’
79 2105 153 2179 vidit
166 2103 379 2201 Adolphum
394 2103 632 2181 eruditissime
651 2121 852 2197 tangentem
875 2107 976 2177 fides:
1003 2107 1050 2176 ita

23 2233 24 2246 ¹
79 2231 138 2277 non
159 2223 253 2299 putet
276 2231 312 2279 se
329 2205 546 2286 Dialecticen
562 2209 689 2279 callere
705 2207 753 2293 is,
779 2207 841 2302 qui
860 2204 1051 2278 nihil'scri-

23 2643 24 2660 2
78 2616 189 2684 tuum?
237 2615 352 2687 Porro
381 2639 459 2686 cum
483 2615 642 2688 inomni
666 2638 793 2706 genere
814 2615 943 2686 artium
966 2634 1050 2687 con-

23 2707 24 2784 l
78 2719 207 2788 suetudo
221 2718 448 2802 dominatur,
473 2719 522 2788 sic
537 2717 632 2787 enim
648 2720 698 2789 ait
713 2715 838 2788 Poeta:

23 3073 24 3128 3
78 3045 141 3091 mm
153 3018 242 3092 mihi
256 3025 391 3094 similes
405 3025 463 3096 isti
480 3025 658 3106 videntur,
682 3025 743 3118 qui
759 3023 950 3118 praeceptis
964 3049 1054 3117 quae

81 1393 147 1466 ante
171 1394 374 1486 irrumpunt
400 1395 439 1464 in
468 1395 554 1464 alias
578 1395 801 1486 disciplinas,
832 1418 939 1490 quam
961 1390 1055 1464 hanc
1105 1391 1188 1488 phia
1205 1418 1277 1463 non
1294 1396 1401 1464 modo
1419 1395 1558 1476 lumen,
1584 1401 1645 1468 sed
1662 1401 1767 1473 etiam
1782 1407 2001 1498 dignitatem.

82 1510 172 1566 actem
195 1497 428 1588 perceperint.
481 1494 637 1585 Quidam
669 1497 831 1598 perlectis
861 1495 1053 1590 praeceptis

80 1597 165 1683 artis,
188 1597 308 1668 statim
334 1621 370 1670 se
391 1609 502 1667 actem
526 1611 646 1669 tenere
668 1613 809 1692 putant,
835 1597 898 1692 qui
918 1595 1052 1688 longis·
1085 1623 1091 1630 ·
1204 1545 1419 1642 Quanquam
1441 1563 1559 1620 amem
1584 1575 1700 1624 ‘wa‘
1721 1557 1844 1632 ¹5¹0?st
1865 1589 1938 1636 ¹¹⁰⁰
1955 1589 2098 1646 ’Ument

1104 1671 1158 1718 ces
1174 1644 1447 1742 aPhilosophia,
1473 1667 1590 1762 tamen
1606 1657 1688 1750 qnia
1702 1681 1901 1735 sermonem
1918 1693 1937 1740 a
1953 1675 2097 1763 publica

1103 1753 1361 1822 consuetudine
1385 1767 1597 1832 mutuantur
1615 1757 1691 1830 sins
1704 1758 1896 1840 Dialectica
1914 1786 1948 1843 et
1965 1800 2095 1868 cogna.

1042 1903 1051 1922 .
1104 1853 1149 1922 tis
1165 1854 1319 1936 actibus,
1345 1857 1555 1948 compositio
1569 1863 1742 1934 sermonis
1758 1873 1921 1956 cognosci
1940 1899 2013 1952 nort
2029 1907 2094 1972 po.

80 1914 141 1972 nte
158 1905 327 1974 utendum
344 1903 399 1974 sit.
445 1903 554 1984 'Sicut
568 1923 643 1973 unu
661 1905 778 1976 statim
796 1901 912 1996 pictor
924 1919 975 1975 est
991 1929 1053 2024 qus
1104 1968 1170 2024 [est
1231 1947 1378 2030 Aah-m
1401 1979 1482 2030 eum
1506 1963 1685 2035 neminem
1703 1972 1934 2062 ngqueplm
1975 2003 2095 2078 mque

1172 2011 1178 2024 .
1663 2017 1664 2020 π
1702 2022 1703 2026 =
1944 2028 1954 2058 2

79 2001 235 2076 Durenrm
257 2005 463 2099 pingentem
487 2000 594 2092 vidit,
621 2029 685 2075 nec
710 1999 963 2100 cytharoedus,
990 2031 1053 2098 qur
1103 2057 1250 2126 meliora
1281 2058 1371 2128 “ire
1400 2073 1580 2148 ‘’poma‘’
1610 2089 1716 2158 quam
1742 2065 1967 2168 Theologum
2019 2109 2096 2162 non

1102 2159 1269 2278 convenit
1289 2183 1373 2256 cunr
1392 2161 1541 2283 alienun
1564 2160 1693 2237 actium
1709 2171 1833 2247 rudem
1850 2199 1940 2252 csse:
1966 2132 2011 2255 dh
2028 2181 2095 2260 hoc
2137 2137 2141 2146 1

79 2311 151 2400 psit,
187 2333 261 2380 non
300 2311 515 2402 disputavit,
554 2311 710 2406 denique
733 2311 804 2404 'qui
835 2325 946 2380 artem
977 2332 1052 2380 nou
1102 2261 1821 2460 ΞΠἙξῒσάἕθωρᾞᾞῑδᾚέξεξἱῑζὶἀ
1837 2273 2097 2483 ῗὶῒῃζῃὲἲῗε

79 2413 232 2534 exercuit·
262 2411 378 2534 'Quae
394 2436 484 2532 nova
504 2407 653 2533 est'haec
670 2411 804 2531 ingenii
822 2413 969 2496 fiducia,
996 2434 1052 2482 ac.
1103 2463 1205 2538 blicis
1227 2465 1364 2554 κείω
1384 2467 1456 2556 agit
1527 2475 1650 2544 md
1777 2475 1827 2550 qq·
1898 2486 1907 2504 ·
2055 2523 2056 2526 ,

78 2535 182 2604 rogare
204 2515 274 2586 srbr
300 2527 611 2596 screnuamartrs,
638 2513 896 2584 cuutsnullum
920 2509 1053 2584 hahent
1124 2565 1132 2582 .
1466 2493 1570 2562 ’qa
1606 2496 1625 2542 a
1667 2497 1787 2552 mm
1815 2490 1991 2578 mmm
2005 2496 2105 2566 ub&

1103 2590 1178 2638 nor
1195 2569 1368 2660 quaedam
1387 2584 1421 2640 et
1436 2570 1651 2662 locupletior
1666 2579 1828 2661 doctriua
1845 2590 1982 2682 requiri
1997 2595 2098 2666 vido-

1103 2681 1179 2751 tur‚
1203 2693 1309 2788 quam
1333 2671 1439 2759 vulgo
1462 2687 1603 2762 potam:
1629 2679 1674 2749 de
1694 2705 1764 2773 qna
1785 2698 1826 2756 ut
1841 2687 2097 2783 inpraesentia

229 2823 324 2890 Solus
346 2841 375 2889 st
399 2831 523 2890 mmm
547 2831 601 2912 qut
622 2827 695 2890 tacit
717 2846 789 2890 usus
810 2829 877 2890 erit.
1104 2793 1179 2840 non
1201 2772 1338 2857 dream,
1363 2797 1479 2866 neque
1495 2776 1591 2844 enim
1605 2793 1659 2850 est
1675 2781 1830 2858 instituti
1840 2796 1957 2884 nostri
1973 2802 2097 2874 omrlia

1103 2988 1237 3047 scentes
1257 2975 1337 3046 dico
1346 3002 1355 3066 ς
1383 2975 1534 3065 Quoties
1550 2981 1594 3052 de
1612 2977 1771 3060 hominis
1786 3001 1913 3066 natura
1928 3021 1969 3070 ac
1984 3007 2099 3094 parti-

1104 3079 1170 3146 bus
1184 3073 1369 3168 Theologo
1383 3079 1576 3154 dicendum
1593 3086 1668 3156 esti
1717 3085 1770 3165 At
1784 3115 1860 3166 eam
1878 3123 1952 3170 rem
1968 3106 2101 3180 clarius

1103 3178 1270 3270 explicari
1294 3180 1491 3275 poteritis,
1516 3184 1574 3275 cni
1598 3201 1805 3266 notescunt
1827 3214 1969 3279 nostrae
1984 3209 2029 3277 de
2039 3233 2094 3282 re-

1103 3304 1183 3350 rum
1199 3293 1325 3352 natrice
1341 3282 1611 3374 disputationes.

78 3124 265 3214 continent,
299 3127 351 3197 uti
381 3143 581 3220 nequeunt,
614 3151 695 3195 narn
720 3151 799 3196 cum
823 3149 963 3196 catrsam
987 3127 1054 3196 ali-

79 3249 166 3318 quam
194 3241 405 3319 acceperunt
437 3229 699 3320 explicandam,
735 3223 849 3298 nihilo
874 3228 986 3317 magis
1009 3230 1051 3297 ad

79 3325 158 3398 illam
182 3326 356 3400 adhibere
376 3347 591 3422 praecepta,
630 3352 735 3424 qnam
765 3345 883 3400 mutae
912 3323 1054 3401 chartae

78 3445 216 3518 possunt.
263 3427 424 3503 Proinde
447 3431 474 3500 si
499 3433 579 3528 quis
604 3431 739 3501 utiliter
761 3431 894 3507 versari
917 3432 954 3500 in
975 3433 1054 3501 aliis
1205 3428 1389 3520 Quantum
1406 3433 1496 3504 lucis
1512 3435 1646 3512 adferet
1661 3446 1769 3516 sacris
1785 3449 1917 3543 literis,
1938 3459 2098 3552 quiPhi-

79 3531 257 3624 disciplinis
275 3535 391 3619 volet,
414 3533 444 3602 is
462 3533 617 3626 patiatur
634 3557 670 3602 se
688 3531 784 3624 prius
801 3533 837 3600 in
857 3527 913 3602 his
929 3533 1054 3624 primis
1102 3527 1333 3624 losophorum
1357 3536 1556 3607 doctrinam
1580 3544 1625 3609 de
1649 3549 1809 3620 moribus
1825 3579 1904 3625 cnm
1921 3559 1993 3634 illis
2009 3589 2097 3636 con.

78 3631 191 3702 actibus
204 3637 381 3718 exerceri,
408 3650 440 3705 et
460 3635 501 3704 ad
520 3636 605 3712 alias
620 3634 825 3728 disciplinas
840 3635 1055 3728 praeparari,
1102 3633 1214 3705 teret?
1246 3649 1280 3705 et
1306 3639 1485 3722 ostendet,
1515 3663 1606 3734 quae
1634 3651 1873 3741 consentiant,
1906 3686 1997 3754 quae
2020 3692 2096 3744 non

78 3736 289 3828 ettantisper
304 3753 543 3808 commoretur
561 3733 684 3808 in'hoc
699 3761 825 3827 genere
842 3735 1055 3823 studiorum,
1104 3736 1336 3810 consentiant.
1402 3735 1479 3830 Ego
1509 3765 1592 3813 vero
1617 3735 1725 3819 ‘ctiam
1755 3764 1989 3836 necessarium
2022 3793 2098 3842 esse
2169 3797 2172 3802 ·

78 3835 173 3907 donec
186 3851 269 3908 ante
285 3839 420 3910 radices
436 3839 704 3930 egerintearum
719 3839 847 3908 artium
863 3853 1055 3932 praecepta,
1103 3839 1241 3924 indico,
1274 3843 1462 3912 ostendere
1495 3847 1675 3944 utrunque
1706 3855 1887 3929 doctrinae
1917 3888 2027 3954 genus
2062 3890 2099 3946 et

79 3959 150 4028 quas
169 3939 362 4026 tradimus,
389 3943 502 4011 donec
525 3962 645 4010 earum
667 3941 734 4010 sihi
758 3937 832 4022 ἴξιν
850 3941 990 4025 lecerit,
1015 3957 1055 4014 ut
1105 3941 1290 4010 intervalla
1307 3957 1400 4012 certa
1420 3943 1563 4036 regione
1580 3953 1794 4044 ‹tescribsre‚
1820 3973 1853 4031 et
1869 3965 1956 4037 fines
1973 3997 2098 4048 eornm
2223 3953 2225 3958 Ι

79 4039 300 4130 quotiesnsus
324 4044 453 4132 poscit,
485 4043 556 4114 sint
579 4045 622 4111 ad
644 4067 809 4128 maurim,
843 4067 881 4112 ac
899 4044 994 4113 velut
1016 4043 1054 4113 in
1104 4065 1241 4132 regere,
1263 4045 1562 4118 ut-tmeronsuut
1587 4053 1811 4146 loquuntur,
1829 4090 1874 4134 ne
1898 4073 2008 4162 possit
2031 4077 2098 4147 ite.

80 4158 258 4219 numerato.
310 4143 407 4214 Haec
426 4147 475 4214 est
493 4146 755 4234 compendiaria
773 4159 807 4216 et
825 4143 917 4216 recta
935 4147 977 4214 ad
995 4171 1055 4216 ve·
1104 4169 1182 4215 rum
1209 4145 1247 4212 in
1272 4140 1495 4217 Christianae
1525 4153 1707 4230 doctrinae
1733 4169 1988 4251 possessionem
2009 4173 2098 4248 Phi-

80 4263 138 4312 ram
167 4247 406 4319 eruditionem
437 4247 504 4320 via.
555 4247 592 4318 Si
618 4248 697 4340 quis
722 4262 844 4338 captus
867 4245 1054 4337 splendore
1104 4241 1264 4338 losophia
1299 4248 1506 4340 irrumpere.
1559 4251 1665 4342 Quod
1697 4263 1726 4329 si
1757 4260 1920 4342 fecissent
1952 4291 2085 4352 veteres

81 4343 207 4417 aliarum
221 4350 354 4420 artium
372 4344 434 4418 has
452 4349 703 4442 praetervolat,
728 4365 768 4419 ut
785 4371 874 4442 quae
888 4373 961 4418 non
978 4373 1054 4419 ma·
1104 4371 1177 4417 non
1201 4371 1312 4442 usque
1333 4353 1419 4420 adeo
1443 4357 1678 4431 contaminata
1703 4383 1789 4438 esset
1810 4383 1892 4442 ante
1908 4368 1992 4448 haec
2008 4335 2099 4452 tem-l

81 4465 214 4539 gnopere
238 4451 410 4521 ostentari
435 4465 587 4544 queant,
612 4445 1056 4542 hnicplanehocaccidit,
1103 4473 1188 4540 poca
1218 4452 1378 4520 doctrina
1410 4455 1652 4535 ecclesiastica.
1726 4465 1822 4556 Quid
1858 4479 1954 4568 quod
1985 4459 2093 4558 eitam

81 4552 155 4638 (qood
179 4554 258 4623 cani
275 4549 471 4642 Aesopico‚
499 4553 559 4645 qni
583 4556 667 4620 dnm
689 4555 853 4622 rrnrhcam
879 4555 1054 4640 carnium,
1104 4549 1273 4622 historiae
1303 4555 1504 4643 cognitione
1531 4583 1621 4651 opus
1652 4575 1703 4634 est
1725 4563 1909 4668 Theologo
1965 4583 2001 4653 ih
2027 4615 2095 4681 qua

80 4653 158 4740 qnod
175 4679 214 4724 ea
231 4655 346 4724 maior
362 4659 546 4746 adpareat,
572 4667 705 4745 captat,
733 4677 831 4723 veras
846 4655 961 4725 amisit
979 4677 1056 4725 cac·
1084 4647 1143 4724 *ut
1176 4667 1334 4746 tempora
1371 4661 1613 4748 consentiant,
1662 4667 1834 4744 iudicium
1865 4636 2098 4762 eximatitms
2196 4728 2209 4758 .

81 4771 144 4820 nes:
171 4758 255 4849 quia
286 4757 355 4826 nisi
386 4757 544 4826 attulerit
573 4759 616 4824 ad
644 4757 729 4825 alias
752 4771 843 4826 artes
869 4751 935 4825 hoc
960 4759 1055 4850 quod
1106 4759 1280 4840 siderum,
1308 4772 1406 4827 etex
1432 4763 1811 4860 eclipsihussumitur,
1837 4791 2096 4874 quamodrem

81 4851 138 4921 diri
165 4857 465 4944 instrumentum,
500 4859 658 4928 fortassis
690 4857 844 4952 aliquam
875 4862 1057 4930 doctrinae
1105 4861 1184 4952 quis
1206 4883 1278 4928 non
1301 4861 1483 4952 intelligit,
1505 4891 1655 4959 quarum
1679 4877 1809 4945 artium
1828 4855 1972 4957 scientia
1993 4881 2097 4964 adhi-

82 4957 244 5042 ambram,
291 4961 563 5030 solidam'vero
600 4960 799 5030 doctrinam
827 4983 901 5028 non
933 4985 1057 5033 conse·
1105 4963 1220 5029 henda
1252 4962 1323 5032 sit?
1374 4961 1530 5035 Proinde
1564 4971 1649 5061 quid
1681 4975 1776 5046 aliud
1808 4994 1985 5080 estquam
2010 4989 2097 5080 timor

83 5071 200 5144 quotus,
269 5087 277 5100 ·
1106 5061 1212 5161 ἄγων
1232 5057 1438 5158 μυστήρια,
1462 5067 1529 5162 'qui
1551 5093 1629 5139 curn
1647 5095 1825 5152 sacrarum
1841 5086 2023 5174 literarum
2041 5097 2097 5170 in.

163 5159 247 5232 Diti
279 5158 450 5234 hactenns
479 5165 523 5232 de
543 5161 753 5250 Dialectica,
787 5163 871 5257 quia
894 5165 1055 5236 omniurn
1105 5177 1239 5257 terpres
1258 5162 1440 5256 perhiberi
1457 5169 1559 5256 velit,
1584 5175 1738 5268 reliquas
1755 5208 1877 5255 ornnes
1892 5189 2098 5288 disciplinas

84 5263 212 5346 maxime
233 5264 464 5334 necessariam
491 5287 564 5334 esse
582 5265 714 5339 indico.
768 5263 881 5336 Porro
897 5267 983 5359 quid
1000 5293 1058 5338 re·
1107 5268 1337 5356 aspernatur?
1392 5267 1522 5359 'Quare
1564 5289 1604 5345 ut
1641 5277 1784 5368 tiniam,
1826 5284 1998 5366 adhortor

83 5356 162 5455 liqut
176 5365 349 5437 elementa
364 5362 619 5460 Philosophiae
635 5363 792 5462 habeant
806 5366 990 5469 utilitatis,
1015 5362 1058 5440 erl
1107 5371 1363 5454 adolescentes,
1385 5387 1425 5442 ut
1448 5375 1576 5445 instaur
1596 5394 1738 5469 operam
1757 5388 1936 5464 collocetis
1955 5381 1993 5468 iu
2012 5397 2099 5476 haec

83 5483 114 5530 eo
135 5463 231 5538 lacile
255 5467 411 5560 intelligi
436 5465 569 5562 potest;
593 5469 673 5539 crnn
687 5465 870 5541 Medicina
897 5479 933 5543 et'
948 5469 1057 5543 ln'ris-
1109 5473 1243 5564 primae
1271 5475 1394 5543 aetatis
1419 5477 1557 5560 studia,
1588 5491 1628 5552 ut
1650 5483 1695 5553 ad
1715 5487 1869 5584 reliquas
1895 5498 2100 5592 disciplinas

125 5565 307 5640 Mensura.
333 5575 438 5642 Ornet.
464 5577 549 5644 Vos.
575 5575 638 5643 XI.
1284 5585 1297 5596 “
1517 5581 1560 5652 11
1984 5605 1987 5610 ·

2035 5331 2098 5376 VOS

1105 2875 1286 2966 persequi,
1320 2887 1460 2949 tantum
1493 2870 1577 2948 haec
1606 2885 1651 2952 ad
1675 2897 1952 2967 commonendos
1973 2901 2099 2973 odole-
2224 2894 2227 2900 ⁵
