4688 5826
177 225 294 316 ¹ssa
401 217 409 225 ·
743 213 1722 320 ‚nomos-esamssnosronuu
1843 185 1846 192 ’
2185 231 2266 310 en

219 400 415 501 visissent.
448 395 630 494 Plerique
644 417 701 473 res
715 392 1117 490 monumentorum
1130 393 1216 484 satis
1265 391 1445 485 ¹sentiunt,
1478 407 1520 482 ut
1548 393 1649 473 ntslls
1665 409 1754 478 taso
1770 396 1849 481 less
1864 398 2136 489 mue,
2169 403 2266 479 nulli

221 517 323 586 notas
344 492 563 588 habuerunt,
595 498 774 594 plerisque
797 497 890 577 ratio
912 496 1065 577 docendi
1089 496 1215 583 deluit,
1265 493 1498 588 tam-perdito
1511 496 1629 582 mali..
1644 499 1708 593 qni
1723 519 1799 585 non
1816 502 2264 584 etuntisntetfituntne

224 605 311 680 etsi
336 628 455 679 rerum
476 601 604 696 peritia
622 626 698 675 non
722 599 892 687 defuerit,
914 623 983 695 qua
1001 602 1045 672 de
1062 623 1103 674 ra
1117 623 1215 672 nunc
1265 611 1359 680 reeta
1372 619 1457 680 esse,
1483 623 1574 692 quea
1588 599 1670 676 illae
1678 601 2153 698 ,rememinepuam'bmt
2178 609 2265 702 qni,

212 705 454 802 vlongiusdiri
475 729 552 798 nop
573 717 700 830 pptest.
750 697 899 796 Hesiodi
915 715 1034 797 autern
1052 703 1153 794 prior
1168 700 1216 770 li-
1264 723 1333 794 que
1356 723 1435 775 outo
1458 723 1541 791 nom
1551 703 1866 794 obtemperarunt,
1885 731 1968 785 nnn
1987 706 2059 799 ipsi
2075 723 2262 801 peecatum

223 806 340 883 bellus
357 821 456 889 totus
475 801 609 904 denos
631 819 699 892 est,
724 805 899 896 posterior
919 807 1006 881 dom
1021 803 1215 896 agricultu·
1264 815 1429 881 accusent
1449 826 1490 877 ac
1513 805 1685 889 tenuent
1708 825 1833 894 snm,
1857 809 1996 903 quisse
2013 833 2261 888 promerean-

224 935 287 986 rae
310 923 493 1004 praecepta
522 909 647 992 tradit,
682 919 781 978 ortus
810 919 845 980 et
871 928 1016 992 occasus
1043 906 1215 992 siderum,
1264 917 1324 982 tm
1345 928 1480 978 numen
1503 903 1656 987 existere,
1673 908 1838 1002 aliquod,
1855 911 1921 988 otti
1942 912 2000 989 vel
2018 911 2050 984 si
2069 913 2164 986 nulli
2190 939 2260 988 uu·
2336 907 2337 914 ’

224 1013 407 1108 nutuque
428 1011 498 1085 alia
519 1035 609 1106 quae
623 1009 669 1079 ad
686 1020 848 1100 naturam
864 1010 1143 1100 cognoscendam
1160 1008 1215 1078 fa-
1264 1029 1372 1100 quam
1399 1007 1567 1091 mortales
1590 1010 1956 1099 resciscantdantnm,
1985 1033 2119 1107 poem
2139 1016 2262 1088 daturi
2336 1071 2337 1074 ,

226 1101 626 1206 οἱυιιι’,ἐοωρ1εαιίιιιτ.
677 1108 883 1204 Requiretis
903 1111 1014 1202 igitur
1035 1135 1076 1180 ex
1093 1109 1214 1202 priore
1264 1107 1347 1182 sint.
1405 1105 1514 1180 Nulla
1541 1122 1614 1184 tam
1641 1109 1811 1186 immanis
1836 1113 1939 1190 natis
1965 1128 2038 1202 eet,
2068 1138 2159 1210 quse
2182 1141 2259 1190 non

225 1215 349 1291 libello
369 1239 511 1292 morum
536 1225 736 1312 praecepta,
762 1212 932 1307 quoniam
954 1211 1023 1284 nisi
1039 1213 1143 1286 certis
1159 1211 1214 1282 lea
1264 1209 1370 1285 tacita
1382 1210 1570 1298 maleficos,
1591 1211 1764 1295 crudeles,
1789 1215 2260 1312 lnpratosnderitscasper-

225 1318 329 1413 pibus
348 1331 384 1394 ct
405 1315 591 1391 sententiis
611 1313 738 1386 moniti
760 1327 796 1386 et
816 1313 1028 1400 adsuefacti,
1064 1309 1214 1387 honesta
1263 1323 1389 1396 netur,
1415 1313 1609 1407 probetque
1632 1337 1674 1386 es
1693 1335 1785 1409 oure
1808 1317 2011 1394 rociensem
2032 1318 2180 1394 interae
2197 1344 2260 1410 pe·

141 1421 174 1493 “,
224 1443 245 1489 a
270 1418 438 1510 turpibus
454 1419 653 1490 discernere
668 1415 922 1502 didicerimus‚¹
943 1430 978 1490 et
993 1415 1157 1507 amplecti
1174 1438 1215 1486 ea
1265 1414 1362 1484 ueris
1381 1408 1530 1488 humani
1545 1414 1765 1506 devinciunt.
1814 1415 2037 1496 Nemctltos
2053 1421 2117 1516 qui
2132 1416 2260 1516 hospi·

226 1545 317 1614 quae
337 1519 817 1615 decent,1sugerecoutraria
833 1541 1022 1606 cenerum,
1045 1531 1139 1611 recte
1154 1516 1214 1591 in·
1263 1529 1318 1592 tec
1340 1527 1513 1602 mactant,
1537 1517 1601 1610 qui
1620 1541 1723 1596 senes
1740 1533 1859 1611 utrm
1871 1521 2069 1605 tumidant,
2092 1522 2157 1616 qui
2173 1525 2258 1596 nul-

117 1695 120 1700 ,
225 1621 326 1695 stitui
355 1619 427 1696 vita
455 1646 532 1696 non
563 1633 688 1714 potest.
746 1617 1023 1708 Honestissima
1053 1641 1213 1714 quaeque
1264 1617 1334 1698 lam
1360 1617 1606 1708 coniugiorum
1632 1619 1736 1693 fidem
1762 1623 1903 1705 colunt,
1932 1623 1965 1696 si
1983 1627 2258 1711 admonetur,

225 1721 519 1818 gravissimaeque
543 1726 588 1795 de
611 1721 780 1796 omnibus
798 1721 1143 1808 tosfidisaennntine
1166 1721 1213 1794 oh
1265 1731 1390 1792 natura
1412 1719 1512 1790 lateri
1531 1720 1647 1810 cogit,
1675 1722 1824 1814 indigna
1843 1747 1882 1796 se
1901 1719 2110 1798 homiuibus
2128 1727 2257 1802 secem

225 1825 348 1898 oculos
372 1847 444 1900 esse
466 1824 601 1918 positae
616 1823 771 1908 debent,
804 1825 849 1896 ad
870 1847 957 1919 quas
979 1825 1101 1908 ornnes
1121 1823 1214 1894 vitae
1266 1818 1339 1892 lam
1364 1821 1402 1889 in
1425 1815 1482 1892 his
1503 1822 1566 1916 qui
1587 1822 1659 1894 sibi
1681 1823 1834 1898 alicuius
1854 1826 1983 1918 flagitii
2003 1826 2140 1902 aarum
2160 1841 2260 1917 sunt,
2337 1885 2338 1908 r

223 1927 484 2022 partes,.nelut
506 1927 550 1999 ad
565 1921 787 2021 Cynosuram
807 1949 949 2023 ourspnt
967 1947 1069 2007 suum
1086 1912 1214 1995 naut'm
1264 1922 1440 1994 cruciatus
1468 1936 1503 1994 ct
1523 1936 1676 2006 terrores
1696 1925 1786 1998 tanti
1807 1941 1963 2002 mutem
1985 1929 2184 2022 sufflant,
2214 1943 2260 2004 ut

225 2028 405 2120 dirigunt,
436 2051 690 2122 comparemus.
763 2025 834 2114 Sed
863 2027 1033 2122 quosdam
1063 2023 1213 2098 Hesiodi
1263 2025 1429 2116 adpareat
1454 2024 1615 2101 divinam
1644 2030 1824 2122 quandam
1854 2027 1929 2105 sim
1954 2052 2046 2118 osse,
2073 2034 2260 2128 qnoead-
2337 2047 2338 2104 ἶ

222 2142 406 2227 praecepta
421 2129 635 2224 quibusdam
651 2130 733 2205 ideo
750 2129 1103 2223 parumprobautur‚
1128 2127 1217 2224 quia·
1263 2126 1360 2197 missi
1384 2125 1529 2198 sceleris
1544 2129 1680 2220 pudere
1692 2143 1814 2222 copas,
1837 2147 1998 2226 qusque
2014 2131 2259 2226 impendentia

224 2231 367 2322 gentilis
384 2223 492 2307 horno
508 2231 649 2320 videtur
663 2231 779 2304 aliena
793 2244 826 2307 et
840 2231 1032 2322 pugnantia
1047 2257 1128 2304 oum
1146 2255 1214 2302 no-⁸
1262 2228 1432 2320 supplicii
1441 2241 1576 2303 metum
1590 2229 1751 2308 incutiat.
1801 2231 2016 2326 Suntipitur
2031 2233 2071 2306 in
2086 2229 2259 2310 humanis

224 2347 296 2404 stra
319 2333 491 2424 religione
511 2334 690 2420 docuisse,
723 2327 783 2404 hic
805 2357 904 2402 error
925 2333 1032 2422 vulgo
1056 2333 1211 2417 eximcp-
1262 2329 1392 2403 animia
1413 2343 1528 2409 certae
1548 2331 1595 2402 de
1613 2333 1780 2408 moribus
1796 2335 1908 2424 leges,
1933 2355 2026 2429 quae
2040 2349 2118 2412 traso
2131 2335 2258 2427 priva,-

224 2435 292 2506 dus
308 2447 370 2508 est
423 2433 637 2529 Quanquam
652 2448 770 2508 autem
782 2434 926 2524 longior
941 2447 992 2506 cst
1009 2434 1070 2504 illo
1086 2434 1211 2525 dispu·
1262 2443 1335 2502 tam
1350 2431 1461 2502 vitam
1476 2446 1623 2522 repunt,
1649 2447 1724 2507 tom
1740 2437 2009 2513 camsituerese
2023 2450 2143 2512 tenere
2157 2434 2256 2512 Res-

225 2536 328 2620 tatio,
360 2560 466 2632 quam
496 2551 537 2608 ut
565 2531 624 2608 hic
646 2536 813 2630 explicari
837 2547 909 2608 tota
933 2535 1060 2628 possit,
1092 2549 1211 2606 tamen
1263 2534 1348 2623 pub.
1371 2533 1502 2606 iudicis
1524 2557 1687 2608 exercere
1710 2549 1745 2608 et
1764 2538 1967 2614 mcictatm
1982 2533 2172 2612 hominu
2187 2542 2256 2612 de-

224 2637 380 2708 iudicavi
403 2659 529 2730 operae
549 2637 708 2730 precium
727 2661 784 2708 mc
798 2637 975 2713 factumn
990 2661 1081 2723 csse,
1103 2637 1134 2707 si
1149 2661 1210 2708 ex·
1262 2633 1413 2720 sendere¹
1429 2637 1639 2710 docuerunt.
1688 2633 1739 2716 Et
1758 2654 1800 2715 ut
1818 2640 1973 2716 fatemur
1991 2663 2060 2715 nos
2075 2640 2255 2720 divinitus

223 2763 391 2832 ponerem
420 2763 510 2832 quae
540 2740 593 2812 vis
620 2741 683 2824 sit,
714 2763 874 2833 quaeque
894 2739 1064 2810 autoritas
1086 2762 1216 2812 comm
1262 2736 1423 2809 conditos
1444 2761 1519 2814 esse
1542 2762 1584 2810 ae
1606 2741 1810 2832 propagari,
1832 2741 2069 2818 indeptae
2088 2763 2163 2822 tren
2188 2745 2257 2816 ds·

222 2839 507 2939 praeceptorum‚
532 2867 621 2936 quae
636 2855 711 2917 tum
726 2839 919 2928 Hesiodus,
944 2847 1024 2913 tum'
1034 2839 1094 2930 alii
1108 2840 1211 2912 multi
1241 2917 1242 2921 Ἴ
1262 2839 1402 2926 bemus,
1434 2840 1523 2932 quin
1551 2863 1571 2912 e
1595 2843 1695 2912 coelo
1722 2842 1762 2912 in
1783 2837 1877 2921 hene
1897 2843 2008 2920 ultam
2028 2823 2260 3020 rttzisrimus

223 2943 404 3039 sapientes¹
420 2957 454 3019 et
474 2943 570 3016 docti
591 2944 659 3019 viri
676 2966 756 3018 cum
774 2943 1123 3025 animadvertissent,
1144 2967 1211 3012 nu·
1244 2939 1340 3014 'ittae
1357 2941 1449 3015 vitae
1463 2939 1568 3032 leges,
1587 2956 1623 3014 et
1637 2942 1915 3034 illosignieulns,
1939 2943 2077 3040 quieto
2113 2947 2256 3022 endunt

222 3043 280 3116 bis
308 3068 328 3114 a
360 3059 485 3118 natura
518 3045 698 3138 proposita
724 3067 818 3130 esse,
857 3039 1075 3137 deprehensa
1103 3067 1216 3136 expo-·
1261 3036 1408 3114 horrula
1436 3054 1471 3114 et
1496 3045 1689 3119 admonent
1716 3065 1858 3137 semper
1882 3067 2046 3138 proeesse
2059 3069 2196 3122 maren
2216 3061 2258 3123 st

221 3159 388 3238 suerunt,
415 3161 448 3218 et
470 3148 511 3218 in
530 3147 651 3220 literas
672 3143 893 3232 retulerunt,
915 3157 956 3218 ut
971 3147 1210 3224 commonefa-
1261 3144 1456 3236 inspectare
1476 3145 1600 3217 omnia
1620 3140 1809 3220 homiuum
1830 3147 1981 3225 costulis
2000 3148 2164 3236 uictu,
2186 3151 2255 3220 de·

223 3260 342 3320 serent
362 3271 441 3332 eos,
472 3248 535 3343 qui
555 3262 701 3342 propter
721 3243 970 3340 infirmitatem!
983 3247 1209 3337 ingeniorum
1260 3269 1329 3340 que
1347 3246 1525 3322 sceleratis
1545 3247 1762 3340 supplicium
1783 3272 1923 3324 morere
1942 3249 2071 3322 solere.
2117 3247 2260 3326 Pauus

222 3363 284 3426 aul
309 3350 453 3436 aetatis,
485 3362 547 3422 aut
568 3351 675 3421 etiam
695 3348 949 3420 consuetudine
971 3349 1009 3420 in
1032 3363 1085 3420 tot
1106 3349 1209 3420 malis
1260 3347 1393 3420 alicubi
1412 3341 1618 3422 huiusmodi
1635 3349 1828 3428 molestias
1842 3351 2027 3426 seriutorn
2042 3348 2256 3444 Deiadpet-

222 3452 391 3548 exemplis
412 3451 615 3544 depravati,
639 3473 782 3524 cernere
803 3449 872 3544 ipsi
897 3453 1019 3522 eadem
1035 3474 1110 3522 non
1126 3475 1209 3542 pos÷
1259 3449 1329 3535 lat,
1352 3473 1434 3524 cum
1455 3449 1563 3524 stellet
1582 3451 1780 3544 siguificare
1800 3447 1866 3528 hss
1882 3449 2077 3547 opiniones
2095 3476 2172 3527 non
2187 3477 2251 3528 er·

221 3557 312 3628 sent.
361 3553 518 3626 Proinde
534 3553 584 3626 sie
596 3565 798 3642 statuemus,
823 3548 939 3624 nihilo
954 3551 1207 3624 minusdivina
1259 3573 1341 3624 rore
1361 3551 1514 3647 quodam
1534 3577 1555 3626 a
1573 3554 1768 3629 maioribus
1783 3577 1849 3646 per
1861 3577 1989 3634 manus
2003 3555 2254 3643 suammet,

220 3669 404 3747 praecepta
426 3679 500 3730 csse
521 3679 562 3726 ca
583 3679 673 3750 quae
694 3677 838 3726 ascuto
854 3656 1038 3731 communi
1055 3668 1089 3744 et
1104 3667 1208 3726 natu-
1260 3677 1327 3726 nec
1353 3667 1485 3730 temere
1511 3654 1568 3724 vel
1598 3653 1796 3747 obrepsisse
1823 3656 1946 3743 nohis,
1977 3655 2036 3728 sel
2059 3655 2099 3728 in
2119 3656 2253 3730 mimia

219 3781 280 3828 rae
300 3757 434 3831 iudicio
450 3757 601 3828 mutuati
617 3756 712 3830 ducti
727 3751 889 3829 homines
903 3757 1070 3847 gentiles,
1095 3751 1209 3828 literis
1259 3750 1422 3841 haerere,
1455 3755 1517 3826 sed
1545 3756 1635 3828 adeo
1658 3757 1839 3832 mentibus
1861 3755 1996 3832 uostris
2014 3757 2142 3830 inum
2161 3781 2253 3846 erse,

220 3861 454 3941 mandarunt,
481 3883 588 3953 quam
600 3881 692 3953 quae
705 3869 824 3928 extant
838 3857 878 3928 in
891 3857 977 3949 ipsis
987 3856 1098 3930 saxeis
1112 3855 1207 3928 Mosi
1259 3855 1327 3941 ita,
1350 3863 1391 3928 ut'
1414 3854 1494 3928 elici
1513 3869 1575 3928 aut
1595 3856 1674 3930 erui
1696 3857 1797 3935 nullo
1819 3859 1856 3932 vt
1875 3856 2024 3952 moini·
2073 3855 2253 3951 Essem

219 3961 365 4037 tabulis.
412 3953 478 4034 Est
492 3961 587 4032 enim
601 3960 641 4030 in
658 3959 816 4030 confesso
830 3953 1006 4030 humanae
1022 3957 1133 4030 menti
1149 3959 1208 4030 di·
1259 3958 1417 4051 expendo
1432 3957 1657 4031 autoritatem
1671 3953 1800 4032 harum
1813 3960 1945 4052 lepram,
1965 3973 2003 4036 et
2017 3960 2251 4034 rnimsdstr-

203 4061 355 4134 ¹trinitus
377 4059 570 4152 insculptas
591 4085 664 4152 csse
680 4062 849 4158 quasdam
866 4059 959 4151 leges
974 4060 1018 4132 de
1035 4059 1208 4148 moribus,
1258 4071 1317 4146 to,
1342 4084 1449 4154 quam
1471 4059 1634 4152 religiose
1653 4061 1727 4135 ooli
1745 4083 1804 4138 ess
1823 4061 1928 4136 Deos
1948 4063 2122 4155 postulet,
2145 4085 2250 4136 osm-

220 4163 341 4258 quales
359 4177 461 4254 suist:
487 4163 673 4250 Neminem
695 4164 906 4249 laedendum
923 4187 1013 4252 csse3
1038 4161 1208 4253 colendos
1258 4185 1405 4236 moveor
1420 4163 1595 4256 prolecto,
1624 4177 1660 4236 ct
1673 4185 1796 4239 mrum
1812 4163 2047 4258 scriptoribus
2059 4163 2172 4255 mgis
2187 4188 2254 4238 ra-

220 4288 293 4337 esse
321 4279 500 4360 parentem
533 4267 624 4336 bene
653 4265 872 4336 merentibus
902 4260 1102 4339 habendam
1134 4289 1208 4339 esse
1257 4262 1357 4355 plor3
1386 4263 1657 4356 agnoscoeuiro
1679 4289 1755 4338 non
1776 4266 1855 4340 sins
1877 4280 2016 4350 mente,
2040 4277 2083 4340 ut
2102 4263 2253 4354 illesis,

218 4367 383 4458 gratiam3
411 4366 676 4456 Megistratibus
690 4365 887 4459 parendum
900 4391 989 4454 csse3
1015 4367 1207 4440 elendoset
1258 4366 1335 4436 siue
1356 4365 1505 4440 numine
1526 4367 1673 4454 divom,
1700 4361 1787 4443 hsce
1807 4368 1856 4440 als
1879 4367 1952 4442 ittia
1972 4368 2080 4442 nobis
2099 4367 2252 4440 viandi

219 4467 460 4540 defendendos
489 4491 563 4539 esse
590 4492 652 4540 eos
679 4469 742 4563 qui
764 4481 904 4540 nostrae
926 4468 1009 4544 fidei
1029 4465 1207 4547 commissi
1258 4483 1441 4560 praecepta
1464 4468 1595 4542 tradita
1616 4491 1702 4547 esse.
1766 4468 1890 4560 Quare
1909 4493 1985 4544 uon
2007 4469 2094 4544 satis
2112 4467 2256 4544 intelli-

218 4567 320 4658 anan
351 4582 452 4664 pacta
477 4572 651 4644 servanda
674 4593 760 4644 esse.
824 4567 898 4640 Has
921 4593 1004 4642 cum
1026 4570 1105 4643 seni
1125 4570 1207 4662 qui·
1257 4583 1354 4659 psat.
1369 4565 1497 4642 horum
1520 4570 1734 4662 scriptorum
1750 4571 1918 4659 consilia,
1938 4571 2003 4668 qui
2019 4595 2096 4644 ooo
2108 4572 2253 4666 perspi·

219 4673 302 4744 dam
329 4667 493 4745 homines
517 4668 753 4767 deprehensas
776 4673 999 4746 ostenderint
1020 4671 1205 4766 imperitis,
1256 4671 1357 4746 ciunt
1379 4673 1478 4742 unde
1498 4683 1552 4744 tot
1569 4665 1940 4767 homstaptaeeepta,
1962 4685 2253 4766 totprsoesseo·

218 4773 305 4874 quid
327 4787 379 4848 est
400 4798 464 4846 cur
478 4798 554 4847 non
568 4789 604 4848 et
617 4796 782 4853 vocemus
796 4773 937 4859 divinas
951 4775 1064 4866 leges,
1091 4785 1127 4848 et
1142 4798 1205 4865 pa·
1256 4773 1390 4851 tentiae
1409 4773 1601 4854 insuerint.
1652 4771 1706 4856 De
1727 4771 2266 4867 sclipioue'aliterdooeutuos.

219 4899 359 4948 reamur
388 4875 439 4947 eis
470 4889 639 4972 tanquam
667 4876 811 4957 divinae
838 4875 940 4951 rosi?
989 4875 1114 4971 Neque
1143 4875 1222 4962 ille3
1255 4871 1478 4951 Christianae
1506 4875 1651 4958 luceae,
1678 4875 1744 4948 sed
1766 4877 1817 4948 de
1839 4866 1957 4953 civilis
1980 4877 2076 4954 vitos
2097 4898 2252 4952 mosuo-

217 4976 293 5069 ipse
318 4977 478 5050 coelestis
500 4975 781 5070 Pateaplurisa
803 4975 908 5064 nobis
931 4979 1017 5066 lieri,
1031 5004 1090 5068 eas
1112 4977 1207 5068 leges
1256 4977 1399 5064 tudine,
1438 4977 1691 5053 commonibus
1718 4991 1866 5052 nomae
1896 4980 2092 5072 prseoeptis
2123 5001 2251 5073 parere

217 5069 340 5152 voluit
356 5104 443 5176 quas
465 5079 503 5150 in
525 5103 608 5160 saxo
632 5079 790 5174 scripsit,
814 5104 923 5173 quam
942 5104 1030 5174 quas
1051 5081 1090 5159 in
1109 5079 1205 5172 ipsos
1254 5075 1643 5167 oosChristusvoluit3
1669 5101 1884 5175 neqnevero
1897 5075 1994 5159 nihil
2007 5074 2252 5156 sdffiristia·

73 5169 77 5186 '
217 5179 418 5255 annuorum
443 5195 791 5266 nostrorumseusus
814 5181 1057 5272 impresserat,
1097 5205 1205 5278 quas-
1252 5203 1343 5255 nuru
1366 5179 1520 5275 pertinet
1541 5180 1659 5255 civilis
1675 5181 1767 5257 vilse
1783 5183 2017 5259 consuetedo·
2063 5180 2253 5258 mnsam

217 5305 303 5376 que,
335 5295 375 5354 ut
395 5281 527 5356 Paulus
554 5283 623 5372 ait,
651 5284 691 5358 io
715 5282 883 5358 cordibus
905 5278 1096 5361 hominum
1114 5282 1218 5376 sori-¹
1251 5281 1362 5373 initur
1384 5281 1714 5376 praetermittenda,
1737 5283 1770 5357 si
1788 5307 1860 5380 qus
1881 5283 1979 5361 docti
2001 5297 2038 5358 et
2058 5283 2164 5378 periti
2178 5279 2251 5356 ho-

215 5397 352 5476 pserat,
374 5383 420 5456 dc
433 5386 562 5481 quibos
576 5386 627 5461 sic
640 5386 924 5462 interseomnes
938 5383 1102 5472 homines
1115 5407 1203 5466 eon·
1249 5383 1369 5488 mines
1392 5407 1434 5461 ca
1453 5385 1500 5458 de
1521 5407 1561 5458 re
1578 5399 1810 5466 monuerant
1857 5383 2004 5460 Nullius
2019 5399 2141 5460 autern
2155 5381 2250 5460 Phi·
