4616 5816
221 277 297 355 aaa
719 237 725 246 ’
808 255 967 334 nucu.
1006 252 1081 330 uu
1115 251 1396 349 Quanam
1430 251 1663 332 aaran:
2177 259 2245 338 m

222 446 349 524 Lazari
380 454 479 515 erant
502 433 683 530 Apostoli,
716 455 805 528 quos
835 445 910 502 toto
931 433 1017 502 orbe
1039 445 1213 506 terrarum
1267 429 1378 501 deleri
1393 427 1510 500 studia
1525 427 1708 500 doctrinas
1722 423 1976 518 Christianae,
1992 453 2035 502 ae
2048 431 2195 504 ιὶίιτωιι
2208 433 2248 506 li.

224 575 349 628 omnes
374 557 531 639 potentes
554 543 725 631 tanquam
746 529 978 632 καθάρματα
1002 535 1214 604 execraban-
1268 527 1434 604 terarum.
1496 528 1580 601 Non
1604 553 1779 623 compono
1799 547 1974 628 satyram,
2006 557 2081 606 non
2105 559 2249 606 comma.

225 674 298 731 tur.
349 645 601 738 Quaerendum
623 641 734 730 igitur
758 653 792 710 et
814 634 881 708 hoc
902 651 1059 728 tempore
1081 635 1214 728 quire·
1267 635 1415 706 moraho
1437 655 1561 704 eorum
1581 633 1734 724 flagitia,
1759 659 1849 728 quae
1865 639 2064 708 verecunde
2082 637 2250 708 nominari

224 752 545 832 lerantLaaarnm,
571 745 633 838 qui
657 743 842 812 imitentur
864 739 1023 810 divitem.
1075 737 1116 809 Si
1135 759 1217 806 vere
1268 761 1341 808 non
1359 748 1522 828 possuut;
1547 759 1631 806 nam
1646 737 1807 808 modesta
1821 739 1963 828 ingenia
1979 763 2055 810 non
2068 740 2250 810 aurumi„

226 861 293 933 hoe
310 869 342 925 et
359 849 566 942 simpliciter
580 846 771 915 dicendum
784 855 850 912 est:
877 839 950 910 Nos
964 840 1089 936 inopes
1104 835 1218 910 Scho-
1268 839 1449 928 moribus,
1469 839 1531 908 sed
1550 839 1656 908 etiam
1678 840 1718 910 in
1736 855 1898 912 sermone
1912 843 2186 912 obscoenitatem
2201 823 2250 912 iu·

224 951 358 1041 lastici,
389 954 518 1024 deinde
542 971 666 1020 omnes
688 945 912 1026 Sacerdotes,
946 943 1008 1035 qui
1032 943 1137 1032 vulgo
1160 941 1218 1008 in·
1268 963 1349 1032 gere
1363 941 1472 1012 decet.
1505 935 1607 1010 Nihil
1622 941 1737 1012 dicam
1754 944 1799 1014 de
1814 943 2251 1040 coenis'l'yberianisqno·

224 1064 293 1136 visi
323 1084 363 1128 ac
389 1055 516 1149 spreti,
551 1075 630 1122 cum
661 1049 739 1118 aliis
765 1045 944 1116 aerumnis
971 1045 1218 1127 conficiuntur,
1269 1043 1443 1128 rundam,
1471 1042 1534 1136 qui
1556 1044 1671 1114 nudas
1694 1046 1830 1136 puellas
1850 1045 1976 1118 saltare
1998 1048 2045 1118 ad
2067 1046 2188 1138 epulas
2202 1047 2251 1115 iu-

224 1187 300 1243 tum
317 1185 401 1230 vero
419 1182 498 1228 cum
515 1153 686 1224 uxoribus
703 1164 738 1222 et
754 1149 874 1241 parvis
888 1147 1011 1216 liberis
1025 1149 1116 1216 larue
1132 1168 1218 1214 con·
1269 1147 1366 1216 beot.
1423 1141 1542 1216 Multa
1566 1145 1768 1238 prodigiosa
1791 1162 1984 1238 praetereo,
2041 1146 2098 1218 Ac
2118 1171 2163 1216 ne
2185 1147 2251 1218 fiai

223 1271 429 1346 tabescunt,
460 1257 586 1328 Lazari
607 1268 702 1324 sunt.
767 1249 906 1320 Horum
930 1265 1068 1320 coetum
1090 1247 1219 1316 animis
1270 1248 1414 1342 quidem
1436 1259 1568 1336 potest,
1600 1248 1689 1340 quin
1713 1249 1849 1330 ocium,
1882 1251 2086 1342 opulentia,
2112 1249 2251 1334 inscitia,

226 1389 333 1468 atque
365 1363 475 1434 oculis
507 1359 713 1450 proponite:
757 1353 848 1436 Nos,
889 1352 1055 1444 inquam,
1094 1350 1218 1440 inopes
1271 1362 1492 1440 contemptus
1505 1349 1701 1439 religionis,
1727 1349 1869 1443 pariant
1881 1353 1998 1421 omnis
2010 1352 2152 1442 generis
2166 1351 2251 1420 vitia,

226 1468 481 1548 Scholasticoa,
504 1477 538 1531 et
561 1460 641 1528 illos
662 1459 808 1526 miseros
823 1455 1030 1526 Sacerdotes
1048 1477 1128 1522 cum
1146 1450 1219 1520 suis
1272 1449 1428 1522 Maxima
1452 1473 1534 1541 pars
1555 1465 1693 1524 tantum
1716 1453 1818 1542 gulae
1839 1468 1874 1524 et
1894 1455 2082 1524 obscoenis
2100 1453 2250 1543 volupta-

225 1573 382 1646 lamiliis.
443 1564 535 1654 Quis
559 1575 703 1631 esttam
730 1561 843 1628 ferreo
866 1571 1026 1648 pectore,
1059 1553 1220 1647 quisine
1271 1553 1367 1624 tibus
1396 1553 1513 1622 dedita
1542 1565 1610 1624 est:
1640 1553 1704 1624 alii
1725 1555 1835 1644 magis
1855 1557 2009 1642 strenui,
2041 1567 2079 1626 et
2103 1553 2251 1644 occupati

226 1669 417 1768 lachrymis
432 1665 529 1738 hunc
547 1678 685 1734 coetum
700 1661 874 1752 aspicere,
899 1671 961 1726 aut
976 1657 1126 1746 cogitare
1141 1655 1221 1724 ani·
1272 1653 1427 1744 negociis
1447 1655 1617 1745 politicis,
1649 1670 1711 1726 aut
1731 1657 1986 1743 oeconomicis,
2016 1659 2121 1729 alunt
2143 1678 2250 1748 equos,

226 1805 287 1851 mo
312 1785 445 1866 potest,
471 1793 552 1838 cum
578 1765 723 1858 quidem
747 1761 838 1831 nulli
862 1760 900 1828 in
920 1760 991 1828 vita
1009 1781 1138 1828 munus
1157 1758 1221 1826 ad·
1272 1769 1408 1826 certant
1422 1770 1565 1848 sumptu
1578 1771 1612 1828 et
1627 1759 1814 1848 splendore
1829 1783 1908 1828 cum
1923 1760 2090 1850 satrapis:
2119 1759 2250 1852 quidam

226 1881 433 1952 ministrent
453 1868 689 1964 praestantius
710 1888 749 1934 ac
772 1861 981 1934 coelestius?
1007 1861 1107 1930 nulla
1124 1859 1220 1928 mili·
1272 1859 1377 1930 etiam
1401 1881 1476 1927 non
1499 1853 1693 1930 abhorrent
1715 1885 1735 1930 a
1758 1860 1886 1946 literis,
1927 1884 2001 1931 non
2021 1875 2064 1931 nr
2086 1858 2251 1930 Ecclesiae

227 1987 279 2055 tia
292 1981 367 2050 Deo
384 1975 535 2067 gratior,
560 1993 600 2040 ae
613 1965 916 2053 Ecclesiae.magis
933 1961 1126 2032 necessaria
1143 1959 1221 2030 est?
1273 1960 1446 2044 serviant,
1471 1962 1531 2028 sed
1552 1973 1593 2032 ut
1611 1962 1748 2032 aditum
1770 1955 1922 2032 habeant
1936 1965 1981 2032 ad
1998 1963 2203 2052 dignitatem
2218 1959 2249 2028 in

227 2083 384 2157 Econtra
406 2078 601 2148 imitatores
622 2071 721 2140 illius
737 2065 919 2159 opulenti,
943 2066 1005 2156 qui
1022 2077 1104 2133 suut
1121 2087 1220 2152 prae·
1273 2063 1383 2148 aulis,
1408 2062 1502 2132 inter
1521 2085 1699 2153 proceres:
1725 2064 1894 2134 nonnulli
1915 2065 2154 2134 eruditionem
2177 2085 2251 2131 con-

228 2185 356 2278 cipue?
406 2177 612 2258 Pontifices,
644 2169 832 2262 Episcopi,
862 2164 1055 2246 Canonici,
1089 2163 1221 2235 Mona-
1272 2165 1392 2234 ierunt
1413 2164 1457 2234 ad
1478 2165 1670 2256 perniciem
1691 2161 1881 2238 Ecclesiae.
1935 2163 2043 2236 Certe
2063 2165 2124 2234 isti
2143 2162 2250 2254 generi

229 2286 310 2368 chi,
351 2298 385 2354 et
412 2278 544 2352 horum
576 2275 743 2346 satellites
764 2271 919 2365 tyranni.
988 2266 1065 2336 Hoc
1096 2289 1221 2356 agmen
1274 2261 1460 2336 hominum
1489 2290 1530 2336 ac
1559 2267 1696 2352 ordini,
1730 2291 1805 2336 non
1825 2281 1876 2339 est
1899 2267 2249 2338 euraeministerium

229 2405 344 2463 totum
377 2383 506 2455 animis
527 2375 737 2459 intuemini,
773 2387 808 2444 et
830 2373 977 2460 cogitate
999 2371 1043 2438 ab
1064 2363 1222 2438 Ecclesia
1272 2365 1479 2455 Evangelii,
1511 2391 1577 2438 nec
1607 2381 1763 2459 pastores
1792 2383 1968 2462 quaenant
1995 2371 2165 2452 idoneos,
2194 2387 2249 2434 nec

229 2495 391 2582 ingentes
406 2511 445 2555 ac
460 2484 571 2573 regias
586 2473 864 2572 opesEpiscopis
879 2488 914 2544 et
925 2471 1082 2561 collegiis
1099 2493 1220 2538 eorum
1273 2470 1447 2540 discentes
1470 2469 1658 2551 adiuvant,
1691 2493 1756 2539 nee
1777 2473 1823 2540 ad
1845 2466 1941 2540 hunc
1961 2495 2067 2540 usum
2089 2468 2201 2540 decidi
2222 2478 2250 2534 et

198 2591 494 2668 ,certamendatas
515 2605 607 2660 esse,
648 2579 778 2672 quibus
800 2575 920 2644 alendi
943 2587 1044 2642 crant
1067 2587 1222 2663 pastores
1273 2571 1396 2641 abradi
1417 2569 1553 2664 aliquid
1577 2573 1621 2641 de
1641 2572 1714 2642 suis
1732 2573 1958 2642 facultatibus
1972 2573 2172 2664 patiuntur:
2196 2571 2250 2636 dc·
2296 2593 2297 2638 t

230 2697 283 2789 pii
316 2717 356 2762 ac
387 2683 616 2766 scholastici,
654 2702 744 2772 quae
780 2677 825 2745 ad
863 2675 942 2766 piae
977 2675 1158 2744 doctrinae
1187 2686 1223 2744 et
1273 2673 1383 2766 nique
1405 2673 1656 2764 conspirarunt
1677 2673 1721 2744 ad
1739 2673 1924 2744 delendam
1941 2675 2141 2744 doctrinam
2155 2667 2249 2742 Chri·
2296 2639 2297 2696 1

231 2819 353 2868 earum
380 2791 532 2871 artium,
574 2805 663 2876 quae
684 2777 862 2850 Ecclesiae
891 2790 974 2846 sunt
1002 2789 1223 2858 ornamento,
1273 2775 1437 2859 stiauam,
1463 2772 1809 2864 accenduutRegum
1825 2777 2084 2859 crudelitatem,
2111 2784 2249 2864 acposp.

232 2893 536 2972 conservationem
551 2883 782 2956 conserendae
797 2893 907 2950 erant.
956 2877 1021 2948 His
1035 2879 1089 2948 illi
1103 2877 1222 2968 ignavi
1275 2901 1314 2946 ea
1337 2900 1373 2946 se
1394 2877 1580 2948 nominant
1596 2873 1774 2946 Ecclesiae
1792 2879 2060 2967 gubernatores:
2087 2878 2158 2944 imo
2175 2895 2249 2942 con-

231 3013 391 3079 ventres,
431 2985 684 3076 Sardanapali,
722 2981 919 3074 particidae
948 2981 1152 3050 suavissime
1183 2979 1222 3046 in
1274 2991 1341 3048 stat
1361 3001 1484 3046 ornnes
1507 2979 1557 3048 sic
1578 2979 1840 3064 adisctnsesse,
1867 2979 2249 3069 potinsutrnalintno.

231 3101 310 3169 ocio
327 3111 360 3166 et
376 3091 633 3184 tranquillitate
647 3087 827 3156 fruuntur.
880 3081 1223 3152 Acnonmodonos
1273 3105 1356 3150 meu
1378 3073 1621 3156 Christianum
1647 3079 1809 3152 funditus
1831 3081 1962 3164 deleri,
1996 3104 2104 3174 quam
2127 3075 2249 3168 aliquid
2295 3137 2296 3158 ,

234 3199 446 3270 defraudant
461 3193 523 3262 illo
539 3211 705 3270 munere,
728 3185 824 3278 quod
840 3179 1109 3252 nobisEcclesia
1122 3184 1223 3252 attri-
1275 3185 1318 3251 de
1336 3181 1525 3275 tyrannide
1540 3183 1727 3252 remittere.
1776 3179 1823 3252 Et
1839 3183 1957 3252 literas
1972 3205 2096 3251 omnes
2112 3183 2250 3250 oderunt
2295 3167 2296 3232 ἶ

234 3303 334 3384 huit,
359 3299 420 3366 sed
441 3296 546 3364 etiarn
570 3287 756 3385 tyrannico
778 3287 872 3356 fastu
891 3309 958 3354 uos
979 3297 1223 3368 contemnunt,
1275 3279 1367 3352 hauc
1384 3305 1493 3351 uuam
1517 3285 1563 3352 ob
1584 3306 1741 3368 causam,
1767 3287 1860 3376 quod
1877 3286 2104 3374 suspicantur
2119 3278 2249 3350 literatis
2295 3333 2296 3356 ,

234 3421 269 3475 et
290 3423 427 3472 summa
450 3395 524 3466 odii
545 3392 732 3463 acerbitate
748 3390 916 3458 adversus
933 3409 999 3456 nos
1014 3386 1223 3455 inflammati
1274 3384 1499 3480 tyrannidem
1517 3385 1712 3474 displicere.
1765 3383 1878 3473 Quam
1898 3387 2028 3454 multae
2046 3397 2132 3454 sunt
2148 3393 2249 3450 autern
2295 3367 2296 3439 i

235 3519 337 3584 suut,
363 3500 541 3572 trucidare
561 3520 601 3565 ac
625 3493 741 3562 delere
758 3513 823 3560 nos
839 3503 1024 3562 conantur.
1077 3483 1222 3556 Annon
1275 3489 1315 3556 in
1335 3479 1524 3577 Prophetis
1551 3487 1738 3570 conciones
1768 3488 1975 3570 acerrimae,
2008 3511 2100 3579 quae
2125 3479 2249 3575 proprie

234 3617 402 3698 superant
426 3601 529 3671 etiam
551 3599 651 3666 illum
677 3593 839 3677 divitem,
865 3591 928 3684 qui
951 3605 1069 3660 tamen
1091 3587 1223 3658 Lazaro
1274 3589 1344 3660 tale
1365 3589 1458 3656 vitae
1480 3610 1590 3677 genus
1611 3589 1822 3678 vituperant.
1874 3585 2091 3658 Meministis
2114 3585 2249 3661 Esaiam,

233 3709 330 3790 lucis,
345 3725 489 3775 usuram
515 3723 589 3768 nou
614 3696 803 3784 eripiebat,
831 3694 894 3785 qui
919 3694 1034 3760 locum
1052 3693 1098 3760 ad
1119 3691 1225 3760 vesti·
1275 3689 1337 3784 qui
1359 3689 1495 3782 inquit:
1521 3693 1594 3758 Vae
1616 3690 1718 3758 vobis
1744 3691 1807 3784 qui
1824 3713 1928 3758 mane
1943 3693 1987 3759 ad
2005 3689 2166 3758 convivia
2181 3705 2247 3752 sur.

233 3811 360 3882 hulum
382 3804 608 3876 concedebat.
657 3796 796 3868 Deinde
813 3795 912 3863 dives
929 3817 992 3862 suo
1009 3793 1223 3882 patrimonio
1275 3791 1375 3879 gitis,
1401 3815 1466 3858 nec
1488 3814 1577 3882 opus
1601 3791 1764 3860 divinum
1785 3791 1969 3880 respicitis.
2018 3787 2065 3862 Et
2083 3783 2246 3860 Ezechiel:

233 3912 432 3982 fruebatur:
460 3901 640 3996 Episcopi,
665 3895 838 3969 Canonici
857 3909 890 3966 et
901 3889 1082 3979 Monachi,
1109 3893 1224 3962 aliena
1276 3890 1367 3962 Ecce
1380 3887 1466 3961 haec
1481 3892 1548 3962 suit
1562 3893 1731 3986 iniquitas
1741 3891 1915 3964 Sodomae
1929 3893 2061 3962 sororis
2077 3907 2173 3968 tuae,
2197 3907 2246 3954 su·
2294 3937 2295 3946 ,

233 4015 491 4093 intervertunt,
518 4027 627 4098 eaque
652 3999 853 4090 turpissime
873 4021 936 4088 per
950 3997 1071 4066 luxum
1091 4007 1124 4064 et
1142 3995 1224 4064 libi·
1277 3993 1416 4086 perhia,
1438 3995 1605 4064 saturitas
1623 3996 1742 4086 panis,
1766 3995 1904 4078 ocium,
1930 4010 1964 4064 et
1986 4019 2130 4066 manum
2148 3983 2247 4079 egenti

234 4117 335 4186 dines
372 4111 545 4202 dissipant
579 4130 619 4176 ac
658 4101 899 4195 profundunt,
946 4121 1019 4166 non
1056 4121 1155 4166 secus
1185 4121 1225 4166 ac
1276 4119 1350 4164 non
1363 4097 1596 4185 porrigebant.
1650 4093 1798 4165 Nullum
1815 4111 1933 4168 autent
1948 4092 2055 4166 hodie
2071 4117 2177 4186 genus
2192 4086 2246 4158 ho·

233 4215 355 4308 spousi
384 4212 578 4301 Penelopes
601 4205 737 4300 Ulyssis
767 4201 950 4272 facultates
975 4201 1225 4270 dilacerabant.
1277 4198 1413 4266 minum
1436 4197 1582 4268 duriore
1599 4199 1741 4268 fortuna
1758 4197 1998 4282 conflictatur,
2023 4223 2128 4291 quam
2147 4203 2245 4286 pasto·

233 4319 306 4390 Nec
346 4339 409 4404 ego
446 4337 542 4382 nunc
582 4311 626 4378 de
653 4306 873 4396 singulorum
905 4303 1065 4370 moribus
1097 4303 1225 4374 dicam.
1277 4323 1332 4368 res
1355 4295 1592 4370 Ecclesiarum
1624 4314 1658 4369 et
1681 4296 1882 4369 scholastici
1904 4315 2060 4368 amantes
2082 4295 2245 4368 doctrinae

234 4419 328 4493 Sunt
343 4411 642 4486 interCanonicos
658 4407 769 4500 aliqui
786 4404 951 4474 modestis
962 4403 1113 4491 ingeniis
1125 4425 1225 4492 prae-
1276 4395 1508 4472 Christianae.
1560 4399 1698 4472 Similis
1717 4402 1839 4472 concio
1862 4415 1912 4472 est
1927 4405 2020 4491 apud
2039 4395 2245 4472 Zachariam:

234 4523 320 4604 diti,
356 4521 416 4588 sed
438 4541 546 4606 genus
567 4514 657 4582 vitae
680 4502 911 4597 reprehendo.
977 4503 1225 4593 Prodigiorum
1276 4499 1367 4572 Ecce
1390 4515 1508 4592 pastor
1533 4504 1619 4588 erit,
1652 4505 1714 4595 qui
1736 4506 1872 4574 deseret
1894 4527 2054 4593 gregem,
2085 4517 2119 4572 et
2142 4511 2244 4570 earnes

236 4639 287 4694 est
303 4625 341 4695 iu
357 4618 511 4690 Ecclesia
529 4637 603 4686 esse
619 4611 801 4693 sodalitia,
829 4607 933 4696 regiis
950 4607 1079 4696 opibus
1096 4607 1225 4674 donata
1278 4603 1465 4696 pinguium
1492 4609 1661 4676 comedet.
1719 4601 1897 4696 Opastor
1919 4619 1954 4676 et
1977 4605 2127 4676 idolum.
2187 4591 2244 4666 Sed

234 4731 279 4797 ad
302 4720 387 4807 hoc,
414 4735 454 4791 ut
476 4720 527 4788 ihi
553 4713 713 4784 homines
733 4710 843 4780 ociosi
863 4711 1078 4797 saginentur.
1130 4704 1226 4774 Haec
1278 4701 1339 4774 ha's
1362 4700 1583 4795 propheticas
1604 4720 1638 4776 et
1662 4707 1828 4777 coelestes
1849 4707 2140 4777 comminationes
2161 4719 2245 4770 secu·

190 4915 192 4922 Ι
234 4825 400 4899 sodalitia
425 4819 561 4892 etiamsi
585 4829 736 4884 veterem
759 4811 983 4902 disciplinam
1011 4821 1227 4891 revocarent,
1278 4807 1414 4888 rissime
1435 4808 1598 4877 derident
1619 4808 1673 4876 illi
1694 4809 1880 4889 Sibaritae,
1941 4807 2075 4880 Verum
2096 4797 2243 4876 estenim

215 4943 351 5003 'tamen
367 4923 525 4998 Ecclesia
552 4920 702 4990 tolerare
725 4937 799 4984 non
823 4915 938 4998 decet:
965 4935 1040 4979 nou
1064 4909 1159 4980 enim
1183 4912 1227 4978 de
1278 4911 1374 5001 quod
1397 4905 1484 4979 Cato
1511 4911 1664 4979 dicebat:
1694 4909 1832 4981 Venter
1855 4923 1948 4982 caret
1968 4911 2124 4980 auribus,
2185 4897 2244 4970 Nec

234 5033 395 5102 moribus
425 5025 614 5119 praecipua
642 5033 694 5090 est
722 5015 879 5111 querela.
941 5013 1036 5082 lllud
1066 5010 1227 5103 queritur
1280 5023 1396 5079 tamen
1421 5012 1555 5081 interea
1580 5035 1725 5103 prorsus
1745 5013 1904 5103 extingui
1927 5013 2109 5083 coelestem
2130 4997 2243 5078 doctri·

235 5131 388 5202 Lazarus
415 5142 528 5199 totum
563 5123 653 5192 illud
684 5119 777 5190 vitae
799 5137 920 5206 ‘genus
949 5113 1227 5184 contaminatum
1279 5107 1530 5192 uamChristus
1545 5113 1693 5203 patitur,
1721 5117 1781 5184 sed
1795 5110 1901 5186 habet
1917 5115 1993 5207 ipse
2005 5134 2142 5208 quoque
2157 5119 2242 5176 suum

234 5257 307 5304 esse
329 5231 513 5312 idolatria,
540 5249 579 5296 ac
602 5235 747 5316 propter
766 5215 858 5288 hauc
873 5217 1004 5306 negligi
1022 5217 1100 5307 pios
1114 5208 1228 5284 Scho-
1279 5227 1418 5284 coetum
1440 5238 1656 5306 pauperum,
1682 5217 1744 5309 qui
1760 5213 1996 5307 Evangelium
2019 5229 2054 5288 et
2076 5210 2243 5285 discuntet

223 5334 393 5430 lasticos,
417 5355 456 5399 ac
480 5343 634 5419 pastores
649 5321 906 5398 Ecclesiarum,
932 5317 1139 5408 debitasque
1157 5315 1229 5382 illis
1278 5337 1471 5406 propagare
1492 5317 1644 5388 student.
1708 5319 1890 5390 Adversus
1914 5315 1980 5389 hos
2002 5315 2136 5390 etiamsi
2156 5322 2242 5380 omne

233 5434 411 5503 mercedes
440 5431 480 5500 in
508 5430 583 5500 istis
614 5421 831 5518 sumptuosis
859 5419 1033 5492 sodalitiis
1054 5417 1229 5498 devorari,
1280 5439 1390 5507 genus
1410 5417 1627 5492 crudelitatis
1647 5435 1807 5496 exercent
1828 5422 1957 5494 divites
1972 5422 2046 5508 itti,
2069 5413 2243 5514 quitencnt
