4718 5828
110 216 161 294 tt
542 271 547 282 .
621 195 794 280 REGE.
826 197 904 278 DE
926 197 1197 276 ARTlBUS'
1221 191 1637 272 athanantous.
2108 187 2156 274 tt

108 383 301 476 spirantes.
343 371 743 460 Reontibushaotanos,
763 397 854 468 quae
869 397 1000 464 organa
1015 386 1109 458 ιιιιιι,
1162 372 1258 444 estis.
1306 367 1498 460 Eleganter
1519 369 1687 440 admonet
1707 366 1848 456 dialogo
1867 363 2067 446 Lucienus,
2088 362 2155 458 qui

109 499 147 556 ct
166 484 269 580 quasi
285 483 460 576 quaedam
477 477 665 570 praeludia
679 475 938 571 magnaeillius
953 475 1108 565 Diisge·
1159 475 1287 544 fbrctm
1313 473 1367 542 illi
1389 463 1620 542 abhorrentes
1643 493 1663 540 a
1686 469 1817 540 virtute
1844 467 2047 562 Musisque:
2073 479 2156 536 eum

109 589 210 660 rutae
231 584 442 678 sapientiae,
468 583 600 676 quibus
619 580 812 652 imtruotae
827 593 970 656 ,mantes
992 574 1109 648 homi·
1160 565 1608 671 quandoCasparCurrar,
1631 571 2156 646 honorum-studioromaman·

110 715 215 772 num,
239 686 308 758 Ilei
324 709 460 756 numen
474 684 583 754 coelis
593 683 786 752 demissum
798 682 1108 774 exciperaqueant·
1160 679 1318 748 tissimus
1346 677 1503 760 iuvenis,
1537 673 1707 746 Latimrm
1729 667 1959 758 fecit,'haud
1983 669 2157 761 gravatim

109 790 186 862 Ner.
210 791 263 860 fas
286 803 376 880 puto
396 789 440 860 de
461 787 522 856 ilfa
546 785 650 875 plura
671 784 926 864 commentari,
959 783 1109 876 quisquc
1160 779 1322 853 referam.
1384 778 1542 848 Iucunda
1571 792 1621 850 est
1640 775 1772 848 tabula.
1800 829 1802 837 ,
1833 775 1893 846 Sic
1914 774 2009 842 enim
2034 771 2156 842 Venus

109 917 233 964 secum
262 893 379 962 bonus
401 889 458 956 vir
479 887 582 958 anxie
604 886 752 976 cogitet,
784 909 874 978 quae
898 885 953 954 illi
975 877 1109 983 yvqoo'q
1160 895 1285 955 natum
1312 881 1515 974 compellat:
1550 877 1648 968 Quid
1670 905 1691 948 ο
1717 875 1859 971 Cupido
1884 891 2038 948 caeteros
2061 872 2157 946 Deos

1 1001 3 1008 ’
112 987 340 1086 οὐλύμιιοιο,
368 1005 408 1062 ιιι
430 983 672 1060 Callimachus
692 987 758 1060 ait:
785 985 865 1078 lpsa
887 1001 940 1058 est
960 1009 1050 1080 quae
1071 987 1108 1054 in
1160 983 1330 1072 subegisti
1354 996 1494 1068 omnes,
1523 982 1663 1066 lovem,
1685 979 1910 1072 Neptunum,
1937 975 2156 1070 Apollinem,

111 1097 235 1168 medio
261 1095 394 1168 artium
421 1085 532 1162 choro
558 1089 755 1161 communis
780 1089 947 1160 omnihus
970 1089 1110 1172 desidit,
1161 1085 1357 1170 Iunonem,
1382 1100 1601 1178 matremque
1625 1083 1738 1176 ipsam
1757 1108 1832 1169 me,
1854 1081 1927 1152 sola
1945 1105 2029 1151 vero
2045 1079 2157 1150 absti-

111 1198 278 1272 omnium
293 1218 414 1266 rerum
427 1205 520 1262 certa
535 1191 693 1264 seientia.
736 1185 1111 1282 SicApollinempru·
1161 1213 1224 1260 nes
1246 1186 1409 1268 Pallade,
1441 1213 1481 1258 ac
1510 1191 1697 1258 adversum
1717 1185 1821 1256 istam
1845 1183 1938 1254 nulli
1961 1183 2156 1255 facularum
2205 1261 2209 1268 .

111 1302 204 1370 dens
223 1296 418 1388 antiquitas
433 1295 472 1362 in
488 1293 617 1364 mediis
633 1291 748 1364 Musis
766 1291 882 1383 pinxit
897 1293 1112 1362 universita-
1162 1293 1280 1380 ignes,
1310 1314 1418 1360 vacua
1449 1291 1527 1360 telis
1553 1284 1737 1380 pharetra,
1771 1302 1810 1358 tu
1834 1285 1988 1379 denique
2010 1281 2157 1354 inermis

112 1413 186 1470 tem
216 1421 361 1470 omnem
388 1391 523 1467 cithara
556 1407 830 1486 temperantem,
863 1407 982 1466 otest
1016 1396 1112 1487 apud
1135 1395 1139 1482 l
1162 1419 1245 1462 arcu
1269 1383 1420 1486 pilisque
1435 1391 1554 1462 cares?
1602 1381 1699 1485 Cup.
1722 1387 1936 1460 Pertimesco
1954 1387 2066 1480 ipsam
2082 1409 2158 1454 ma-

112 1495 324 1592 Orpheum:
1162 1489 1439 1588 ter,‚horrenda
1463 1511 1514 1566 est
1535 1491 1650 1577 enim,
1676 1517 1715 1570 ac
1731 1505 1832 1561 torva
1850 1503 2010 1582 aspectu,
2033 1489 2158 1558 admo-

198 1589 305 1662 πάντα
325 1597 424 1662 πόλιν
445 1599 564 1681 κιθαρῇ
587 1591 784 1679 πολυκρέκτῳ
850 1587 1003 1678 Monadi.
1162 1599 1320 1690 dumque
1345 1597 1471 1669 virilis.
1524 1594 1646 1690 ltaque
1667 1593 1961 1688 quotiesintento
1978 1614 2056 1660 eam
2073 1611 2158 1660 arcu

111 1703 240 1796 Capita
263 1703 414 1784 artium,
442 1725 646 1794 nomenque
669 1703 735 1792 τῆς
757 1692 910 1794 σοφίας,
937 1713 977 1770 ιιι
999 1700 1112 1783 licuit,
1162 1695 1349 1791 iaculoque
1372 1713 1474 1790 peto,
1501 1718 1668 1768 concussa
1683 1720 1739 1766 me
1756 1695 1852 1787 galea
1870 1691 2019 1778 excutit,
2044 1705 2159 1762 exter-

112 1805 324 1876 brevissime
339 1803 458 1895 attigi,
484 1828 560 1876 non
576 1803 613 1872 in
634 1797 700 1872 hoc
716 1815 893 1884 versatus,
920 1814 960 1870 ιιι
975 1803 1112 1887 magni·
1136 1809 1139 1846 ⁸
1162 1814 1234 1883 ret,
1259 1803 1462 1893 caduntque
1483 1800 1649 1870 manibus
1663 1800 1835 1871 continuo
1851 1796 2007 1886 sagittae.
2063 1789 2106 1864 V
2102 1815 2156 1864 ιιι.

112 1909 179 1978 fiee
201 1909 395 1981 laudarem.
444 1901 595 1994 Egregie
618 1903 751 1972 nobilis
770 1904 886 1995 pictor
904 1895 1113 1972 Timanthes
1162 1899 1221 1974 An
1252 1927 1326 1972 non
1359 1915 1433 1970 erat
1462 1896 1528 1970 hac
1553 1899 1652 1970 Mars
1681 1899 1968 1970 formidabilior?
2001 1911 2038 1968 et
2061 1891 2158 1966 hunc

111 2007 306 2104 Cyclopem
336 2009 377 2078 in
407 2009 548 2088 tabula,
580 2006 633 2076 uti
655 2006 794 2088 ferunt,
826 2004 1007 2074 breviculo
1029 2004 1113 2074 dor·
1136 1995 1140 2070 l
1163 2019 1281 2074 tamen
1312 2004 1419 2074 armis
1450 2005 1640 2094 spoliatum
1669 2003 1887 2094 expugnasti.
1954 1987 2047 2096 Cup.
2081 1995 2157 2068 lmo

114 2112 285 2180 mientem
301 2105 513 2190 delineavit,
540 2105 616 2174 eius
631 2129 712 2174 cum
728 2119 817 2178 esset
831 2105 1112 2192 magnitudinem
1163 2107 1223 2174 ille
1263 2105 1390 2176 lubens
1423 2129 1479 2178 me
1509 2106 1655 2196 recipit,
1702 2106 1913 2198 invitatque.
1990 2101 2158 2172 Minerva

115 2232 362 2302 expressurus,
389 2208 484 2278 iuxta
510 2205 655 2300 Satyros
678 2200 802 2300 thyrso
823 2207 987 2297 pollicem
1010 2231 1112 2278 mon·
1163 2231 1247 2277 vero
1273 2209 1441 2278 obductis
1471 2207 1669 2300 superciliis
1698 2207 1863 2278 observat
1891 2227 2040 2298 semper.
2097 2199 2158 2274 Ad

114 2313 182 2384 stri
204 2311 427 2382 dimetientes
443 2309 539 2379 feeit.
592 2307 784 2396 Quomodo
802 2308 1112 2396 nosangostisin-
1161 2333 1239 2378 eam
1256 2311 1286 2378 si
1303 2313 1448 2404 quaudo
1466 2309 1629 2380 advolavi
1645 2322 1794 2394 temere,
1817 2309 1955 2378 facibus
1968 2305 2158 2390 advolutis,

115 2414 232 2504 geniis
262 2408 427 2482 homines
455 2411 614 2501 ingentia
640 2411 828 2490 molimur,
861 2405 1112 2500 Philosophiae
1161 2413 1212 2482 ait
1226 2411 1307 2480 ista:
1335 2411 1404 2482 Per
1421 2409 1559 2496 lovem,
1582 2411 1612 2480 si
1627 2435 1683 2481 me
1701 2433 1790 2502 puer
1806 2411 1951 2480 adortus
1967 2409 2096 2488 fueris,
2122 2420 2158 2478 te

115 2517 257 2602 laudes,
290 2539 355 2584 nec
383 2515 457 2586 fere
484 2513 556 2582 nisi
585 2512 797 2584 dormientis
820 2513 1012 2602 sapientiae
1035 2535 1115 2582 oras
1161 2513 1411 2598 transfodiam,
1436 2526 1498 2584 aut
1518 2527 1698 2604 arreptum
1719 2514 1808 2602 pede
1831 2513 1870 2581 in
1892 2524 2022 2584 tartara
2040 2509 2157 2582 conii-

116 2617 367 2708 contingimus.
417 2612 599 2707 Equidem
622 2637 703 2684 cum
726 2627 959 2704 temperarem
982 2608 1073 2684 mihi
1093 2635 1115 2680 a
1165 2618 1266 2699 ciam,
1292 2616 1347 2684 vel
1361 2616 1436 2708 ipsa
1451 2629 1486 2686 te
1500 2613 1678 2686 dilanians
1692 2616 1901 2706 discerpam.
1954 2611 2049 2684 Tum
2065 2611 2157 2684 acri-

115 2720 305 2798 laudibus‚
336 2741 423 2811 quas
450 2717 557 2788 multi
585 2716 715 2786 multas
736 2715 954 2806 ineptissime
974 2715 1114 2786 effutire
1164 2716 1232 2784 hus
1252 2720 1413 2788 intuetur
1433 2717 1565 2798 oculis,
1589 2732 1623 2788 et
1643 2717 1776 2788 circum
1797 2729 1919 2808 pectus
1943 2730 2052 2806 gestat
2066 2715 2156 2784 ima-

116 2821 250 2904 solent,
266 2815 334 2890 hoc
344 2819 397 2908 egi
407 2833 559 2904 tantum,
581 2831 623 2888 ut
634 2841 739 2910 quam
754 2813 923 2914 honestae
933 2841 988 2890 res
999 2827 1114 2890 'essent
1163 2817 1364 2906 meneutam
1395 2821 1575 2912 quandam
1605 2819 1735 2909 viperis
1759 2816 1969 2910 capillorum
1996 2817 2072 2887 vica
2095 2839 2157 2886 oo-

117 2937 227 3004 artes,
254 2921 387 3016 quippe
402 2945 540 3002 sacrae,
567 2920 825 3008 intelligeretis.
878 2917 974 2990 Tum
993 2935 1033 2992 ut
1049 2921 1114 2991 ad·-
1164 2933 1304 2988 matam.
1349 2917 1452 2990 Hanc
1468 2915 1696 2992 vehementer
1709 2919 1873 3014 equidem
1886 2919 2055 3004 fonnido,
2074 2939 2157 3012 por·

117 3047 303 3094 monerem
322 3023 564 3108 iuventutem,
596 3023 735 3092 easdem
757 3020 880 3092 Musas
902 3045 995 3106 esse,
1027 3043 1114 3114 quas
1164 3033 1273 3090 terret
1284 3021 1379 3088 enim
1392 3047 1466 3107 me,
1492 3023 1659 3116 fugioque
1674 3023 1813 3118 quoties
1829 3025 2005 3116 adspecta.
2059 3013 2104 3095 V
2099 3043 2156 3092 αι.

116 3121 226 3196 hodie
249 3137 379 3194 vocent
400 3141 504 3198 artes.
563 3121 681 3195 Proha
705 3123 796 3196 ratio
818 3138 886 3208 est,
920 3147 984 3194 cur
1004 3124 1112 3192 velim
1163 3116 1215 3192 At
1228 3123 1289 3216 qui
1304 3117 1505 3194 Minervam
1518 3126 1664 3218 quidem
1680 3109 1827 3211 metuis,
1853 3119 2078 3218 atquehuius
2093 3145 2155 3214 ge-

115 3228 359 3298 adulescentes
382 3222 450 3297 hoc
473 3249 597 3300 omnes
621 3225 813 3296 rectissime
834 3225 968 3300 norint.
1027 3223 1113 3294 Pas-
1164 3239 1300 3294 stamen
1323 3247 1499 3315 gorgona,
1537 3228 1600 3320 qui
1622 3226 1718 3297 lovis
1742 3229 1881 3298 fulmen
1902 3249 1978 3296 non
1999 3247 2153 3318 expave-

115 3330 185 3398 sim
214 3340 379 3420 prostant
400 3327 526 3399 Musae
550 3330 589 3398 in
611 3328 803 3418 poematia,
836 3327 925 3399 vitio
949 3328 1114 3398 indocto-
1164 3327 1263 3396 scaci
1313 3325 1406 3398 Dein
1428 3343 1544 3401 autem
1563 3327 1688 3400 Musae
1713 3325 1776 3400 cu'r
1797 3329 1908 3400 nullis
1932 3342 2069 3422 queunt
2092 3328 2156 3398 ahs

116 3455 198 3498 rum
220 3431 476 3518 interpretum,
507 3431 667 3524 quirem
690 3429 803 3498 multo
826 3430 971 3518 dignam
994 3430 1112 3500 studio
1163 3443 1196 3499 te
1217 3429 1427 3500 vulneribus
1446 3433 1589 3517 confici,
1614 3445 1767 3525 suntque
1791 3434 1888 3525 quod
1911 3432 2033 3518 aiunt,
2058 3445 2154 3501 extra

116 3529 321 3618 negligunt,
354 3541 388 3597 et
412 3543 586 3620 quantum
610 3530 782 3613 coniicio,
808 3531 973 3602 inventae
992 3552 1114 3621 operas
1162 3531 1252 3614 tela,
1277 3555 1364 3600 nnm
1386 3533 1502 3621 galeas
1525 3548 1561 3604 et
1581 3528 1649 3602 hae
1674 3535 1873 3619 incutiunt,
1897 3548 1958 3604 aut
1981 3553 2156 3623 gorgonas

117 3630 202 3700 vani
230 3627 414 3700 distinent.
470 3627 571 3700 Idem
594 3625 792 3700 Mercurius
819 3646 871 3702 est
896 3632 1018 3724 pueri,
1049 3631 1112 3724 qui
1161 3630 1361 3704 obiiciunt?
1412 3622 1506 3728 Cup.
1522 3634 1620 3726 lpsas
1635 3659 1699 3721 ego
1714 3657 1877 3706 revereor
1890 3649 2015 3720 mater,
2041 3649 2154 3707 castae

118 3732 260 3802 animus
273 3730 396 3816 nobis,
419 3726 484 3802 καὶ
500 3721 608 3812 οὗτος
623 3728 724 3806 ἐστὶν
741 3728 762 3803 ὁ
778 3735 991 3830 στροφαῖος.
1040 3731 1113 3804 Ea·
1162 3747 1263 3818 sunt,
1288 3747 1323 3804 et
1338 3757 1478 3826 semper
1491 3731 1626 3825 aliquid
1642 3755 1746 3802 curae
1759 3731 1961 3813 molientes,
1981 3737 2154 3808 continuo

118 3835 200 3904 dem
218 3830 357 3914 Mosae,
383 3832 697 3904 deindeeteatlem
715 3829 880 3921 chordae,
906 3851 1113 3930 quaeartas,
1161 3849 1268 3906 cantu
1289 3849 1489 3927 occupatae.
1542 3833 1653 3925 Saepe
1675 3834 1785 3922 igitur
1806 3834 1930 3902 adsum
1947 3831 2019 3900 illis
2035 3837 2154 3901 suavi.

117 3934 232 4004 animi
252 3958 332 4004 cum
348 3929 474 4005 habitu
490 3959 554 4006 suo
571 3938 818 4023 consonantia,
842 3937 956 4032 Lyrae
969 3935 1112 4008 harmo-
1161 3951 1232 4008 tate
1245 3937 1414 4008 carminis
1426 3937 1606 4006 delinitus.
1660 3931 1701 4010 V
1699 3957 1753 4006 en.
1771 3933 1887 4006 Sinlto
1900 3948 1934 4004 et
1944 3933 2034 4014 illas,
2057 3935 2155 4027 quod

118 4038 190 4110 nia.
237 4033 321 4134 ¹lam
341 4037 422 4129 quis
438 4038 658 4122 estevohis,
681 4039 833 4131 quinon
850 4035 977 4110 harum
993 4065 1110 4110 rerum
1161 4041 1382 4110 venerandae
1411 4040 1486 4108 sint
1514 4037 1663 4108 scilicet:
1696 4035 1850 4106 Dianam
1883 4061 1946 4106 cur
1972 4059 2046 4104 non
2072 4035 2153 4104 vul-

117 4135 305 4210 honestate
325 4139 507 4230 capiatur?
556 4137 800 4212 Conveniebat
824 4145 970 4212 fortasse
992 4155 1034 4214 ιιι
1054 4144 1112 4212 ἱιι-
1161 4142 1289 4210 naras?
1338 4133 1432 4236 Cup.
1456 4140 1499 4209 ln
1522 4163 1658 4210 summa
1681 4160 1904 4233 nequaquam
1919 4138 2154 4230 possibileest

117 4235 282 4310 hortarer
306 4263 368 4310 vos
391 4243 436 4310 ad
459 4242 645 4324 virtutem,
670 4244 732 4312 sed
754 4257 867 4316 vestra
889 4246 961 4314 iam
985 4258 1111 4335 sponte
1161 4244 1307 4337 adsequi
1323 4265 1421 4326 eam,
1447 4239 1662 4333 semper'per
1679 4241 2044 4330 montesfugientcm,
2062 4239 2152 4332 quin

116 4356 311 4414 currentes.
370 4343 475 4432 Agite
504 4345 663 4434 exempla
690 4346 789 4416 vobis
811 4370 1021 4438 magnorum
1045 4343 1111 4416 ho-
1161 4346 1223 4414 illa
1238 4371 1302 4416 suo
1317 4347 1472 4440 quodam
1487 4344 1612 4434 flagrat
1627 4343 1804 4434 cupidine.
1859 4339 1953 4417 Van.
1968 4340 2051 4431 Quo
2066 4363 2155 4430 gna-

116 4445 279 4527 minum,
304 4443 368 4536 qui
380 4468 437 4514 me
450 4445 706 4516 circumsidunt
719 4449 850 4539 capite,
873 4449 965 4538 agite
981 4449 1111 4520 intenti
1161 4448 1222 4518 te?
1272 4437 1367 4543 Cup.
1392 4445 1532 4516 Venatn
1556 4447 1701 4539 quidem
1722 4439 2153 4514 cervorumachinnulo-
2276 4511 2280 4518 .

116 4569 215 4638 spem
247 4545 384 4643 patriae
410 4547 516 4637 longe
544 4544 839 4638 pulcherrimam,
871 4563 953 4622 ante
978 4552 1111 4636 oculos,
1161 4573 1261 4629 rum,
1287 4549 1582 4642 quosinsectatur
1597 4563 1637 4618 ot
1652 4548 1784 4638 capiat,
1807 4571 1847 4616 ae
1861 4547 1975 4616 iaculo
1990 4545 2090 4637 figat,
2112 4569 2152 4614 ac

117 4648 308 4740 ipsumque
338 4649 452 4718 animi
482 4673 624 4720 sensum
648 4652 788 4742 ponite,
824 4678 895 4744 quo
919 4647 1015 4724 nihil
1038 4675 1111 4722 esse
1161 4673 1323 4740 prorsum
1338 4665 1412 4722 tota
1428 4672 1545 4720 rarum
1561 4650 1735 4720 eiusmodi
1749 4649 1867 4718 studia
1884 4661 2036 4732 tenetur,
2060 4660 2153 4716 ta·-

115 4751 316 4842 optandum
347 4751 468 4831 vohis,
506 4745 602 4820 nihil
629 4757 935 4840 contendendum,
973 4769 1112 4846 praeter
1161 4755 1225 4822 etsi
1249 4755 1394 4823 fratrem
1420 4753 1497 4822 eius
1522 4752 1637 4822 iaculo
1660 4765 1861 4843 potentem,
1881 4775 1921 4820 ac
1943 4745 2082 4820 eminus
2099 4750 2170 4818 fe·-

114 4847 283 4922 honestas
319 4851 456 4938 literas,
505 4867 644 4944 praeter
678 4857 846 4929 virtutem
883 4857 1110 4948 cognoscatis.
1160 4856 1231 4924 rire
1247 4855 1404 4927 solitum.
1462 4850 1555 4928 Van.
1576 4854 1801 4944 Sciognate,
1825 4875 2076 4944 saepenumero
2093 4875 2152 4920 ar-

114 4950 233 5022 Nullis
258 4953 414 5044 deliciis,
439 4955 540 5026 nullo
562 4981 681 5028 errore
703 4953 910 5042 hominum,
936 4960 1031 5048 regia
1053 4960 1108 5028 via
1158 4983 1215 5026 ma
1235 4972 1416 5048 expertum
1432 4971 1504 5028 toa.
1555 4955 1651 5031 Haec
1667 4955 1787 5028 fabula
1804 4970 1855 5025 est
1872 4956 2058 5046 profutura
2073 4977 2153 5022 mo-

115 5055 286 5126 excedite:
313 5057 414 5128 nulla
436 5081 499 5146 vos
523 5061 653 5151 cupido
677 5061 806 5130 avellat
829 5061 973 5130 infamis
994 5086 1016 5132 a
1035 5062 1109 5130 vir·
1159 5059 1258 5130 ribus
1288 5062 1433 5141 vestris,
1467 5061 1497 5130 si
1526 5059 1747 5153 frequentem
1778 5059 1897 5128 animo
1919 5055 2152 5146 agitaverim:

114 5167 199 5228 tate.
255 5153 431 5228 Infamem
453 5162 615 5252 adpello,
638 5187 729 5255 quae
753 5163 1108 5236 alienasitastudiis
1159 5159 1219 5232 Sic
1233 5163 1329 5232 enim
1346 5177 1381 5243 et
1397 5185 1511 5254 nugae
1528 5163 1616 5232 seria
1633 5164 1774 5242 duceret.
1826 5155 1922 5230 Dixi.

112 5255 309 5346 literarum,
330 5275 436 5358 atque
445 5264 492 5334 ah
502 5264 557 5352 iis,
581 5265 711 5358 quihus
721 5266 855 5337 addicti
867 5265 974 5338 sacris
984 5290 1108 5336 omnes
