4614 5820
208 271 284 350 615
697 265 858 350 DECL.
891 263 968 345 llll
1000 263 1398 348 IMPERATORE
1430 263 1681 346 ortona
1715 269 1744 348 l.
1793 268 1806 290 '
2165 273 2234 354 oto

213 443 409 517 audivistis.
459 437 693 536 Etprol'ecto,
719 455 760 516 ut
774 442 1014 534 exemplorum
1029 441 1066 511 in
1082 441 1198 512 omni·
1254 463 1431 513 summum
1459 439 1536 514 eins
1568 443 1726 514 studium
1760 445 2008 536 propugnandi
2041 443 2237 520 Romanurn

111 600 114 616 ,
214 550 281 619 bns
300 547 433 616 artibus
452 567 577 634 magna
601 541 653 611 vis
671 559 741 626 est,
768 543 815 614 ita
832 543 1106 614 clarissimorum
1131 541 1204 613 lm·
1255 543 1466 634 imperinm,
1503 545 1689 638 praecipue
1709 569 1799 618 uero
1830 547 2034 618 illustrandi
2056 571 2184 618 nomen
2207 561 2237 620 et

216 661 417 742 paratorum
432 659 465 716 ct
480 643 619 735 Regum
636 638 803 716 historiae
824 645 1016 735 plurimum
1033 645 1204 714 momenti
1255 644 1406 735 gloriam
1433 640 1567 716 Christi
1593 647 1758 738 cognosci
1788 649 1931 740 poterit.
1996 647 2093 720 Haec
2126 650 2237 744 itaque

216 751 371 822 afferunt
396 749 440 818 ad
469 771 586 817 veram
608 745 748 817 virtutis
770 747 1019 836 cognitionem.
1082 744 1204 816 Bonae
1256 749 1342 818 dum
1359 745 1514 818 breviter
1527 769 1685 839 expono,
1710 771 1797 840 rogo
1811 773 1873 820 vos
1883 751 2078 822 doctissimi
2093 752 2181 835 viri,
2203 765 2238 822 ut

219 855 313 926 enim
337 865 483 922 naturae
504 847 733 938 cogitatione,
763 861 798 918 et
812 849 1047 918 admiratione
1064 848 1205 919 virtutis
1257 871 1314 918 me
1336 847 1510 939 patienter
1530 850 1653 920 audire
1676 851 1804 924 velitis.
1862 849 1960 943 Ego,
1993 855 2088 948 quod
2119 855 2239 922 adme

219 959 258 1027 in
274 955 360 1024 viris
386 950 644 1045 praestantibus
669 950 818 1022 maxime
843 951 1082 1034 exuscitantur
1099 963 1133 1020 et
1148 951 1205 1020 in·
1257 951 1329 1020 scio
1348 949 1542 1040 pertinere,
1567 952 1657 1022 dabo
1671 971 1835 1044 operam,
1859 968 1899 1024 ut
1920 956 2092 1028 brevitate
2115 954 2240 1024 oratio-

220 1059 430 1130 cenduntur·
1257 1051 1314 1122 nis
1329 1051 1485 1121 taedium
1501 1051 1637 1124 levetur
1649 1054 1883 1142 auditoribus.

321 1157 391 1229 Sed
407 1159 450 1226 de
464 1151 598 1226 Ottone
613 1153 746 1240 dicam,
771 1157 815 1224 ad
832 1155 932 1226 cuius
945 1149 1130 1224 historiam
1150 1175 1207 1222 re·
1359 1148 1531 1224 Obtinnit
1550 1149 1641 1226 Otto
1663 1153 1909 1250 Principatum
1934 1153 2110 1226 Saxoniae
2127 1154 2181 1244 (nt
2197 1151 2241 1239 hi,

220 1261 395 1334 citandam
427 1282 505 1327 cum
532 1256 678 1349 reliquis
700 1257 813 1326 caussis
836 1253 922 1326 haec
942 1279 1083 1349 quoque
1114 1255 1206 1325 r'atio
1258 1255 1321 1350 qni
1355 1251 1528 1340 Ottones,
1568 1253 1760 1344 Henricos,
1800 1254 1991 1328 Lotharios
2023 1258 2240 1347 descripsere,

221 1387 277 1434 me
308 1360 472 1445 deduxit,
512 1362 606 1450 quod
638 1371 758 1449 putem
790 1352 859 1428 hoc
886 1359 1026 1449 pietatis
1052 1356 1205 1426 officinm
1259 1369 1398 1428 autores
1428 1356 1526 1449 sunt)
1560 1380 1656 1428 anno
1686 1359 1796 1429 ferme
1817 1361 1862 1428 ab
1888 1353 1972 1428 hinc
1996 1357 2239 1446 sexingentesi-

220 1477 364 1557 propter
392 1483 613 1530 communem
645 1458 793 1549 patriam
820 1459 929 1549 magis
957 1460 1206 1550 praestandum
1258 1481 1329 1532 mo.
1388 1451 1477 1529 Erat
1497 1470 1614 1528 autem
1637 1459 1676 1528 in
1704 1460 1982 1551 possessionibus
2004 1455 2152 1530 Ottonis
2176 1471 2238 1530 tota

221 1561 312 1635 mihi
328 1585 399 1632 esse
413 1555 541 1632 Ottoni
558 1559 783 1650 Imperatori,
809 1585 914 1654 quam
929 1563 974 1630 de
988 1583 1135 1630 eoame
1151 1555 1208 1628 hic
1259 1558 1423 1632 Saronia.
1482 1557 1607 1630 Paruit
1628 1561 1722 1628 enim
1748 1556 1878 1632 Ottoni
1901 1585 1939 1630 ea
1963 1585 2063 1652 pars,
2096 1583 2184 1652 quae
2201 1559 2239 1626 ad

221 1663 346 1738 haberi
376 1664 590 1747 orationem,
625 1662 683 1730 cui
706 1685 763 1730 me
791 1661 987 1732 communis
1009 1661 1107 1731 natio
1133 1683 1208 1730 non
1260 1656 1491 1730 Occidentem
1511 1673 1659 1751 spectat:
1695 1657 1781 1732 haec
1803 1663 2101 1754 complectebatur
2120 1659 2240 1730 West·

220 1781 292 1838 tam
316 1765 397 1836 lecit
420 1765 646 1848 obstrictum,
679 1787 783 1855 qnam
800 1758 929 1834 Ottoni
947 1761 1091 1834 Saroni.
1142 1759 1209 1832 Est
1259 1756 1434 1853 phaliam,
1474 1755 1682 1856 Phrysiam,
1725 1762 1953 1834 vandalicam
1989 1763 2169 1850 regionem
2201 1761 2240 1830 ad

222 1869 316 1940 enim
332 1867 548 1956 ingratitudo
563 1865 755 1957 quaedam,
771 1865 881 1954 magis
896 1861 1058 1934 homines
1074 1863 1207 1932 moveri
1258 1860 1382 1934 Albim
1408 1875 1442 1934 et
1467 1885 1564 1932 mare
1588 1865 1844 1955 pertinentem,
1874 1865 1913 1936 in
1930 1859 2007 1959 'qua
2032 1859 2141 1934 hodie
2164 1861 2241 1933 sitae

146 1967 150 1978 '
222 1969 374 2042 externis
394 1967 519 2049 bonis,
547 1989 651 2058 quam
672 1965 838 2057 propriis.
897 1963 1017 2054 Quare
1033 1967 1210 2056 eleganter
1259 1975 1343 2034 sunt
1372 1964 1544 2049 maximae
1575 1979 1610 2036 et
1643 1967 1904 2058 copiosissimae
1926 1969 2033 2038 urbes
2056 1964 2240 2048 Saxonum,
2301 2019 2302 2034 ,

115 2089 123 2096 “
222 2068 507 2152 dixitLucianus,
533 2090 612 2137 curn
624 2066 689 2135 ait:
716 2062 779 2157 asni
796 2061 893 2160 ὁτῆς
909 2061 1087 2164 πατρίδος
1103 2061 1208 2160 ut'rcqi
1259 2090 1346 2159 quas
1370 2065 1581 2136 Vandalicas
1607 2083 1745 2140 vocant.
1813 2069 1948 2139 Tenuit
1974 2082 2009 2139 et
2029 2068 2240 2159 superiorem
2301 2063 2302 2108 l

220 2165 362 2250 καπνὸς
390 2159 641 2264 λαμπρότερος
670 2161 877 2263 ὀφθήσεται
899 2172 955 2263 τῷ
977 2165 1064 2264 παρ’
1088 2165 1209 2248 ἄλλοις
1259 2165 1449 2239 Saxoniam
1479 2163 1588 2252 Otto,
1625 2168 1664 2238 id
1691 2185 1761 2256 est,
1793 2169 2148 2259 Wittenbergensem
2177 2189 2240 2236 una

222 2265 359 2370 πόροις.
411 2269 490 2340 Ηοο
505 2282 576 2356 est,
604 2270 735 2361 patriae
750 2269 868 2340 sumus
883 2270 957 2360 igni
973 2271 1090 2341 alieno
1106 2269 1208 2340 lucu·
1259 2293 1340 2338 cum
1373 2262 1535 2340 Marchia
1567 2267 1926 2363 Braudenbnrgensi,
1974 2271 2130 2356 Misnia,
2171 2265 2241 2338 Tu·

221 2377 352 2446 lentior
376 2395 449 2444 esse
471 2371 621 2444 videtur.
678 2365 759 2440 Etsi
780 2385 894 2442 autern
914 2371 1208 2462 praeclarissimas
1259 2369 1384 2460 ringia.

220 2499 277 2548 res
299 2475 486 2566 gesserint,
520 2487 554 2543 et
574 2472 701 2542 caeteri
716 2467 947 2561 Imperatores
963 2471 1146 2556 Saxonici,
1167 2483 1208 2542 nt
1359 2469 1500 2544 Patrem
1521 2467 1855 2546 habuitHenricnm
1871 2473 2045 2568 primum,
2069 2479 2136 2574 (psi
2158 2479 2242 2552 inter

220 2590 320 2671 pater
345 2572 491 2647 Ottonis
519 2573 625 2664 primi
658 2570 854 2654 Henricos,
885 2586 919 2644 et
950 2573 1012 2667 qui
1035 2569 1207 2644 Ottonem
1261 2569 1493 2664 Imperatores
1508 2574 1645 2666 primus
1661 2573 1729 2646 fnit
1743 2572 1856 2660 Saxo,
1882 2589 1987 2648 natus
2007 2601 2049 2648 ex
2065 2595 2166 2672 patre
2178 2577 2241 2652 Ot-

221 2679 376 2770 primum
391 2676 529 2767 sequuti
544 2672 808 2758 suntSaxones,
835 2687 970 2759 tamen,
995 2675 1057 2767 qui
1073 2673 1206 2765 accipio
1260 2687 1363 2758 tone,
1389 2677 1477 2746 duce
1492 2674 1686 2756 saxoniae,
1711 2675 1784 2744 lilio
1800 2671 2000 2768 Ludolphi,
2025 2681 2127 2752 ducis
2139 2682 2241 2754 Saro-

221 2775 328 2848 huius
353 2773 500 2848 Ottonis
530 2776 624 2845 inter
657 2773 849 2846 Saxonicos
878 2773 1043 2846 Caesares
1066 2775 1207 2846 virtutis
1259 2799 1366 2861 num,
1391 2777 1492 2848 cuius
1515 2789 1615 2868 pater
1634 2775 1759 2846 Bruno
1774 2777 1842 2848 soit
1856 2775 2050 2850 Saronicus
2068 2779 2241 2875 Princeps,

222 2880 426 2972 opinionem
444 2901 516 2948 esse
531 2877 764 2966 singularem,
790 2877 985 2976 existimavi
1001 2899 1100 2970 posse
1116 2901 1135 2947 a
1150 2897 1207 2946 me
1259 2891 1362 2948 natus
1376 2903 1417 2950 ex
1432 2877 1642 2969 Wilgberto
1659 2875 1866 2948 Britanniae
1881 2880 1989 2960 duce,
2015 2881 2089 2952 filio
2110 2881 2242 2954 Wede-

221 3005 296 3054 non
325 2981 401 3050 sine
435 3001 536 3048 causa
567 2977 711 3048 caeteris
737 2974 1013 3068 Imperatoribus
1040 2977 1206 3050 anteferri
1257 2978 1360 3048 kindi
1384 2977 1509 3068 Magni
1535 3001 1674 3050 summo
1705 2981 1783 3048 loco
1808 2978 1847 3046 in
1871 2977 2072 3053 saxonibus
2095 2985 2187 3070 nati,
2213 2997 2242 3054 el

222 3079 394 3156 Ottonem
414 3081 587 3173 primum,
618 3079 719 3148 cuius
741 3079 918 3170 praeclara
944 3081 1054 3164 lacta,
1087 3097 1127 3150 ut
1143 3103 1206 3148 ne·
1258 3079 1359 3149 ducis
1379 3077 1559 3151 Saxonum
1584 3079 1622 3150 in
1648 3080 1742 3150 bello
1765 3077 1940 3150 Saronico
1963 3085 2111 3173 triginta
2138 3107 2242 3156 annos

221 3207 398 3280 quaquam
428 3193 594 3274 poterunt
621 3203 641 3248 a
664 3201 721 3248 me
748 3175 806 3250 hic
834 3179 954 3252 omnia
978 3181 1125 3273 exponi,
1158 3181 1206 3250 ita
1258 3194 1353 3271 gesto
1370 3203 1390 3250 a
1406 3177 1536 3252 Carolo
1555 3182 1724 3252 adversus
1739 3180 1913 3266 Saxones,
1939 3197 2085 3276 propter
2107 3187 2241 3278 religio·

219 3289 327 3378 digna
352 3285 496 3380 quidem
517 3293 651 3362 essent,
676 3294 716 3352 ut
737 3302 758 3350 a
778 3280 864 3353 viris
879 3282 1059 3369 doctrina,
1086 3297 1122 3355 et
1140 3305 1207 3354 usu
1258 3306 1340 3352 nem
1351 3277 1592 3354 Christianam
1613 3283 1775 3352 nondum
1798 3282 2003 3354 translatam
2026 3287 2071 3355 ad
2098 3281 2162 3358 hos
2183 3311 2242 3380 po-

221 3388 362 3461 dicendi
378 3383 636 3479 praestantihus
645 3381 744 3453 omni
758 3383 928 3454 orationis
937 3385 1066 3474 gratia,
1092 3397 1208 3478 atque,
1258 3383 1373 3474 pulos.
1422 3378 1477 3454 Ex
1498 3395 1611 3454 matre
1631 3383 1823 3454 veroidem
1844 3380 2038 3470 Henricus,
2062 3401 2162 3478 pater
2179 3383 2241 3458 Ot-

222 3515 290 3588 qna
306 3500 467 3582 possent,
494 3485 632 3556 Venere
647 3497 871 3560 ornarentur.
1258 3484 1372 3569 tonis,
1396 3495 1501 3554 natus
1515 3481 1762 3568 estLucarda,
1789 3483 1861 3552 lilia
1872 3481 2100 3576 Imperatoris
2113 3485 2240 3560 Arnul·
2300 3569 2301 3586 ,

323 3589 502 3680 Quoniam
532 3589 563 3658 si
585 3600 742 3659 veterum
768 3583 947 3657 Saxonum
976 3587 1066 3656 lacta
1095 3585 1207 3658 literis
1259 3581 1341 3677 phi,
1366 3586 1467 3668 cuius
1490 3599 1590 3676 pater
1611 3586 1680 3656 l'uit
1700 3583 1979 3671 Carlomannns,
2005 3587 2240 3682 iraterlmpe·
2300 3657 2301 3688 ,

223 3707 336 3764 essent
366 3693 557 3770 illustrata,
590 3703 630 3760 ut
653 3685 900 3758 Romanorum
930 3697 964 3756 et
989 3684 1206 3758 Graecorum
1258 3685 1385 3755 ratoris
1401 3683 1522 3758 Caroli
1545 3684 1663 3757 Crassi
1687 3697 1722 3757 et
1742 3685 1837 3756 lilius
1851 3683 2027 3758 Ludovici
2047 3692 2141 3782 regis
2156 3689 2239 3762 Ger·
2300 3695 2301 3772 l

224 3817 280 3863 res
295 3806 409 3883 gestae
423 3793 468 3860 ab
484 3785 630 3860 historia
647 3788 768 3858 lumen
790 3801 1017 3878 acceperunt,
1043 3811 1117 3858 non
1135 3788 1207 3857 exi·
1258 3809 1463 3870 manorum,
1488 3788 1550 3881 qui
1564 3800 1699 3886 patrem
1717 3782 1843 3857 hahuit
1858 3785 2110 3878 Imperatorem
2127 3791 2240 3864 Ludo-
2300 3779 2301 3862 f

223 3894 327 3968 stimo
362 3892 599 3962 dubitandum
628 3911 717 3972 esse,
756 3889 844 3980 quin
879 3901 1012 3958 veteres
1041 3887 1207 3974 Saxones,
1259 3887 1377 3958 uicum
1398 3887 1574 3979 primum,
1609 3887 1721 3958 filium
1753 3885 1873 3959 Caroli
1896 3887 2034 3980 Magni.
2101 3893 2239 3986 Propter
2300 3917 2301 3976 ,

223 4019 374 4090 quorum
396 4015 503 4085 opera
520 3989 676 4063 Romani
696 4012 797 4080 saepe
813 3987 1015 4078 gravissima
1030 3989 1123 4058 bella
1143 3991 1208 4060 ad·
1260 3990 1374 4058 aviam
1391 3989 1511 4084 itaque
1525 3992 1569 4060 ad
1580 3991 1787 4078 sanguinem
1802 3987 1922 4060 Caroli
1937 3989 2060 4082 Magni
2075 3993 2239 4086 pertinuit
2300 3987 2301 4010 ³

223 4118 345 4166 versus
363 4094 573 4180 Saracenos,
599 4089 780 4182 ngaros,
805 4091 964 4184 aliosque
981 4103 1117 4161 exteros
1132 4113 1209 4167 sus—
1261 4087 1350 4160 Otto
1365 4090 1519 4180 primus,
1545 4104 1690 4182 propter
1705 4114 1811 4161 avum
1826 4113 1909 4160 vero
1920 4086 2091 4164 Ottonem
2107 4098 2151 4166 ad
2166 4095 2238 4165 stir-

225 4213 322 4288 cepta
347 4196 422 4266 sine
444 4197 564 4266 labore
587 4209 620 4264 et
642 4193 799 4285 periculo
822 4195 1064 4277 confecerunt,
1094 4187 1208 4263 haud·
1260 4214 1341 4283 pern
1366 4189 1594 4260 Wedekindi
1621 4189 1746 4282 Magni
1768 4189 1947 4282 spectavit.
2006 4191 2158 4266 Matrem
2181 4189 2237 4263 ha-

225 4321 400 4391 quaquam
435 4309 664 4365 cernerentur
683 4293 885 4365 fortissimis
907 4289 1152 4365 Romanorum
1175 4308 1210 4365 et
1260 4292 1338 4362 buit
1362 4285 1451 4362 Otto
1472 4287 1705 4376 Mathildem,
1739 4293 1846 4360 liliam
1871 4291 2009 4365 comitis
2032 4292 2237 4368 Theudorici

226 4397 445 4470 Graecorum
476 4395 702 4487 Principibus
733 4417 806 4463 esse
829 4393 1024 4468 inferiores.
1090 4392 1209 4482 Quare
1260 4392 1427 4478 Saxonis,
1451 4393 1495 4464 ad
1512 4392 1667 4465 eiusdem
1685 4391 1913 4466 Wedekindi
1936 4391 2061 4488 Magni
2076 4397 2236 4476 familiam

225 4525 305 4571 cum
332 4499 546 4590 reperiamus
576 4493 643 4566 hoc
666 4495 880 4587 iniquiorem
910 4517 983 4565 esse
1006 4508 1207 4566 nostrorum
1261 4494 1484 4587 pertinentis.

224 4597 412 4672 hominum
433 4601 632 4682 fortunam,
656 4598 834 4689 requirere
852 4589 920 4667 hoc
942 4597 1082 4666 anobis
1100 4597 1210 4689 pietas
1361 4593 1404 4665 ln
1421 4594 1570 4688 imperio
1585 4595 1690 4667 etiam
1707 4591 2034 4689 propinquitatibus
2048 4609 2082 4668 el
2095 4596 2236 4669 affinita-

224 4704 384 4786 videtur,
420 4714 461 4772 ut
492 4713 695 4770 nostrorum
727 4696 931 4789 Principum
964 4697 1053 4768 facta
1082 4721 1209 4768 ornare
1260 4697 1356 4768 tibus
1376 4695 1683 4788 praestantissimis
1704 4695 1927 4789 principibus
1948 4699 2016 4769 init
2040 4699 2235 4770 coniunctus

226 4827 413 4886 conemur,
438 4825 588 4896 quorum
605 4800 809 4870 memoriam
827 4821 1018 4889 paucorum
1041 4799 1210 4892 prodide-
1261 4793 1361 4871 Otto.
1412 4796 1638 4870 RexGalliae
1653 4821 1761 4890 gener
1777 4811 1867 4870 erat:
1891 4797 2099 4872 Britanniae
2113 4819 2234 4870 rexsu-

226 4931 265 4976 re
279 4901 460 4977 historiae.
509 4899 586 4992 Ego
601 4901 719 4993 itaque
733 4902 878 4970 eandem
891 4901 939 4970 ob
952 4923 1109 4985 causam,
1132 4915 1208 4972 tum
1260 4923 1319 4969 cer
1337 4894 1498 4972 Ottonis:
1531 4897 1645 4970 Filius
1666 4895 1812 4970 Ottouis
1831 4895 2043 4991 Ludolphns
2063 4899 2138 4976 llex
2155 4903 2233 4972 soe-

226 5007 331 5080 etiam
363 5019 507 5098 propter
535 5001 703 5093 temporis
731 4999 929 5092 angustiam
962 4997 1208 5098 (posteaquam
1260 5025 1386 5072 vorum
1411 5015 1501 5074 erat:
1537 5001 1620 5072 Dux
1639 4997 1811 5072 bavariae
1841 4999 2016 5074 Henricus
2043 5003 2111 5073 suit
2137 5003 2234 5070 frater

225 5107 373 5196 attigero
411 5109 555 5190 saltem,
596 5127 686 5197 quae
714 5105 760 5174 ad
787 5102 960 5193 originem
990 5099 1137 5173 Ottonis
1175 5118 1210 5175 et
1260 5101 1424 5174 Ottonis:
1460 5101 1729 5174 Coloniensiom
1757 5103 1940 5195 episcopus
1963 5100 2109 5175 Ottonis
2136 5103 2233 5171 frater

223 5210 456 5301 possessiones
477 5208 553 5278 eius
576 5217 750 5297 spectant,
782 5217 858 5274 turn
881 5204 951 5274 alia
972 5205 1147 5275 nonnulla
1169 5206 1208 5274 in
1258 5201 1382 5274 Bruno
1403 5205 1488 5274 snit:
1521 5203 1755 5292 Maguntinus
1775 5215 1851 5275 erat
1865 5199 2011 5277 Ottonis
2031 5205 2122 5276 filins
2138 5197 2232 5272 Wil-

224 5305 360 5380 Ottone
374 5331 596 5402 nequaquam
614 5303 779 5401 tacenda)
803 5329 912 5397 pauca
924 5305 1079 5376 adferam
1094 5307 1139 5375 de
1152 5330 1208 5375 re-
1258 5300 1412 5375 helmus:
1438 5305 1528 5380 Otto
1544 5300 1791 5377 filiusOttonis
1806 5303 2040 5400 Imperatoris,
2064 5330 2106 5376 ex
2119 5323 2232 5374 sccun-

223 5411 291 5480 bus
305 5410 351 5480 ab
366 5405 501 5480 Ottone
514 5408 690 5501 praeclare
703 5407 808 5499 gestis
822 5407 861 5478 in
877 5404 995 5492 ltalia,
1023 5407 1206 5502 exquibus
1258 5407 1303 5478 da
1319 5429 1429 5479 uxore
1443 5419 1547 5479 natus
1556 5461 1568 5495 ,
1594 5431 1614 5478 a
1635 5421 1749 5501 patre,
1775 5408 1834 5479 cui
1853 5421 1973 5501 postea
1989 5408 2028 5478 in
2041 5429 2147 5500 regno
2161 5424 2230 5474 suc·
