<?xml version="1.0" encoding="UTF-8"?>
<!DOCTYPE html PUBLIC "-//W3C//DTD XHTML 1.0 Transitional//EN"
    "http://www.w3.org/TR/xhtml1/DTD/xhtml1-transitional.dtd">
<html xmlns="http://www.w3.org/1999/xhtml" xml:lang="en" lang="en">
 <head>
  <title>
</title>
<meta http-equiv="Content-Type" content="text/html;charset=utf-8" />
  <meta name='ocr-system' content='tesseract 3.04.00' />
  <meta name='ocr-capabilities' content='ocr_page ocr_carea ocr_par ocr_line ocrx_word'/>
</head>
<body>
  <div class='ocr_page' id='page_1' title='image "./corpusreformato23melagoog/corpusreformato23melagoog_0332.png"; bbox 0 0 4614 5820; ppageno 0'>
   <div class='ocr_carea' id='block_1_1' title="bbox 19 207 2070 366">
    <p class='ocr_par' dir='ltr' id='par_1_1' title="bbox 19 207 2070 366">
     <span class='ocr_line' id='line_1_1' title="bbox 19 207 2070 366; baseline -0.005 -8"><span class='ocrx_word' id='word_1_1' title='bbox 19 283 95 358; x_wconf 81' lang='lat' dir='ltr'>sn</span> <span class='ocrx_word' id='word_1_2' title='bbox 493 271 653 354; x_wconf 80' lang='lat' dir='ltr'>naeu</span> <span class='ocrx_word' id='word_1_3' title='bbox 686 267 763 348; x_wconf 85' lang='lat' dir='ltr'>nn</span> <span class='ocrx_word' id='word_1_4' title='bbox 793 265 960 366; x_wconf 83' lang='lat' dir='ltr'>nono</span> <span class='ocrx_word' id='word_1_5' title='bbox 993 207 1612 348; x_wconf 79' lang='lat' dir='ltr'>rnrnoeneraaroms.</span> <span class='ocrx_word' id='word_1_6' title='bbox 1995 275 2070 351; x_wconf 80' lang='lat' dir='ltr'>aaa</span> 
     </span>
    </p>
   </div>
   <div class='ocr_carea' id='block_1_2' title="bbox 19 437 2066 852">
    <p class='ocr_par' dir='ltr' id='par_1_2' title="bbox 19 437 2066 852">
     <span class='ocr_line' id='line_1_2' title="bbox 20 437 2066 540; baseline -0.004 -16"><span class='ocrx_word' id='word_1_7' title='bbox 20 454 182 525; x_wconf 79' lang='lat' dir='ltr'>liorilsus</span> <span class='ocrx_word' id='word_1_8' title='bbox 205 475 244 522; x_wconf 90' lang='lat' dir='ltr'>sc</span> <span class='ocrx_word' id='word_1_9' title='bbox 259 447 476 540; x_wconf 88' lang='lat' dir='ltr'>temporibus</span> <span class='ocrx_word' id='word_1_10' title='bbox 492 449 688 521; x_wconf 88' lang='lat' dir='ltr'>servabant.</span> <span class='ocrx_word' id='word_1_11' title='bbox 740 441 872 514; x_wconf 88' lang='lat' dir='ltr'>Brutus</span> <span class='ocrx_word' id='word_1_12' title='bbox 889 443 925 512; x_wconf 92' lang='lat' dir='ltr'>in</span> <span class='ocrx_word' id='word_1_13' title='bbox 944 441 1030 535; x_wconf 88' lang='lat' dir='ltr'>ipsis</span> <span class='ocrx_word' id='word_1_14' title='bbox 1079 439 1234 512; x_wconf 86' lang='lat' dir='ltr'>stantino</span> <span class='ocrx_word' id='word_1_15' title='bbox 1263 441 1306 509; x_wconf 88' lang='lat' dir='ltr'>ad</span> <span class='ocrx_word' id='word_1_16' title='bbox 1338 437 1606 532; x_wconf 73' lang='lat' dir='ltr'><strong>palaeologum,</strong></span> <span class='ocrx_word' id='word_1_17' title='bbox 1653 465 1766 514; x_wconf 91' lang='lat' dir='ltr'>annos</span> <span class='ocrx_word' id='word_1_18' title='bbox 1797 441 1936 514; x_wconf 74' lang='lat' dir='ltr'>circiter</span> <span class='ocrx_word' id='word_1_19' title='bbox 1968 445 2066 516; x_wconf 92' lang='lat' dir='ltr'>mille</span> 
     </span>
     <span class='ocr_line' id='line_1_3' title="bbox 19 537 2065 642; baseline -0.005 -15"><span class='ocrx_word' id='word_1_20' title='bbox 19 557 149 627; x_wconf 87' lang='lat' dir='ltr'>eastris</span> <span class='ocrx_word' id='word_1_21' title='bbox 181 551 364 642; x_wconf 88' lang='lat' dir='ltr'>Pompeii,</span> <span class='ocrx_word' id='word_1_22' title='bbox 390 549 494 620; x_wconf 91' lang='lat' dir='ltr'>etiam</span> <span class='ocrx_word' id='word_1_23' title='bbox 517 545 707 640; x_wconf 89' lang='lat' dir='ltr'>Epitomen</span> <span class='ocrx_word' id='word_1_24' title='bbox 731 541 898 618; x_wconf 75' lang='lat' dir='ltr'>historiae</span> <span class='ocrx_word' id='word_1_25' title='bbox 920 543 1029 638; x_wconf 89' lang='lat' dir='ltr'>Poly·</span> <span class='ocrx_word' id='word_1_26' title='bbox 1076 541 1199 613; x_wconf 85' lang='lat' dir='ltr'>fuisset</span> <span class='ocrx_word' id='word_1_27' title='bbox 1214 537 1388 612; x_wconf 86' lang='lat' dir='ltr'>Ecclesiae</span> <span class='ocrx_word' id='word_1_28' title='bbox 1402 540 1470 610; x_wconf 85' lang='lat' dir='ltr'>Dei</span> <span class='ocrx_word' id='word_1_29' title='bbox 1492 537 1686 632; x_wconf 76' lang='lat' dir='ltr'>hospitium</span> <span class='ocrx_word' id='word_1_30' title='bbox 1705 558 1737 613; x_wconf 92' lang='lat' dir='ltr'>et</span> <span class='ocrx_word' id='word_1_31' title='bbox 1756 546 1856 613; x_wconf 88' lang='lat' dir='ltr'>sedes</span> <span class='ocrx_word' id='word_1_32' title='bbox 1870 546 2065 633; x_wconf 89' lang='lat' dir='ltr'>doctrinae,</span> 
     </span>
     <span class='ocr_line' id='line_1_4' title="bbox 19 640 2064 744; baseline -0.006 -16"><span class='ocrx_word' id='word_1_33' title='bbox 19 659 68 728; x_wconf 90' lang='lat' dir='ltr'>bii</span> <span class='ocrx_word' id='word_1_34' title='bbox 93 653 319 744; x_wconf 86' lang='lat' dir='ltr'>composuit.</span> <span class='ocrx_word' id='word_1_35' title='bbox 378 649 425 724; x_wconf 90' lang='lat' dir='ltr'>Et</span> <span class='ocrx_word' id='word_1_36' title='bbox 445 665 563 742; x_wconf 88' lang='lat' dir='ltr'>postea</span> <span class='ocrx_word' id='word_1_37' title='bbox 585 649 776 720; x_wconf 86' lang='lat' dir='ltr'>constituta</span> <span class='ocrx_word' id='word_1_38' title='bbox 799 647 844 714; x_wconf 93' lang='lat' dir='ltr'>ab</span> <span class='ocrx_word' id='word_1_39' title='bbox 866 643 1028 735; x_wconf 89' lang='lat' dir='ltr'>Augusto</span> <span class='ocrx_word' id='word_1_40' title='bbox 1078 645 1173 714; x_wconf 88' lang='lat' dir='ltr'>unde</span> <span class='ocrx_word' id='word_1_41' title='bbox 1203 643 1242 710; x_wconf 90' lang='lat' dir='ltr'>in</span> <span class='ocrx_word' id='word_1_42' title='bbox 1264 640 1468 724; x_wconf 74' lang='lat' dir='ltr'>Graeciam,</span> <span class='ocrx_word' id='word_1_43' title='bbox 1502 645 1540 711; x_wconf 89' lang='lat' dir='ltr'>in</span> <span class='ocrx_word' id='word_1_44' title='bbox 1565 640 1685 712; x_wconf 82' lang='lat' dir='ltr'>Asiam</span> <span class='ocrx_word' id='word_1_45' title='bbox 1714 658 1748 714; x_wconf 91' lang='lat' dir='ltr'>et</span> <span class='ocrx_word' id='word_1_46' title='bbox 1772 643 1953 738; x_wconf 90' lang='lat' dir='ltr'>lllyricum</span> <span class='ocrx_word' id='word_1_47' title='bbox 1984 647 2064 717; x_wconf 89' lang='lat' dir='ltr'>lite-</span> 
     </span>
     <span class='ocr_line' id='line_1_5' title="bbox 19 742 2064 852; baseline -0.006 -22"><span class='ocrx_word' id='word_1_48' title='bbox 19 783 124 852; x_wconf 89' lang='lat' dir='ltr'>pace,</span> <span class='ocrx_word' id='word_1_49' title='bbox 155 752 346 840; x_wconf 85' lang='lat' dir='ltr'>Trebatii,</span> <span class='ocrx_word' id='word_1_50' title='bbox 371 752 512 824; x_wconf 88' lang='lat' dir='ltr'>Pisonis</span> <span class='ocrx_word' id='word_1_51' title='bbox 527 767 561 824; x_wconf 94' lang='lat' dir='ltr'>et</span> <span class='ocrx_word' id='word_1_52' title='bbox 575 749 760 842; x_wconf 84' lang='lat' dir='ltr'>Capitonis</span> <span class='ocrx_word' id='word_1_53' title='bbox 774 747 949 826; x_wconf 87' lang='lat' dir='ltr'>consiliis,</span> <span class='ocrx_word' id='word_1_54' title='bbox 975 748 1028 815; x_wconf 89' lang='lat' dir='ltr'>le·</span> <span class='ocrx_word' id='word_1_55' title='bbox 1077 767 1135 813; x_wconf 89' lang='lat' dir='ltr'>rae</span> <span class='ocrx_word' id='word_1_56' title='bbox 1159 757 1366 834; x_wconf 85' lang='lat' dir='ltr'>propagatae</span> <span class='ocrx_word' id='word_1_57' title='bbox 1381 759 1490 829; x_wconf 83' lang='lat' dir='ltr'>suut,</span> <span class='ocrx_word' id='word_1_58' title='bbox 1514 757 1599 814; x_wconf 88' lang='lat' dir='ltr'>tunc</span> <span class='ocrx_word' id='word_1_59' title='bbox 1615 767 1634 814; x_wconf 88' lang='lat' dir='ltr'>a</span> <span class='ocrx_word' id='word_1_60' title='bbox 1651 742 1779 814; x_wconf 90' lang='lat' dir='ltr'>Turcis</span> <span class='ocrx_word' id='word_1_61' title='bbox 1795 769 1977 836; x_wconf 84' lang='lat' dir='ltr'>oppressa,</span> <span class='ocrx_word' id='word_1_62' title='bbox 2004 772 2064 818; x_wconf 85' lang='lat' dir='ltr'>ve·</span> 
     </span>
    </p>
   </div>
   <div class='ocr_carea' id='block_1_3' title="bbox 21 841 2185 952">
    <p class='ocr_par' dir='ltr' id='par_1_3' title="bbox 21 841 2185 952">
     <span class='ocr_line' id='line_1_6' title="bbox 21 841 2185 952; baseline -0.005 -22"><span class='ocrx_word' id='word_1_63' title='bbox 21 884 96 952; x_wconf 86' lang='lat' dir='ltr'>ges,</span> <span class='ocrx_word' id='word_1_64' title='bbox 137 857 358 949; x_wconf 83' lang='lat' dir='ltr'>disciplina,</span> <span class='ocrx_word' id='word_1_65' title='bbox 391 852 605 926; x_wconf 90' lang='lat' dir='ltr'>iudiciorum</span> <span class='ocrx_word' id='word_1_66' title='bbox 635 851 804 922; x_wconf 86' lang='lat' dir='ltr'>autoritas</span> <span class='ocrx_word' id='word_1_67' title='bbox 833 849 1027 918; x_wconf 88' lang='lat' dir='ltr'>instaurata</span> <span class='ocrx_word' id='word_1_68' title='bbox 1077 858 1134 915; x_wconf 90' lang='lat' dir='ltr'>tus</span> <span class='ocrx_word' id='word_1_69' title='bbox 1155 845 1245 913; x_wconf 94' lang='lat' dir='ltr'>illud</span> <span class='ocrx_word' id='word_1_70' title='bbox 1266 867 1306 912; x_wconf 88' lang='lat' dir='ltr'>ac</span> <span class='ocrx_word' id='word_1_71' title='bbox 1329 867 1450 914; x_wconf 89' lang='lat' dir='ltr'>verum</span> <span class='ocrx_word' id='word_1_72' title='bbox 1476 845 1582 914; x_wconf 89' lang='lat' dir='ltr'>decus</span> <span class='ocrx_word' id='word_1_73' title='bbox 1603 845 1730 919; x_wconf 87' lang='lat' dir='ltr'>amisit.</span> <span class='ocrx_word' id='word_1_74' title='bbox 1781 841 1924 916; x_wconf 90' lang='lat' dir='ltr'>Etcum</span> <span class='ocrx_word' id='word_1_75' title='bbox 1940 847 2064 920; x_wconf 85' lang='lat' dir='ltr'>luisset</span> <span class='ocrx_word' id='word_1_76' title='bbox 2183 875 2185 880; x_wconf 91' lang='lat'>·</span> 
     </span>
    </p>
   </div>
   <div class='ocr_carea' id='block_1_4' title="bbox 22 945 2081 5386">
    <p class='ocr_par' dir='ltr' id='par_1_4' title="bbox 22 945 2081 5386">
     <span class='ocr_line' id='line_1_7' title="bbox 22 945 2064 1040; baseline -0.006 -8"><span class='ocrx_word' id='word_1_77' title='bbox 22 975 80 1032; x_wconf 87' lang='lat' dir='ltr'>est.</span> <span class='ocrx_word' id='word_1_78' title='bbox 147 959 255 1029; x_wconf 91' lang='lat' dir='ltr'>ldem</span> <span class='ocrx_word' id='word_1_79' title='bbox 279 960 440 1027; x_wconf 85' lang='lat' dir='ltr'>loturam</span> <span class='ocrx_word' id='word_1_80' title='bbox 461 967 534 1036; x_wconf 89' lang='lat' dir='ltr'>est,</span> <span class='ocrx_word' id='word_1_81' title='bbox 559 950 636 1024; x_wconf 89' lang='lat' dir='ltr'>Deo</span> <span class='ocrx_word' id='word_1_82' title='bbox 656 955 783 1034; x_wconf 90' lang='lat' dir='ltr'>daute,</span> <span class='ocrx_word' id='word_1_83' title='bbox 809 949 1028 1040; x_wconf 86' lang='lat' dir='ltr'>paulopost,</span> <span class='ocrx_word' id='word_1_84' title='bbox 1077 970 1136 1014; x_wconf 82' lang='lat' dir='ltr'>arx</span> <span class='ocrx_word' id='word_1_85' title='bbox 1160 945 1320 1036; x_wconf 91' lang='lat' dir='ltr'>imperii,</span> <span class='ocrx_word' id='word_1_86' title='bbox 1346 945 1472 1014; x_wconf 89' lang='lat' dir='ltr'>amissa</span> <span class='ocrx_word' id='word_1_87' title='bbox 1496 969 1575 1016; x_wconf 89' lang='lat' dir='ltr'>arce</span> <span class='ocrx_word' id='word_1_88' title='bbox 1599 947 1712 1016; x_wconf 93' lang='lat' dir='ltr'>victor</span> <span class='ocrx_word' id='word_1_89' title='bbox 1737 948 1855 1022; x_wconf 89' lang='lat' dir='ltr'>statim</span> <span class='ocrx_word' id='word_1_90' title='bbox 1878 950 2064 1039; x_wconf 90' lang='lat' dir='ltr'>occupavit</span> 
     </span>
     <span class='ocr_line' id='line_1_8' title="bbox 23 1045 2063 1146; baseline -0.007 -13"><span class='ocrx_word' id='word_1_91' title='bbox 23 1089 100 1134; x_wconf 84' lang='lat' dir='ltr'>corn</span> <span class='ocrx_word' id='word_1_92' title='bbox 125 1060 248 1130; x_wconf 86' lang='lat' dir='ltr'>armis</span> <span class='ocrx_word' id='word_1_93' title='bbox 268 1057 457 1146; x_wconf 89' lang='lat' dir='ltr'>depositis,</span> <span class='ocrx_word' id='word_1_94' title='bbox 483 1057 527 1124; x_wconf 90' lang='lat' dir='ltr'>de</span> <span class='ocrx_word' id='word_1_95' title='bbox 551 1077 653 1146; x_wconf 87' lang='lat' dir='ltr'>pace,</span> <span class='ocrx_word' id='word_1_96' title='bbox 679 1052 837 1130; x_wconf 90' lang='lat' dir='ltr'>iusticia,</span> <span class='ocrx_word' id='word_1_97' title='bbox 863 1049 1028 1119; x_wconf 88' lang='lat' dir='ltr'>debonis</span> <span class='ocrx_word' id='word_1_98' title='bbox 1078 1046 1229 1115; x_wconf 90' lang='lat' dir='ltr'>vicinam</span> <span class='ocrx_word' id='word_1_99' title='bbox 1259 1053 1357 1114; x_wconf 77' lang='lat' dir='ltr'>oram</span> <span class='ocrx_word' id='word_1_100' title='bbox 1388 1059 1539 1118; x_wconf 88' lang='lat' dir='ltr'>veterem</span> <span class='ocrx_word' id='word_1_101' title='bbox 1570 1045 1757 1138; x_wconf 85' lang='lat' dir='ltr'>Mysorum</span> <span class='ocrx_word' id='word_1_102' title='bbox 1788 1049 1927 1130; x_wconf 89' lang='lat' dir='ltr'>sedem,</span> <span class='ocrx_word' id='word_1_103' title='bbox 1960 1048 2063 1120; x_wconf 87' lang='lat' dir='ltr'>Pelo-</span> 
     </span>
     <span class='ocr_line' id='line_1_9' title="bbox 23 1142 2063 1250; baseline -0.006 -18"><span class='ocrx_word' id='word_1_104' title='bbox 23 1162 213 1240; x_wconf 71' lang='lat' dir='ltr'>saucibus,</span> <span class='ocrx_word' id='word_1_105' title='bbox 247 1161 292 1228; x_wconf 92' lang='lat' dir='ltr'>de</span> <span class='ocrx_word' id='word_1_106' title='bbox 313 1155 491 1228; x_wconf 84' lang='lat' dir='ltr'>Ecclesiae</span> <span class='ocrx_word' id='word_1_107' title='bbox 520 1155 778 1250; x_wconf 84' lang='lat' dir='ltr'>tranquillitate</span> <span class='ocrx_word' id='word_1_108' title='bbox 798 1151 1027 1221; x_wconf 87' lang='lat' dir='ltr'>deliberatio-</span> <span class='ocrx_word' id='word_1_109' title='bbox 1077 1169 1296 1236; x_wconf 88' lang='lat' dir='ltr'>ponnesum,</span> <span class='ocrx_word' id='word_1_110' title='bbox 1322 1142 1556 1232; x_wconf 89' lang='lat' dir='ltr'>Corinthum,</span> <span class='ocrx_word' id='word_1_111' title='bbox 1581 1145 1811 1240; x_wconf 87' lang='lat' dir='ltr'>Mitylenem,</span> <span class='ocrx_word' id='word_1_112' title='bbox 1837 1163 1871 1219; x_wconf 91' lang='lat' dir='ltr'>et</span> <span class='ocrx_word' id='word_1_113' title='bbox 1887 1149 2063 1240; x_wconf 88' lang='lat' dir='ltr'>ingressus</span> 
     </span>
     <span class='ocr_line' id='line_1_10' title="bbox 25 1243 2063 1350; baseline -0.005 -18"><span class='ocrx_word' id='word_1_114' title='bbox 25 1289 83 1334; x_wconf 90' lang='lat' dir='ltr'>nes</span> <span class='ocrx_word' id='word_1_115' title='bbox 106 1275 246 1332; x_wconf 88' lang='lat' dir='ltr'>erunt:</span> <span class='ocrx_word' id='word_1_116' title='bbox 272 1258 486 1350; x_wconf 80' lang='lat' dir='ltr'>Respublica</span> <span class='ocrx_word' id='word_1_117' title='bbox 508 1259 692 1328; x_wconf 89' lang='lat' dir='ltr'>doctorum</span> <span class='ocrx_word' id='word_1_118' title='bbox 715 1256 891 1336; x_wconf 88' lang='lat' dir='ltr'>virorum,</span> <span class='ocrx_word' id='word_1_119' title='bbox 917 1251 1028 1322; x_wconf 91' lang='lat' dir='ltr'>luris-</span> <span class='ocrx_word' id='word_1_120' title='bbox 1076 1245 1255 1318; x_wconf 88' lang='lat' dir='ltr'>Barbarus</span> <span class='ocrx_word' id='word_1_121' title='bbox 1278 1247 1315 1315; x_wconf 93' lang='lat' dir='ltr'>in</span> <span class='ocrx_word' id='word_1_122' title='bbox 1337 1243 1479 1334; x_wconf 87' lang='lat' dir='ltr'>Asiam,</span> <span class='ocrx_word' id='word_1_123' title='bbox 1504 1247 1645 1338; x_wconf 88' lang='lat' dir='ltr'>imperii</span> <span class='ocrx_word' id='word_1_124' title='bbox 1669 1271 1784 1318; x_wconf 89' lang='lat' dir='ltr'>arcem</span> <span class='ocrx_word' id='word_1_125' title='bbox 1809 1249 1954 1318; x_wconf 91' lang='lat' dir='ltr'>alteram</span> <span class='ocrx_word' id='word_1_126' title='bbox 1970 1249 2063 1321; x_wconf 85' lang='lat' dir='ltr'>Tra-</span> 
     </span>
     <span class='ocr_line' id='line_1_11' title="bbox 26 1349 1381 1445; baseline -0.012 -10"><span class='ocrx_word' id='word_1_127' title='bbox 26 1366 282 1435; x_wconf 89' lang='lat' dir='ltr'>eunsultorum</span> <span class='ocrx_word' id='word_1_128' title='bbox 314 1383 436 1430; x_wconf 90' lang='lat' dir='ltr'>vocem</span> <span class='ocrx_word' id='word_1_129' title='bbox 465 1371 499 1430; x_wconf 90' lang='lat' dir='ltr'>et</span> <span class='ocrx_word' id='word_1_130' title='bbox 528 1356 737 1428; x_wconf 87' lang='lat' dir='ltr'>sententiam</span> <span class='ocrx_word' id='word_1_131' title='bbox 761 1354 896 1425; x_wconf 81' lang='lat' dir='ltr'>audiet:</span> <span class='ocrx_word' id='word_1_132' title='bbox 937 1375 1027 1445; x_wconf 91' lang='lat' dir='ltr'>quae</span> <span class='ocrx_word' id='word_1_133' title='bbox 1077 1363 1259 1441; x_wconf 85' lang='lat' dir='ltr'>pezuntem</span> <span class='ocrx_word' id='word_1_134' title='bbox 1279 1349 1381 1438; x_wconf 92' lang='lat' dir='ltr'>cepit.</span> 
     </span>
     <span class='ocr_line' id='line_1_12' title="bbox 26 1446 2065 1558; baseline -0.006 -22"><span class='ocrx_word' id='word_1_135' title='bbox 26 1481 109 1537; x_wconf 92' lang='lat' dir='ltr'>tunc</span> <span class='ocrx_word' id='word_1_136' title='bbox 127 1465 283 1558; x_wconf 90' lang='lat' dir='ltr'>quidem</span> <span class='ocrx_word' id='word_1_137' title='bbox 297 1462 425 1532; x_wconf 88' lang='lat' dir='ltr'>llorere</span> <span class='ocrx_word' id='word_1_138' title='bbox 449 1482 571 1530; x_wconf 90' lang='lat' dir='ltr'>rursus</span> <span class='ocrx_word' id='word_1_139' title='bbox 591 1458 756 1550; x_wconf 90' lang='lat' dir='ltr'>incipiet,</span> <span class='ocrx_word' id='word_1_140' title='bbox 781 1456 812 1525; x_wconf 90' lang='lat' dir='ltr'>si</span> <span class='ocrx_word' id='word_1_141' title='bbox 833 1455 1027 1534; x_wconf 87' lang='lat' dir='ltr'>veritatem,</span> <span class='ocrx_word' id='word_1_142' title='bbox 1177 1447 1436 1520; x_wconf 90' lang='lat' dir='ltr'>Lamentantur</span> <span class='ocrx_word' id='word_1_143' title='bbox 1460 1446 1658 1543; x_wconf 83' lang='lat' dir='ltr'>Prophetae</span> <span class='ocrx_word' id='word_1_144' title='bbox 1686 1451 1825 1522; x_wconf 87' lang='lat' dir='ltr'>avulsas</span> <span class='ocrx_word' id='word_1_145' title='bbox 1850 1476 1869 1521; x_wconf 86' lang='lat' dir='ltr'>a</span> <span class='ocrx_word' id='word_1_146' title='bbox 1893 1449 1999 1536; x_wconf 92' lang='lat' dir='ltr'>luda,</span> <span class='ocrx_word' id='word_1_147' title='bbox 2030 1469 2065 1524; x_wconf 92' lang='lat' dir='ltr'>et</span> 
     </span>
     <span class='ocr_line' id='line_1_13' title="bbox 27 1551 2064 1654; baseline -0.007 -17"><span class='ocrx_word' id='word_1_148' title='bbox 27 1569 168 1638; x_wconf 77' lang='lat' dir='ltr'>esclusa</span> <span class='ocrx_word' id='word_1_149' title='bbox 187 1556 411 1654; x_wconf 78' lang='lat' dir='ltr'>sophistica,</span> <span class='ocrx_word' id='word_1_150' title='bbox 435 1583 554 1631; x_wconf 88' lang='lat' dir='ltr'>amare</span> <span class='ocrx_word' id='word_1_151' title='bbox 573 1559 738 1651; x_wconf 86' lang='lat' dir='ltr'>coeperit.</span> <span class='ocrx_word' id='word_1_152' title='bbox 781 1556 815 1626; x_wconf 80' lang='lat' dir='ltr'>&#39;I&#39;</span> <span class='ocrx_word' id='word_1_153' title='bbox 817 1555 908 1624; x_wconf 90' lang='lat' dir='ltr'>alem</span> <span class='ocrx_word' id='word_1_154' title='bbox 930 1570 1027 1624; x_wconf 90' lang='lat' dir='ltr'>tran·</span> <span class='ocrx_word' id='word_1_155' title='bbox 1077 1551 1261 1638; x_wconf 91' lang='lat' dir='ltr'>dissipatas</span> <span class='ocrx_word' id='word_1_156' title='bbox 1274 1553 1393 1620; x_wconf 91' lang='lat' dir='ltr'>decem</span> <span class='ocrx_word' id='word_1_157' title='bbox 1409 1551 1535 1636; x_wconf 91' lang='lat' dir='ltr'>tribus,</span> <span class='ocrx_word' id='word_1_158' title='bbox 1562 1554 1600 1621; x_wconf 91' lang='lat' dir='ltr'>in</span> <span class='ocrx_word' id='word_1_159' title='bbox 1615 1553 1744 1644; x_wconf 92' lang='lat' dir='ltr'>quibus</span> <span class='ocrx_word' id='word_1_160' title='bbox 1759 1554 1952 1623; x_wconf 88' lang='lat' dir='ltr'>floruerant</span> <span class='ocrx_word' id='word_1_161' title='bbox 1967 1576 2064 1624; x_wconf 89' lang='lat' dir='ltr'>sum-</span> 
     </span>
     <span class='ocr_line' id='line_1_14' title="bbox 29 1647 2064 1761; baseline -0.006 -23"><span class='ocrx_word' id='word_1_162' title='bbox 29 1669 251 1761; x_wconf 90' lang='lat' dir='ltr'>quillitatem</span> <span class='ocrx_word' id='word_1_163' title='bbox 280 1677 320 1734; x_wconf 94' lang='lat' dir='ltr'>ut</span> <span class='ocrx_word' id='word_1_164' title='bbox 341 1661 438 1733; x_wconf 87' lang='lat' dir='ltr'>Dens</span> <span class='ocrx_word' id='word_1_165' title='bbox 460 1661 622 1734; x_wconf 85' lang='lat' dir='ltr'>restituat</span> <span class='ocrx_word' id='word_1_166' title='bbox 645 1658 875 1742; x_wconf 83' lang='lat' dir='ltr'>Germaniae,</span> <span class='ocrx_word' id='word_1_167' title='bbox 905 1677 1028 1726; x_wconf 85' lang='lat' dir='ltr'>ornnes</span> <span class='ocrx_word' id='word_1_168' title='bbox 1077 1652 1129 1720; x_wconf 90' lang='lat' dir='ltr'>mi</span> <span class='ocrx_word' id='word_1_169' title='bbox 1149 1647 1347 1742; x_wconf 87' lang='lat' dir='ltr'>Prophetae</span> <span class='ocrx_word' id='word_1_170' title='bbox 1367 1649 1465 1722; x_wconf 91' lang='lat' dir='ltr'>Elias</span> <span class='ocrx_word' id='word_1_171' title='bbox 1488 1667 1523 1723; x_wconf 90' lang='lat' dir='ltr'>et</span> <span class='ocrx_word' id='word_1_172' title='bbox 1540 1651 1697 1737; x_wconf 89' lang='lat' dir='ltr'>Eliseus,</span> <span class='ocrx_word' id='word_1_173' title='bbox 1722 1667 1757 1724; x_wconf 92' lang='lat' dir='ltr'>et</span> <span class='ocrx_word' id='word_1_174' title='bbox 1778 1679 1901 1724; x_wconf 90' lang='lat' dir='ltr'>eorum</span> <span class='ocrx_word' id='word_1_175' title='bbox 1922 1657 2064 1726; x_wconf 90' lang='lat' dir='ltr'>audito-</span> 
     </span>
     <span class='ocr_line' id='line_1_15' title="bbox 30 1749 2066 1856; baseline 0.002 -34"><span class='ocrx_word' id='word_1_176' title='bbox 30 1793 67 1838; x_wconf 58' lang='grc' dir='ltr'>εχ</span> <span class='ocrx_word' id='word_1_177' title='bbox 84 1769 216 1838; x_wconf 62' lang='lat' dir='ltr'>animo</span> <span class='ocrx_word' id='word_1_178' title='bbox 233 1779 405 1856; x_wconf 60' lang='lat' dir='ltr'>optemus,</span> <span class='ocrx_word' id='word_1_179' title='bbox 454 1761 550 1836; x_wconf 73' lang='lat' dir='ltr'>Dixi,</span> <span class='ocrx_word' id='word_1_180' title='bbox 1077 1775 1144 1823; x_wconf 87' lang='lat' dir='ltr'>res.</span> <span class='ocrx_word' id='word_1_181' title='bbox 1196 1749 1388 1822; x_wconf 89' lang='lat' dir='ltr'>Dolcamus</span> <span class='ocrx_word' id='word_1_182' title='bbox 1409 1766 1443 1823; x_wconf 91' lang='lat' dir='ltr'>ct</span> <span class='ocrx_word' id='word_1_183' title='bbox 1464 1777 1547 1840; x_wconf 88' lang='lat' dir='ltr'>nos,</span> <span class='ocrx_word' id='word_1_184' title='bbox 1573 1752 1726 1824; x_wconf 88' lang='lat' dir='ltr'>Graecas</span> <span class='ocrx_word' id='word_1_185' title='bbox 1749 1767 1782 1824; x_wconf 92' lang='lat' dir='ltr'>et</span> <span class='ocrx_word' id='word_1_186' title='bbox 1803 1751 1973 1824; x_wconf 89' lang='lat' dir='ltr'>Asiaticas</span> <span class='ocrx_word' id='word_1_187' title='bbox 1994 1753 2066 1826; x_wconf 87' lang='lat' dir='ltr'>Ec-</span> 
     </span>
     <span class='ocr_line' id='line_1_16' title="bbox 414 1853 2064 1946; baseline 0.004 -25"><span class='ocrx_word' id='word_1_188' title='bbox 414 1866 416 1874; x_wconf 83' lang='grc'>’</span> <span class='ocrx_word' id='word_1_189' title='bbox 1078 1853 1201 1923; x_wconf 92' lang='lat' dir='ltr'>clesias</span> <span class='ocrx_word' id='word_1_190' title='bbox 1225 1866 1276 1924; x_wconf 94' lang='lat' dir='ltr'>tot</span> <span class='ocrx_word' id='word_1_191' title='bbox 1295 1854 1427 1924; x_wconf 86' lang='lat' dir='ltr'>deletas</span> <span class='ocrx_word' id='word_1_192' title='bbox 1449 1877 1542 1946; x_wconf 90' lang='lat' dir='ltr'>esse,</span> <span class='ocrx_word' id='word_1_193' title='bbox 1569 1869 1603 1925; x_wconf 90' lang='lat' dir='ltr'>et</span> <span class='ocrx_word' id='word_1_194' title='bbox 1625 1856 1662 1924; x_wconf 91' lang='lat' dir='ltr'>in</span> <span class='ocrx_word' id='word_1_195' title='bbox 1686 1879 1725 1924; x_wconf 91' lang='lat' dir='ltr'>ea</span> <span class='ocrx_word' id='word_1_196' title='bbox 1750 1856 1894 1924; x_wconf 89' lang='lat' dir='ltr'>natione</span> <span class='ocrx_word' id='word_1_197' title='bbox 1912 1857 2064 1928; x_wconf 79' lang='lat' dir='ltr'>extincta</span> 
     </span>
     <span class='ocr_line' id='line_1_17' title="bbox 778 1953 2065 2046; baseline 0.002 -22"><span class='ocrx_word' id='word_1_198' title='bbox 778 1979 1029 1998; x_wconf 79' lang='lat'>--········-</span> <span class='ocrx_word' id='word_1_199' title='bbox 1078 1953 1212 2038; x_wconf 90' lang='lat' dir='ltr'>studia,</span> <span class='ocrx_word' id='word_1_200' title='bbox 1237 1977 1327 2046; x_wconf 86' lang='lat' dir='ltr'>qnae</span> <span class='ocrx_word' id='word_1_201' title='bbox 1347 1954 1571 2044; x_wconf 89' lang='lat' dir='ltr'>ingeniorum</span> <span class='ocrx_word' id='word_1_202' title='bbox 1593 1956 1776 2046; x_wconf 85' lang='lat' dir='ltr'>sagacitate</span> <span class='ocrx_word' id='word_1_203' title='bbox 1789 1957 1933 2026; x_wconf 88' lang='lat' dir='ltr'>caeteris</span> <span class='ocrx_word' id='word_1_204' title='bbox 1949 1958 2065 2045; x_wconf 88' lang='lat' dir='ltr'>genti-</span> 
     </span>
     <span class='ocr_line' id='line_1_18' title="bbox 1079 2055 2065 2144; baseline 0.004 -20"><span class='ocrx_word' id='word_1_205' title='bbox 1079 2056 1146 2124; x_wconf 92' lang='lat' dir='ltr'>bus</span> <span class='ocrx_word' id='word_1_206' title='bbox 1169 2055 1336 2127; x_wconf 88' lang='lat' dir='ltr'>omnibus</span> <span class='ocrx_word' id='word_1_207' title='bbox 1359 2057 1582 2140; x_wconf 88' lang='lat' dir='ltr'>antecelluit,</span> <span class='ocrx_word' id='word_1_208' title='bbox 1612 2071 1704 2128; x_wconf 89' lang='lat' dir='ltr'>artes</span> <span class='ocrx_word' id='word_1_209' title='bbox 1725 2058 1864 2144; x_wconf 89' lang='lat' dir='ltr'>genuit,</span> <span class='ocrx_word' id='word_1_210' title='bbox 1897 2071 1957 2127; x_wconf 90' lang='lat' dir='ltr'>aut</span> <span class='ocrx_word' id='word_1_211' title='bbox 1980 2059 2065 2129; x_wconf 93' lang='lat' dir='ltr'>illu·</span> 
     </span>
     <span class='ocr_line' id='line_1_19' title="bbox 55 2133 2064 2255; baseline 0.003 -31"><span class='ocrx_word' id='word_1_212' title='bbox 55 2142 121 2210; x_wconf 62' lang='lat' dir='ltr'>No.</span> <span class='ocrx_word' id='word_1_213' title='bbox 140 2137 211 2210; x_wconf 84' lang='lat'>77·</span> <span class='ocrx_word' id='word_1_214' title='bbox 852 2133 1023 2255; x_wconf 53' lang='lat' dir='ltr'><em>Q</em></span> <span class='ocrx_word' id='word_1_215' title='bbox 1079 2157 1222 2235; x_wconf 86' lang='lat' dir='ltr'>stravit,</span> <span class='ocrx_word' id='word_1_216' title='bbox 1256 2170 1290 2226; x_wconf 97' lang='lat' dir='ltr'>et</span> <span class='ocrx_word' id='word_1_217' title='bbox 1318 2157 1356 2224; x_wconf 91' lang='lat' dir='ltr'>in</span> <span class='ocrx_word' id='word_1_218' title='bbox 1383 2157 1602 2247; x_wconf 87' lang='lat' dir='ltr'>possessione</span> <span class='ocrx_word' id='word_1_219' title='bbox 1623 2158 1804 2228; x_wconf 91' lang='lat' dir='ltr'>doctrinae</span> <span class='ocrx_word' id='word_1_220' title='bbox 1825 2158 1893 2228; x_wconf 89' lang='lat' dir='ltr'>suit</span> <span class='ocrx_word' id='word_1_221' title='bbox 1911 2159 2064 2250; x_wconf 90' lang='lat' dir='ltr'>amplius</span> 
     </span>
     <span class='ocr_line' id='line_1_20' title="bbox 42 2233 2065 2330; baseline 0.004 -8"><span class='ocrx_word' id='word_1_222' title='bbox 42 2233 219 2263; x_wconf 41' lang='grc' dir='ltr'>ΨΜ</span> <span class='ocrx_word' id='word_1_223' title='bbox 1080 2257 1594 2330; x_wconf 91' lang='lat' dir='ltr'>duobusmillibusanoorum.</span> <span class='ocrx_word' id='word_1_224' title='bbox 1635 2257 1732 2327; x_wconf 89' lang='lat' dir='ltr'>Haec</span> <span class='ocrx_word' id='word_1_225' title='bbox 1745 2272 1842 2330; x_wconf 88' lang='lat' dir='ltr'>tanta</span> <span class='ocrx_word' id='word_1_226' title='bbox 1858 2275 2065 2330; x_wconf 87' lang='lat' dir='ltr'>ornamenta</span> 
     </span>
     <span class='ocr_line' id='line_1_21' title="bbox 199 2347 2065 2462; baseline -0.004 -24"><span class='ocrx_word' id='word_1_227' title='bbox 199 2353 277 2438; x_wconf 78' lang='lat' dir='ltr'>De</span> <span class='ocrx_word' id='word_1_228' title='bbox 308 2351 427 2438; x_wconf 76' lang='lat' dir='ltr'>dotto</span> <span class='ocrx_word' id='word_1_229' title='bbox 457 2347 864 2462; x_wconf 66' lang='lat' dir='ltr'>interpretationis.</span> <span class='ocrx_word' id='word_1_230' title='bbox 1080 2359 1217 2448; x_wconf 91' lang='lat' dir='ltr'>generis</span> <span class='ocrx_word' id='word_1_231' title='bbox 1238 2351 1385 2426; x_wconf 89' lang='lat' dir='ltr'>humani</span> <span class='ocrx_word' id='word_1_232' title='bbox 1408 2357 1501 2427; x_wconf 90' lang='lat' dir='ltr'>intra</span> <span class='ocrx_word' id='word_1_233' title='bbox 1522 2360 1641 2426; x_wconf 90' lang='lat' dir='ltr'>decem</span> <span class='ocrx_word' id='word_1_234' title='bbox 1657 2382 1832 2430; x_wconf 89' lang='lat' dir='ltr'>annorum</span> <span class='ocrx_word' id='word_1_235' title='bbox 1848 2360 2065 2430; x_wconf 89' lang='lat' dir='ltr'>curriculum</span> 
     </span>
     <span class='ocr_line' id='line_1_22' title="bbox 102 2455 2066 2581; baseline 0.003 -54"><span class='ocrx_word' id='word_1_236' title='bbox 102 2515 135 2566; x_wconf 58' lang='grc' dir='ltr'>,ῃ</span> <span class='ocrx_word' id='word_1_237' title='bbox 165 2513 323 2568; x_wconf 70' lang='lat' dir='ltr'>neelami.</span> <span class='ocrx_word' id='word_1_238' title='bbox 345 2510 380 2568; x_wconf 49' lang='lat' dir='ltr'>T·</span> <span class='ocrx_word' id='word_1_239' title='bbox 394 2509 441 2566; x_wconf 61' lang='lat' dir='ltr'>„L</span> <span class='ocrx_word' id='word_1_240' title='bbox 465 2529 493 2581; x_wconf 83' lang='lat' dir='ltr'>p.</span> <span class='ocrx_word' id='word_1_241' title='bbox 504 2507 556 2563; x_wconf 65' lang='lat'>4⁶3</span> <span class='ocrx_word' id='word_1_242' title='bbox 567 2526 644 2579; x_wconf 51' lang='lat' dir='ltr'>,w</span> <span class='ocrx_word' id='word_1_243' title='bbox 675 2505 792 2562; x_wconf 42' lang='lat' dir='ltr'>sm·</span> <span class='ocrx_word' id='word_1_244' title='bbox 809 2505 843 2560; x_wconf 42' lang='lat' dir='ltr'>T·</span> <span class='ocrx_word' id='word_1_245' title='bbox 857 2504 905 2560; x_wconf 44' lang='lat' dir='ltr'>m·</span> <span class='ocrx_word' id='word_1_246' title='bbox 923 2523 948 2575; x_wconf 81' lang='lat' dir='ltr'>p.</span> <span class='ocrx_word' id='word_1_247' title='bbox 961 2507 1031 2568; x_wconf 39' lang='lat'><strong>440..</strong></span> <span class='ocrx_word' id='word_1_248' title='bbox 1082 2471 1161 2552; x_wconf 92' lang='lat' dir='ltr'>post</span> <span class='ocrx_word' id='word_1_249' title='bbox 1183 2473 1319 2549; x_wconf 90' lang='lat' dir='ltr'>captam</span> <span class='ocrx_word' id='word_1_250' title='bbox 1335 2455 1682 2577; x_wconf 75' lang='lat' dir='ltr'>Constantinopolim</span> <span class='ocrx_word' id='word_1_251' title='bbox 1704 2460 1829 2530; x_wconf 88' lang='lat' dir='ltr'>obruta</span> <span class='ocrx_word' id='word_1_252' title='bbox 1847 2475 1941 2534; x_wconf 88' lang='lat' dir='ltr'>sunt.</span> <span class='ocrx_word' id='word_1_253' title='bbox 1991 2460 2066 2579; x_wconf 74' lang='lat' dir='ltr'>Nec</span> 
     </span>
     <span class='ocr_line' id='line_1_23' title="bbox 135 2555 2065 2660; baseline -0.002 -26"><span class='ocrx_word' id='word_1_254' title='bbox 135 2585 205 2635; x_wconf 76' lang='lat' dir='ltr'>trem</span> <span class='ocrx_word' id='word_1_255' title='bbox 226 2583 254 2633; x_wconf 79' lang='lat' dir='ltr'>tn</span> <span class='ocrx_word' id='word_1_256' title='bbox 271 2579 362 2634; x_wconf 67' lang='lat' dir='ltr'>&#39;torno</span> <span class='ocrx_word' id='word_1_257' title='bbox 373 2579 419 2636; x_wconf 84' lang='grc' dir='ltr'>ΙΙΙ.</span> <span class='ocrx_word' id='word_1_258' title='bbox 437 2577 603 2660; x_wconf 65' lang='lat' dir='ltr'>astacenus</span> <span class='ocrx_word' id='word_1_259' title='bbox 621 2577 661 2658; x_wconf 69' lang='lat' dir='ltr'>to.</span> <span class='ocrx_word' id='word_1_260' title='bbox 672 2575 713 2644; x_wconf 87' lang='lat' dir='ltr'>tt,</span> <span class='ocrx_word' id='word_1_261' title='bbox 730 2576 756 2656; x_wconf 67' lang='grc' dir='ltr'>ρ.</span> <span class='ocrx_word' id='word_1_262' title='bbox 774 2585 801 2628; x_wconf 71' lang='grc' dir='ltr'>ει</span> <span class='ocrx_word' id='word_1_263' title='bbox 818 2574 890 2658; x_wconf 69' lang='lat' dir='ltr'>spuo</span> <span class='ocrx_word' id='word_1_264' title='bbox 903 2573 1032 2656; x_wconf 63' lang='lat' dir='ltr'>nictare.</span> <span class='ocrx_word' id='word_1_265' title='bbox 1082 2584 1166 2629; x_wconf 88' lang='lat' dir='ltr'>vero</span> <span class='ocrx_word' id='word_1_266' title='bbox 1187 2571 1324 2628; x_wconf 90' lang='lat' dir='ltr'>tontum</span> <span class='ocrx_word' id='word_1_267' title='bbox 1345 2560 1621 2629; x_wconf 74' lang='lat' dir='ltr'>:inbecillitatem</span> <span class='ocrx_word' id='word_1_268' title='bbox 1638 2583 1756 2630; x_wconf 88' lang='lat' dir='ltr'>rerum</span> <span class='ocrx_word' id='word_1_269' title='bbox 1774 2555 2008 2632; x_wconf 87' lang='lat' dir='ltr'>humanarum</span> <span class='ocrx_word' id='word_1_270' title='bbox 2025 2587 2065 2631; x_wconf 85' lang='lat' dir='ltr'>ru</span> 
     </span>
     <span class='ocr_line' id='line_1_24' title="bbox 137 2645 2066 2782; baseline -0.004 -10"><span class='ocrx_word' id='word_1_271' title='bbox 137 2649 285 2772; x_wconf 59' lang='lat' dir='ltr'>Tatta·</span> <span class='ocrx_word' id='word_1_272' title='bbox 298 2649 432 2771; x_wconf 63' lang='lat' dir='ltr'>tim</span> <span class='ocrx_word' id='word_1_273' title='bbox 445 2645 1032 2782; x_wconf 51' lang='lat' dir='ltr'>bagarras:”aareaaa</span> <span class='ocrx_word' id='word_1_274' title='bbox 1083 2657 1149 2779; x_wconf 71' lang='lat' dir='ltr'>vc</span> <span class='ocrx_word' id='word_1_275' title='bbox 1163 2660 1382 2778; x_wconf 61' lang='lat' dir='ltr'>,coaptione</span> <span class='ocrx_word' id='word_1_276' title='bbox 1405 2661 1644 2778; x_wconf 59' lang='lat' dir='ltr'>devoremus·</span> <span class='ocrx_word' id='word_1_277' title='bbox 1677 2663 1735 2730; x_wconf 66' lang='lat' dir='ltr'>sed</span> <span class='ocrx_word' id='word_1_278' title='bbox 1761 2661 1864 2732; x_wconf 68' lang='lat' dir='ltr'>eam</span> <span class='ocrx_word' id='word_1_279' title='bbox 2031 2677 2066 2734; x_wconf 68' lang='lat' dir='ltr'>a</span> 
     </span>
     <span class='ocr_line' id='line_1_25' title="bbox 137 2742 2066 2860; baseline -0.003 -21"><span class='ocrx_word' id='word_1_280' title='bbox 137 2742 240 2840; x_wconf 69' lang='lat' dir='ltr'>aiones</span> <span class='ocrx_word' id='word_1_281' title='bbox 257 2795 284 2836; x_wconf 78' lang='lat' dir='ltr'>et</span> <span class='ocrx_word' id='word_1_282' title='bbox 295 2787 398 2858; x_wconf 76' lang='lat' dir='ltr'>:cripta</span> <span class='ocrx_word' id='word_1_283' title='bbox 415 2795 468 2841; x_wconf 76' lang='lat' dir='ltr'>esc.</span> <span class='ocrx_word' id='word_1_284' title='bbox 485 2801 512 2854; x_wconf 83' lang='lat' dir='ltr'>p.</span> <span class='ocrx_word' id='word_1_285' title='bbox 523 2781 586 2838; x_wconf 71' lang='lat'>⁴4⁰.</span> <span class='ocrx_word' id='word_1_286' title='bbox 605 2781 724 2854; x_wconf 74' lang='lat' dir='ltr'>quiens</span> <span class='ocrx_word' id='word_1_287' title='bbox 738 2779 904 2835; x_wconf 71' lang='lat' dir='ltr'>sectavitis</span> <span class='ocrx_word' id='word_1_288' title='bbox 917 2779 1032 2849; x_wconf 68' lang='lat' dir='ltr'>syricio</span> <span class='ocrx_word' id='word_1_289' title='bbox 1081 2761 1353 2855; x_wconf 81' lang='lat' dir='ltr'>stgmficatrones</span> <span class='ocrx_word' id='word_1_290' title='bbox 1367 2785 1589 2855; x_wconf 76' lang='lat' dir='ltr'>aspiciamus:</span> <span class='ocrx_word' id='word_1_291' title='bbox 1617 2775 1650 2830; x_wconf 90' lang='lat' dir='ltr'>et</span> <span class='ocrx_word' id='word_1_292' title='bbox 1663 2776 1834 2860; x_wconf 87' lang='lat' dir='ltr'>quantum</span> <span class='ocrx_word' id='word_1_293' title='bbox 1849 2765 1925 2831; x_wconf 73' lang='lat' dir='ltr'>fieri</span> <span class='ocrx_word' id='word_1_294' title='bbox 1940 2779 2066 2852; x_wconf 85' lang='lat' dir='ltr'>potest,</span> 
     </span>
     <span class='ocr_line' id='line_1_26' title="bbox 138 2854 2066 2955; baseline -0.003 -15"><span class='ocrx_word' id='word_1_295' title='bbox 138 2854 281 2914; x_wconf 76' lang='lat'><strong>²¹¹·²⁶⁴⁹·</strong></span> <span class='ocrx_word' id='word_1_296' title='bbox 1083 2887 1283 2955; x_wconf 87' lang='lat' dir='ltr'>caveamus,</span> <span class='ocrx_word' id='word_1_297' title='bbox 1323 2886 1367 2940; x_wconf 87' lang='lat' dir='ltr'>ne</span> <span class='ocrx_word' id='word_1_298' title='bbox 1395 2864 1569 2936; x_wconf 77' lang='lat' dir='ltr'>similibus</span> <span class='ocrx_word' id='word_1_299' title='bbox 1600 2863 1856 2934; x_wconf 83' lang='lat' dir='ltr'>calamitatibus</span> <span class='ocrx_word' id='word_1_300' title='bbox 1884 2865 2066 2955; x_wconf 88' lang='lat' dir='ltr'>opprima·</span> 
     </span>
     <span class='ocr_line' id='line_1_27' title="bbox 1082 2962 2067 3059; baseline -0.006 -17"><span class='ocrx_word' id='word_1_301' title='bbox 1082 2997 1175 3042; x_wconf 88' lang='lat' dir='ltr'>mur.</span> <span class='ocrx_word' id='word_1_302' title='bbox 1231 2971 1323 3042; x_wconf 90' lang='lat' dir='ltr'>Sunt</span> <span class='ocrx_word' id='word_1_303' title='bbox 1346 2970 1441 3040; x_wconf 93' lang='lat' dir='ltr'>enim</span> <span class='ocrx_word' id='word_1_304' title='bbox 1466 2962 1702 3040; x_wconf 88' lang='lat' dir='ltr'>humanorum</span> <span class='ocrx_word' id='word_1_305' title='bbox 1728 2968 1896 3038; x_wconf 89' lang='lat' dir='ltr'>scelerum</span> <span class='ocrx_word' id='word_1_306' title='bbox 1921 2991 2067 3059; x_wconf 89' lang='lat' dir='ltr'>poenae,</span> 
     </span>
     <span class='ocr_line' id='line_1_28' title="bbox 1082 3068 2067 3168; baseline -0.009 -24"><span class='ocrx_word' id='word_1_307' title='bbox 1082 3097 1169 3168; x_wconf 89' lang='lat' dir='ltr'>quas</span> <span class='ocrx_word' id='word_1_308' title='bbox 1183 3071 1278 3143; x_wconf 89' lang='lat' dir='ltr'>Deus</span> <span class='ocrx_word' id='word_1_309' title='bbox 1292 3068 1469 3142; x_wconf 85' lang='lat' dir='ltr'>Ecclesiae</span> <span class='ocrx_word' id='word_1_310' title='bbox 1486 3096 1601 3142; x_wconf 90' lang='lat' dir='ltr'>mores</span> <span class='ocrx_word' id='word_1_311' title='bbox 1616 3094 1698 3142; x_wconf 90' lang='lat' dir='ltr'>suos</span> <span class='ocrx_word' id='word_1_312' title='bbox 1713 3069 1933 3149; x_wconf 87' lang='lat' dir='ltr'>emendanti,</span> <span class='ocrx_word' id='word_1_313' title='bbox 1960 3082 1993 3137; x_wconf 94' lang='lat' dir='ltr'>et</span> <span class='ocrx_word' id='word_1_314' title='bbox 2010 3069 2067 3156; x_wconf 84' lang='lat' dir='ltr'>in-</span> 
     </span>
     <span class='ocr_line' id='line_1_29' title="bbox 1084 3170 2069 3260; baseline -0.002 -16"><span class='ocrx_word' id='word_1_315' title='bbox 1084 3175 1224 3245; x_wconf 86' lang='lat' dir='ltr'>vocanti</span> <span class='ocrx_word' id='word_1_316' title='bbox 1239 3176 1350 3245; x_wconf 89' lang='lat' dir='ltr'>filium</span> <span class='ocrx_word' id='word_1_317' title='bbox 1365 3173 1611 3260; x_wconf 86' lang='lat' dir='ltr'>Mediatorem,</span> <span class='ocrx_word' id='word_1_318' title='bbox 1637 3197 1676 3247; x_wconf 89' lang='lat' dir='ltr'>ae</span> <span class='ocrx_word' id='word_1_319' title='bbox 1689 3171 1856 3246; x_wconf 84' lang='lat' dir='ltr'>retinenti</span> <span class='ocrx_word' id='word_1_320' title='bbox 1872 3170 1985 3240; x_wconf 87' lang='lat' dir='ltr'>lucem</span> <span class='ocrx_word' id='word_1_321' title='bbox 2001 3171 2069 3242; x_wconf 89' lang='lat' dir='ltr'>do·</span> 
     </span>
     <span class='ocr_line' id='line_1_30' title="bbox 43 3263 1752 3367; baseline 0.001 -19"><span class='ocrx_word' id='word_1_322' title='bbox 43 3263 150 3348; x_wconf 75' lang='lat' dir='ltr'>luicio</span> <span class='ocrx_word' id='word_1_323' title='bbox 180 3277 313 3366; x_wconf 81' lang='lat' dir='ltr'>gratias</span> <span class='ocrx_word' id='word_1_324' title='bbox 339 3299 482 3366; x_wconf 83' lang='lat' dir='ltr'>agamus</span> <span class='ocrx_word' id='word_1_325' title='bbox 504 3275 583 3347; x_wconf 93' lang='lat' dir='ltr'>Deo</span> <span class='ocrx_word' id='word_1_326' title='bbox 604 3291 746 3347; x_wconf 89' lang='lat' dir='ltr'>aeterno</span> <span class='ocrx_word' id='word_1_327' title='bbox 766 3273 866 3348; x_wconf 90' lang='lat' dir='ltr'>Patri</span> <span class='ocrx_word' id='word_1_328' title='bbox 887 3278 1033 3349; x_wconf 90' lang='lat' dir='ltr'>Domini</span> <span class='ocrx_word' id='word_1_329' title='bbox 1082 3277 1489 3360; x_wconf 86' lang='lat' dir='ltr'>ctrinaetumremittit,</span> <span class='ocrx_word' id='word_1_330' title='bbox 1516 3292 1590 3348; x_wconf 92' lang='lat' dir='ltr'>tum</span> <span class='ocrx_word' id='word_1_331' title='bbox 1606 3281 1752 3367; x_wconf 88' lang='lat' dir='ltr'>mitigat.</span> 
     </span>
     <span class='ocr_line' id='line_1_31' title="bbox 46 3373 2068 3470; baseline 0.002 -27"><span class='ocrx_word' id='word_1_332' title='bbox 46 3379 153 3447; x_wconf 86' lang='lat' dir='ltr'>nostri</span> <span class='ocrx_word' id='word_1_333' title='bbox 180 3378 262 3448; x_wconf 88' lang='lat' dir='ltr'>lesu</span> <span class='ocrx_word' id='word_1_334' title='bbox 277 3373 430 3462; x_wconf 88' lang='lat' dir='ltr'>Christi,</span> <span class='ocrx_word' id='word_1_335' title='bbox 455 3379 550 3470; x_wconf 90' lang='lat' dir='ltr'>quod</span> <span class='ocrx_word' id='word_1_336' title='bbox 566 3373 760 3448; x_wconf 82' lang='lat' dir='ltr'>Ecclesiam</span> <span class='ocrx_word' id='word_1_337' title='bbox 784 3402 901 3459; x_wconf 88' lang='lat' dir='ltr'>suam,</span> <span class='ocrx_word' id='word_1_338' title='bbox 926 3379 1034 3448; x_wconf 81' lang='lat' dir='ltr'>miui-</span> <span class='ocrx_word' id='word_1_339' title='bbox 1183 3373 1279 3464; x_wconf 89' lang='lat' dir='ltr'>Ergo</span> <span class='ocrx_word' id='word_1_340' title='bbox 1294 3393 1326 3447; x_wconf 91' lang='lat' dir='ltr'>et</span> <span class='ocrx_word' id='word_1_341' title='bbox 1344 3378 1423 3444; x_wconf 90' lang='lat' dir='ltr'>illae</span> <span class='ocrx_word' id='word_1_342' title='bbox 1441 3378 1563 3446; x_wconf 76' lang='lat' dir='ltr'>resinae</span> <span class='ocrx_word' id='word_1_343' title='bbox 1580 3377 1765 3461; x_wconf 80' lang='lat' dir='ltr'>Graeciae,</span> <span class='ocrx_word' id='word_1_344' title='bbox 1791 3392 1826 3448; x_wconf 93' lang='lat' dir='ltr'>et</span> <span class='ocrx_word' id='word_1_345' title='bbox 1841 3403 1934 3448; x_wconf 85' lang='lat' dir='ltr'>nanc</span> <span class='ocrx_word' id='word_1_346' title='bbox 1949 3399 2068 3448; x_wconf 87' lang='lat' dir='ltr'>recens</span> 
     </span>
     <span class='ocr_line' id='line_1_32' title="bbox 46 3473 2070 3567; baseline 0.001 -22"><span class='ocrx_word' id='word_1_347' title='bbox 46 3481 190 3550; x_wconf 83' lang='lat' dir='ltr'>sterium</span> <span class='ocrx_word' id='word_1_348' title='bbox 215 3476 418 3567; x_wconf 76' lang='lat' dir='ltr'>Evangelii,</span> <span class='ocrx_word' id='word_1_349' title='bbox 450 3493 486 3547; x_wconf 91' lang='lat' dir='ltr'>et</span> <span class='ocrx_word' id='word_1_350' title='bbox 515 3473 599 3548; x_wconf 85' lang='lat' dir='ltr'>haec</span> <span class='ocrx_word' id='word_1_351' title='bbox 622 3479 738 3548; x_wconf 87' lang='lat' dir='ltr'>studia</span> <span class='ocrx_word' id='word_1_352' title='bbox 760 3479 961 3564; x_wconf 89' lang='lat' dir='ltr'>doctrinae,</span> <span class='ocrx_word' id='word_1_353' title='bbox 994 3483 1033 3548; x_wconf 93' lang='lat' dir='ltr'>in</span> <span class='ocrx_word' id='word_1_354' title='bbox 1084 3477 1288 3546; x_wconf 89' lang='lat' dir='ltr'>incendium</span> <span class='ocrx_word' id='word_1_355' title='bbox 1307 3475 1529 3557; x_wconf 89' lang='lat' dir='ltr'>Pannoniae,</span> <span class='ocrx_word' id='word_1_356' title='bbox 1555 3503 1620 3547; x_wconf 91' lang='lat' dir='ltr'>nos</span> <span class='ocrx_word' id='word_1_357' title='bbox 1635 3482 1678 3547; x_wconf 89' lang='lat' dir='ltr'>de</span> <span class='ocrx_word' id='word_1_358' title='bbox 1696 3481 1745 3546; x_wconf 88' lang='lat' dir='ltr'>ira</span> <span class='ocrx_word' id='word_1_359' title='bbox 1763 3476 1828 3547; x_wconf 89' lang='lat' dir='ltr'>Dei</span> <span class='ocrx_word' id='word_1_360' title='bbox 1845 3484 2070 3562; x_wconf 89' lang='lat' dir='ltr'>admoneant,</span> 
     </span>
     <span class='ocr_line' id='line_1_33' title="bbox 48 3575 2070 3671; baseline 0.001 -26"><span class='ocrx_word' id='word_1_361' title='bbox 48 3583 150 3649; x_wconf 89' lang='lat' dir='ltr'>tantis</span> <span class='ocrx_word' id='word_1_362' title='bbox 181 3579 298 3648; x_wconf 89' lang='lat' dir='ltr'>ruinis</span> <span class='ocrx_word' id='word_1_363' title='bbox 326 3579 575 3671; x_wconf 89' lang='lat' dir='ltr'>imperiorum,</span> <span class='ocrx_word' id='word_1_364' title='bbox 615 3592 650 3649; x_wconf 88' lang='lat' dir='ltr'>et</span> <span class='ocrx_word' id='word_1_365' title='bbox 677 3579 811 3648; x_wconf 87' lang='lat' dir='ltr'>diaboli</span> <span class='ocrx_word' id='word_1_366' title='bbox 842 3581 1035 3664; x_wconf 78' lang='lat' dir='ltr'>latoribus,</span> <span class='ocrx_word' id='word_1_367' title='bbox 1084 3591 1119 3648; x_wconf 92' lang='lat' dir='ltr'>et</span> <span class='ocrx_word' id='word_1_368' title='bbox 1140 3579 1183 3646; x_wconf 90' lang='lat' dir='ltr'>ad</span> <span class='ocrx_word' id='word_1_369' title='bbox 1200 3601 1339 3645; x_wconf 89' lang='lat' dir='ltr'>morum</span> <span class='ocrx_word' id='word_1_370' title='bbox 1355 3578 1630 3647; x_wconf 88' lang='lat' dir='ltr'>moderationem</span> <span class='ocrx_word' id='word_1_371' title='bbox 1646 3575 1845 3659; x_wconf 88' lang='lat' dir='ltr'>retrabant,</span> <span class='ocrx_word' id='word_1_372' title='bbox 1871 3593 1904 3648; x_wconf 88' lang='lat' dir='ltr'>et</span> <span class='ocrx_word' id='word_1_373' title='bbox 1921 3580 2070 3649; x_wconf 90' lang='lat' dir='ltr'>incitent</span> 
     </span>
     <span class='ocr_line' id='line_1_34' title="bbox 48 3677 2070 3772; baseline 0.002 -28"><span class='ocrx_word' id='word_1_374' title='bbox 48 3701 118 3748; x_wconf 93' lang='lat' dir='ltr'>non</span> <span class='ocrx_word' id='word_1_375' title='bbox 139 3681 229 3751; x_wconf 90' lang='lat' dir='ltr'>sinit</span> <span class='ocrx_word' id='word_1_376' title='bbox 248 3680 381 3772; x_wconf 89' lang='lat' dir='ltr'>ubique</span> <span class='ocrx_word' id='word_1_377' title='bbox 401 3678 529 3749; x_wconf 87' lang='lat' dir='ltr'>deleri:</span> <span class='ocrx_word' id='word_1_378' title='bbox 555 3681 615 3748; x_wconf 90' lang='lat' dir='ltr'>sed</span> <span class='ocrx_word' id='word_1_379' title='bbox 641 3679 813 3749; x_wconf 89' lang='lat' dir='ltr'>mirandis</span> <span class='ocrx_word' id='word_1_380' title='bbox 833 3681 948 3750; x_wconf 91' lang='lat' dir='ltr'>modis</span> <span class='ocrx_word' id='word_1_381' title='bbox 961 3705 1035 3750; x_wconf 89' lang='lat' dir='ltr'>ser·</span> <span class='ocrx_word' id='word_1_382' title='bbox 1085 3680 1128 3748; x_wconf 89' lang='lat' dir='ltr'>ad</span> <span class='ocrx_word' id='word_1_383' title='bbox 1151 3679 1501 3768; x_wconf 83' lang='lat' dir='ltr'>placandunrDeum.</span> <span class='ocrx_word' id='word_1_384' title='bbox 1555 3677 1635 3750; x_wconf 89' lang='lat' dir='ltr'>Uno</span> <span class='ocrx_word' id='word_1_385' title='bbox 1659 3693 1815 3769; x_wconf 87' lang='lat' dir='ltr'>pectore,</span> <span class='ocrx_word' id='word_1_386' title='bbox 1843 3705 1914 3749; x_wconf 91' lang='lat' dir='ltr'>nno</span> <span class='ocrx_word' id='word_1_387' title='bbox 1937 3681 2070 3769; x_wconf 89' lang='lat' dir='ltr'>gemitu</span> 
     </span>
     <span class='ocr_line' id='line_1_35' title="bbox 51 3775 2071 3871; baseline 0.002 -27"><span class='ocrx_word' id='word_1_388' title='bbox 51 3795 120 3863; x_wconf 89' lang='lat' dir='ltr'>vat,</span> <span class='ocrx_word' id='word_1_389' title='bbox 142 3797 177 3851; x_wconf 92' lang='lat' dir='ltr'>et</span> <span class='ocrx_word' id='word_1_390' title='bbox 198 3781 350 3850; x_wconf 88' lang='lat' dir='ltr'>subinde</span> <span class='ocrx_word' id='word_1_391' title='bbox 370 3779 562 3864; x_wconf 85' lang='lat' dir='ltr'>instaurat,</span> <span class='ocrx_word' id='word_1_392' title='bbox 585 3795 621 3851; x_wconf 92' lang='lat' dir='ltr'>et</span> <span class='ocrx_word' id='word_1_393' title='bbox 635 3780 753 3850; x_wconf 89' lang='lat' dir='ltr'>lucem</span> <span class='ocrx_word' id='word_1_394' title='bbox 763 3775 949 3870; x_wconf 82' lang='lat' dir='ltr'>Evangelii</span> <span class='ocrx_word' id='word_1_395' title='bbox 966 3784 1034 3852; x_wconf 89' lang='lat' dir='ltr'>late</span> <span class='ocrx_word' id='word_1_396' title='bbox 1085 3793 1122 3848; x_wconf 86' lang='lat' dir='ltr'>et·</span> <span class='ocrx_word' id='word_1_397' title='bbox 1147 3803 1218 3848; x_wconf 88' lang='lat' dir='ltr'>una</span> <span class='ocrx_word' id='word_1_398' title='bbox 1249 3803 1335 3848; x_wconf 90' lang='lat' dir='ltr'>voce</span> <span class='ocrx_word' id='word_1_399' title='bbox 1363 3780 1568 3849; x_wconf 89' lang='lat' dir='ltr'>clamemus:</span> <span class='ocrx_word' id='word_1_400' title='bbox 1610 3775 1847 3871; x_wconf 88' lang='lat' dir='ltr'>Omnipotens</span> <span class='ocrx_word' id='word_1_401' title='bbox 1875 3794 1909 3850; x_wconf 92' lang='lat' dir='ltr'>et</span> <span class='ocrx_word' id='word_1_402' title='bbox 1932 3795 2071 3849; x_wconf 90' lang='lat' dir='ltr'>aeterne</span> 
     </span>
     <span class='ocr_line' id='line_1_36' title="bbox 52 3877 2072 3973; baseline 0.001 -27"><span class='ocrx_word' id='word_1_403' title='bbox 52 3883 193 3969; x_wconf 85' lang='lat' dir='ltr'>spargit:</span> <span class='ocrx_word' id='word_1_404' title='bbox 228 3907 268 3951; x_wconf 92' lang='lat' dir='ltr'>ac</span> <span class='ocrx_word' id='word_1_405' title='bbox 293 3881 500 3951; x_wconf 88' lang='lat' dir='ltr'>ardentibus</span> <span class='ocrx_word' id='word_1_406' title='bbox 526 3881 726 3950; x_wconf 89' lang='lat' dir='ltr'>animorum</span> <span class='ocrx_word' id='word_1_407' title='bbox 749 3883 841 3952; x_wconf 91' lang='lat' dir='ltr'>votis</span> <span class='ocrx_word' id='word_1_408' title='bbox 865 3897 1036 3973; x_wconf 88' lang='lat' dir='ltr'>petamus,</span> <span class='ocrx_word' id='word_1_409' title='bbox 1085 3878 1200 3959; x_wconf 86' lang='lat' dir='ltr'>Deus,</span> <span class='ocrx_word' id='word_1_410' title='bbox 1232 3896 1371 3950; x_wconf 87' lang='lat' dir='ltr'>aeterne</span> <span class='ocrx_word' id='word_1_411' title='bbox 1390 3879 1496 3950; x_wconf 91' lang='lat' dir='ltr'>Pater</span> <span class='ocrx_word' id='word_1_412' title='bbox 1518 3877 1666 3950; x_wconf 87' lang='lat' dir='ltr'>Domini</span> <span class='ocrx_word' id='word_1_413' title='bbox 1690 3882 1801 3950; x_wconf 89' lang='lat' dir='ltr'>nostri</span> <span class='ocrx_word' id='word_1_414' title='bbox 1827 3879 1905 3950; x_wconf 83' lang='lat' dir='ltr'>lesu</span> <span class='ocrx_word' id='word_1_415' title='bbox 1926 3877 2072 3964; x_wconf 89' lang='lat' dir='ltr'>Christi,</span> 
     </span>
     <span class='ocr_line' id='line_1_37' title="bbox 52 3977 2070 4068; baseline 0.001 -21"><span class='ocrx_word' id='word_1_416' title='bbox 52 3994 88 4050; x_wconf 86' lang='lat' dir='ltr'>ut</span> <span class='ocrx_word' id='word_1_417' title='bbox 110 3983 245 4054; x_wconf 90' lang='lat' dir='ltr'>diutius</span> <span class='ocrx_word' id='word_1_418' title='bbox 266 3982 371 4051; x_wconf 88' lang='lat' dir='ltr'>etiarn</span> <span class='ocrx_word' id='word_1_419' title='bbox 393 3981 462 4052; x_wconf 87' lang='lat' dir='ltr'>sibi</span> <span class='ocrx_word' id='word_1_420' title='bbox 477 3977 670 4052; x_wconf 85' lang='lat' dir='ltr'>Ecclesiam</span> <span class='ocrx_word' id='word_1_421' title='bbox 686 3983 847 4068; x_wconf 84' lang='lat' dir='ltr'>colligat,</span> <span class='ocrx_word' id='word_1_422' title='bbox 872 3999 906 4052; x_wconf 90' lang='lat' dir='ltr'>et</span> <span class='ocrx_word' id='word_1_423' title='bbox 920 3985 1035 4054; x_wconf 84' lang='lat' dir='ltr'>studia</span> <span class='ocrx_word' id='word_1_424' title='bbox 1087 3981 1251 4052; x_wconf 90' lang='lat' dir='ltr'>conditor</span> <span class='ocrx_word' id='word_1_425' title='bbox 1278 3981 1439 4050; x_wconf 89' lang='lat' dir='ltr'>omnium</span> <span class='ocrx_word' id='word_1_426' title='bbox 1470 4007 1607 4062; x_wconf 87' lang='lat' dir='ltr'>rerum,</span> <span class='ocrx_word' id='word_1_427' title='bbox 1649 3995 1681 4050; x_wconf 91' lang='lat' dir='ltr'>et</span> <span class='ocrx_word' id='word_1_428' title='bbox 1706 3997 1949 4058; x_wconf 84' lang='lat' dir='ltr'>conservator,</span> <span class='ocrx_word' id='word_1_429' title='bbox 1989 4007 2070 4052; x_wconf 88' lang='lat' dir='ltr'>curn</span> 
     </span>
     <span class='ocr_line' id='line_1_38' title="bbox 53 4075 2074 4176; baseline 0 -27"><span class='ocrx_word' id='word_1_430' title='bbox 53 4075 254 4171; x_wconf 83' lang='lat' dir='ltr'>Evangelii,</span> <span class='ocrx_word' id='word_1_431' title='bbox 279 4083 488 4154; x_wconf 87' lang='lat' dir='ltr'>etomnium</span> <span class='ocrx_word' id='word_1_432' title='bbox 503 4083 647 4168; x_wconf 92' lang='lat' dir='ltr'>artium,</span> <span class='ocrx_word' id='word_1_433' title='bbox 671 4109 762 4176; x_wconf 88' lang='lat' dir='ltr'>quae</span> <span class='ocrx_word' id='word_1_434' title='bbox 773 4079 950 4152; x_wconf 87' lang='lat' dir='ltr'>Ecclesiae</span> <span class='ocrx_word' id='word_1_435' title='bbox 965 4087 1035 4156; x_wconf 89' lang='lat' dir='ltr'>uti·</span> <span class='ocrx_word' id='word_1_436' title='bbox 1086 4082 1179 4152; x_wconf 81' lang='lat' dir='ltr'>Filio</span> <span class='ocrx_word' id='word_1_437' title='bbox 1200 4095 1261 4150; x_wconf 92' lang='lat' dir='ltr'>tuo</span> <span class='ocrx_word' id='word_1_438' title='bbox 1282 4096 1466 4152; x_wconf 88' lang='lat' dir='ltr'>coaeterno</span> <span class='ocrx_word' id='word_1_439' title='bbox 1487 4079 1642 4151; x_wconf 87' lang='lat' dir='ltr'>Domino</span> <span class='ocrx_word' id='word_1_440' title='bbox 1671 4096 1792 4151; x_wconf 88' lang='lat' dir='ltr'>nostro</span> <span class='ocrx_word' id='word_1_441' title='bbox 1815 4083 1895 4152; x_wconf 87' lang='lat' dir='ltr'>lesu</span> <span class='ocrx_word' id='word_1_442' title='bbox 1916 4077 2074 4166; x_wconf 81' lang='lat' dir='ltr'>Christo,</span> 
     </span>
     <span class='ocr_line' id='line_1_39' title="bbox 56 4181 2074 4272; baseline 0.003 -26"><span class='ocrx_word' id='word_1_443' title='bbox 56 4181 102 4248; x_wconf 89' lang='lat' dir='ltr'>les</span> <span class='ocrx_word' id='word_1_444' title='bbox 122 4201 224 4264; x_wconf 87' lang='lat' dir='ltr'>saut,</span> <span class='ocrx_word' id='word_1_445' title='bbox 249 4185 417 4254; x_wconf 81' lang='lat' dir='ltr'>defendat</span> <span class='ocrx_word' id='word_1_446' title='bbox 437 4197 472 4254; x_wconf 91' lang='lat' dir='ltr'>et</span> <span class='ocrx_word' id='word_1_447' title='bbox 489 4183 651 4268; x_wconf 93' lang='lat' dir='ltr'>adiuvet,</span> <span class='ocrx_word' id='word_1_448' title='bbox 672 4197 713 4253; x_wconf 91' lang='lat' dir='ltr'>ut</span> <span class='ocrx_word' id='word_1_449' title='bbox 730 4200 821 4253; x_wconf 87' lang='lat' dir='ltr'>recte</span> <span class='ocrx_word' id='word_1_450' title='bbox 839 4185 1037 4270; x_wconf 84' lang='lat' dir='ltr'>invocetur,</span> <span class='ocrx_word' id='word_1_451' title='bbox 1086 4196 1255 4271; x_wconf 88' lang='lat' dir='ltr'>regnante</span> <span class='ocrx_word' id='word_1_452' title='bbox 1272 4197 1404 4266; x_wconf 87' lang='lat' dir='ltr'>tecum,</span> <span class='ocrx_word' id='word_1_453' title='bbox 1429 4195 1464 4250; x_wconf 90' lang='lat' dir='ltr'>et</span> <span class='ocrx_word' id='word_1_454' title='bbox 1478 4184 1648 4270; x_wconf 87' lang='lat' dir='ltr'>patefacto</span> <span class='ocrx_word' id='word_1_455' title='bbox 1663 4183 1700 4250; x_wconf 95' lang='lat' dir='ltr'>in</span> <span class='ocrx_word' id='word_1_456' title='bbox 1715 4181 1922 4264; x_wconf 89' lang='lat' dir='ltr'>lerusalem,</span> <span class='ocrx_word' id='word_1_457' title='bbox 1944 4199 1978 4254; x_wconf 93' lang='lat' dir='ltr'>et</span> <span class='ocrx_word' id='word_1_458' title='bbox 1990 4182 2074 4272; x_wconf 85' lang='lat' dir='ltr'>Spi-</span> 
     </span>
     <span class='ocr_line' id='line_1_40' title="bbox 57 4277 2073 4378; baseline 0.003 -32"><span class='ocrx_word' id='word_1_459' title='bbox 57 4305 94 4348; x_wconf 90' lang='lat' dir='ltr'>ac</span> <span class='ocrx_word' id='word_1_460' title='bbox 117 4287 207 4354; x_wconf 89' lang='lat' dir='ltr'>veris</span> <span class='ocrx_word' id='word_1_461' title='bbox 232 4286 397 4355; x_wconf 89' lang='lat' dir='ltr'>laudibus</span> <span class='ocrx_word' id='word_1_462' title='bbox 417 4285 628 4366; x_wconf 87' lang='lat' dir='ltr'>celebretur,</span> <span class='ocrx_word' id='word_1_463' title='bbox 656 4300 691 4356; x_wconf 90' lang='lat' dir='ltr'>et</span> <span class='ocrx_word' id='word_1_464' title='bbox 712 4285 829 4378; x_wconf 87' lang='lat' dir='ltr'>aliqua</span> <span class='ocrx_word' id='word_1_465' title='bbox 854 4286 949 4356; x_wconf 88' lang='lat' dir='ltr'>inter</span> <span class='ocrx_word' id='word_1_466' title='bbox 970 4284 1038 4357; x_wconf 90' lang='lat' dir='ltr'>bo·</span> <span class='ocrx_word' id='word_1_467' title='bbox 1087 4288 1160 4354; x_wconf 90' lang='lat' dir='ltr'>ritu</span> <span class='ocrx_word' id='word_1_468' title='bbox 1183 4295 1305 4352; x_wconf 88' lang='lat' dir='ltr'>sancto</span> <span class='ocrx_word' id='word_1_469' title='bbox 1326 4296 1408 4364; x_wconf 90' lang='lat' dir='ltr'>tuo,</span> <span class='ocrx_word' id='word_1_470' title='bbox 1432 4283 1597 4352; x_wconf 90' lang='lat' dir='ltr'>miserere</span> <span class='ocrx_word' id='word_1_471' title='bbox 1620 4277 1725 4352; x_wconf 90' lang='lat' dir='ltr'>buius</span> <span class='ocrx_word' id='word_1_472' title='bbox 1741 4298 1879 4353; x_wconf 88' lang='lat' dir='ltr'>nostrae</span> <span class='ocrx_word' id='word_1_473' title='bbox 1895 4281 2073 4353; x_wconf 87' lang='lat' dir='ltr'>Ecclesiae</span> 
     </span>
     <span class='ocr_line' id='line_1_41' title="bbox 58 4379 2074 4474; baseline 0.004 -29"><span class='ocrx_word' id='word_1_474' title='bbox 58 4380 164 4453; x_wconf 80' lang='lat' dir='ltr'>:uiues</span> <span class='ocrx_word' id='word_1_475' title='bbox 180 4387 350 4456; x_wconf 88' lang='lat' dir='ltr'>virtutum</span> <span class='ocrx_word' id='word_1_476' title='bbox 367 4386 530 4455; x_wconf 81' lang='lat' dir='ltr'>exercitia</span> <span class='ocrx_word' id='word_1_477' title='bbox 545 4401 579 4455; x_wconf 93' lang='lat' dir='ltr'>et</span> <span class='ocrx_word' id='word_1_478' title='bbox 594 4385 780 4454; x_wconf 88' lang='lat' dir='ltr'>seminaria</span> <span class='ocrx_word' id='word_1_479' title='bbox 796 4403 972 4461; x_wconf 88' lang='lat' dir='ltr'>maneant.</span> <span class='ocrx_word' id='word_1_480' title='bbox 1088 4399 1122 4454; x_wconf 88' lang='lat' dir='ltr'>et</span> <span class='ocrx_word' id='word_1_481' title='bbox 1157 4399 1275 4452; x_wconf 90' lang='lat' dir='ltr'>coetus</span> <span class='ocrx_word' id='word_1_482' title='bbox 1311 4379 1531 4467; x_wconf 88' lang='lat' dir='ltr'>scholastici,</span> <span class='ocrx_word' id='word_1_483' title='bbox 1576 4397 1719 4474; x_wconf 87' lang='lat' dir='ltr'>propter</span> <span class='ocrx_word' id='word_1_484' title='bbox 1748 4383 1863 4454; x_wconf 84' lang='lat' dir='ltr'>le&#39;sum</span> <span class='ocrx_word' id='word_1_485' title='bbox 1892 4379 2074 4455; x_wconf 89' lang='lat' dir='ltr'>Christum</span> 
     </span>
     <span class='ocr_line' id='line_1_42' title="bbox 153 4484 2074 4580; baseline -0.001 -25"><span class='ocrx_word' id='word_1_486' title='bbox 153 4484 249 4556; x_wconf 89' lang='lat' dir='ltr'>Haec</span> <span class='ocrx_word' id='word_1_487' title='bbox 263 4501 298 4558; x_wconf 90' lang='lat' dir='ltr'>et</span> <span class='ocrx_word' id='word_1_488' title='bbox 311 4486 470 4580; x_wconf 91' lang='lat' dir='ltr'>quotidie</span> <span class='ocrx_word' id='word_1_489' title='bbox 487 4487 635 4576; x_wconf 88' lang='lat' dir='ltr'>petenda</span> <span class='ocrx_word' id='word_1_490' title='bbox 650 4500 744 4568; x_wconf 89' lang='lat' dir='ltr'>suot,</span> <span class='ocrx_word' id='word_1_491' title='bbox 770 4500 804 4556; x_wconf 89' lang='lat' dir='ltr'>et</span> <span class='ocrx_word' id='word_1_492' title='bbox 820 4503 858 4556; x_wconf 91' lang='lat' dir='ltr'>ut</span> <span class='ocrx_word' id='word_1_493' title='bbox 872 4489 1038 4558; x_wconf 90' lang='lat' dir='ltr'>iuventus</span> <span class='ocrx_word' id='word_1_494' title='bbox 1089 4485 1201 4554; x_wconf 85' lang='lat' dir='ltr'>filiam</span> <span class='ocrx_word' id='word_1_495' title='bbox 1223 4497 1345 4566; x_wconf 75' lang='lat' dir='ltr'>tetum,</span> <span class='ocrx_word' id='word_1_496' title='bbox 1370 4509 1474 4574; x_wconf 90' lang='lat' dir='ltr'>quem</span> <span class='ocrx_word' id='word_1_497' title='bbox 1495 4484 1638 4553; x_wconf 90' lang='lat' dir='ltr'>voluisti</span> <span class='ocrx_word' id='word_1_498' title='bbox 1662 4509 1726 4574; x_wconf 89' lang='lat' dir='ltr'>pro</span> <span class='ocrx_word' id='word_1_499' title='bbox 1750 4485 1862 4554; x_wconf 76' lang='lat' dir='ltr'>:rolris</span> <span class='ocrx_word' id='word_1_500' title='bbox 1876 4509 1949 4553; x_wconf 89' lang='lat' dir='ltr'>esse</span> <span class='ocrx_word' id='word_1_501' title='bbox 1972 4485 2074 4556; x_wconf 88' lang='lat' dir='ltr'>victi-</span> 
     </span>
     <span class='ocr_line' id='line_1_43' title="bbox 62 4579 2073 4676; baseline 0.003 -28"><span class='ocrx_word' id='word_1_502' title='bbox 62 4584 233 4659; x_wconf 89' lang='lat' dir='ltr'>admouita</span> <span class='ocrx_word' id='word_1_503' title='bbox 257 4584 386 4657; x_wconf 90' lang='lat' dir='ltr'>horum</span> <span class='ocrx_word' id='word_1_504' title='bbox 409 4600 589 4657; x_wconf 87' lang='lat' dir='ltr'>tantorum</span> <span class='ocrx_word' id='word_1_505' title='bbox 611 4587 786 4656; x_wconf 92' lang='lat' dir='ltr'>bonorum</span> <span class='ocrx_word' id='word_1_506' title='bbox 800 4613 883 4656; x_wconf 86' lang='lat' dir='ltr'>cura</span> <span class='ocrx_word' id='word_1_507' title='bbox 899 4589 1039 4657; x_wconf 83' lang='lat' dir='ltr'>adlicia·</span> <span class='ocrx_word' id='word_1_508' title='bbox 1091 4610 1204 4668; x_wconf 80' lang='lat' dir='ltr'>uram,</span> <span class='ocrx_word' id='word_1_509' title='bbox 1227 4579 1291 4656; x_wconf 78' lang='lat' dir='ltr'>tecti</span> <span class='ocrx_word' id='word_1_510' title='bbox 1313 4580 1466 4675; x_wconf 80' lang='grc' dir='ltr'><em>μεσίτην</em></span> <span class='ocrx_word' id='word_1_511' title='bbox 1490 4581 1552 4654; x_wconf 83' lang='grc' dir='ltr'>καὶ</span> <span class='ocrx_word' id='word_1_512' title='bbox 1574 4581 1717 4676; x_wconf 74' lang='grc' dir='ltr'>ἱκέτην,</span> <span class='ocrx_word' id='word_1_513' title='bbox 1744 4600 1777 4654; x_wconf 95' lang='lat' dir='ltr'>et</span> <span class='ocrx_word' id='word_1_514' title='bbox 1794 4586 1930 4674; x_wconf 85' lang='lat' dir='ltr'>Spiritu</span> <span class='ocrx_word' id='word_1_515' title='bbox 1952 4601 2073 4676; x_wconf 83' lang='lat' dir='ltr'>sancto</span> 
     </span>
     <span class='ocr_line' id='line_1_44' title="bbox 65 4684 2075 4780; baseline 0.001 -28"><span class='ocrx_word' id='word_1_516' title='bbox 65 4694 135 4768; x_wconf 87' lang='lat' dir='ltr'>tur,</span> <span class='ocrx_word' id='word_1_517' title='bbox 159 4684 198 4756; x_wconf 91' lang='lat' dir='ltr'>bi</span> <span class='ocrx_word' id='word_1_518' title='bbox 219 4710 425 4777; x_wconf 88' lang='lat' dir='ltr'>congressus</span> <span class='ocrx_word' id='word_1_519' title='bbox 447 4687 600 4757; x_wconf 90' lang='lat' dir='ltr'>instituti</span> <span class='ocrx_word' id='word_1_520' title='bbox 623 4701 720 4756; x_wconf 90' lang='lat' dir='ltr'>sunt:</span> <span class='ocrx_word' id='word_1_521' title='bbox 747 4687 786 4754; x_wconf 91' lang='lat' dir='ltr'>in</span> <span class='ocrx_word' id='word_1_522' title='bbox 809 4690 939 4780; x_wconf 79' lang='lat' dir='ltr'>qtribus</span> <span class='ocrx_word' id='word_1_523' title='bbox 959 4690 1039 4761; x_wconf 91' lang='lat' dir='ltr'>ideo</span> <span class='ocrx_word' id='word_1_524' title='bbox 1090 4701 1153 4756; x_wconf 91' lang='lat' dir='ltr'>tuo</span> <span class='ocrx_word' id='word_1_525' title='bbox 1174 4707 1254 4774; x_wconf 90' lang='lat' dir='ltr'>rege</span> <span class='ocrx_word' id='word_1_526' title='bbox 1277 4709 1392 4754; x_wconf 88' lang='lat' dir='ltr'>mores</span> <span class='ocrx_word' id='word_1_527' title='bbox 1414 4699 1571 4770; x_wconf 87' lang='lat' dir='ltr'>nostros,</span> <span class='ocrx_word' id='word_1_528' title='bbox 1597 4700 1630 4754; x_wconf 91' lang='lat' dir='ltr'>et</span> <span class='ocrx_word' id='word_1_529' title='bbox 1653 4687 1734 4754; x_wconf 88' lang='lat' dir='ltr'>iuva</span> <span class='ocrx_word' id='word_1_530' title='bbox 1752 4688 1867 4756; x_wconf 87' lang='lat' dir='ltr'>studia</span> <span class='ocrx_word' id='word_1_531' title='bbox 1883 4688 2075 4770; x_wconf 89' lang='lat' dir='ltr'>doctrinae,</span> 
     </span>
     <span class='ocr_line' id='line_1_45' title="bbox 66 4784 2075 4880; baseline 0.002 -30"><span class='ocrx_word' id='word_1_532' title='bbox 66 4784 105 4850; x_wconf 81' lang='lat' dir='ltr'>«le</span> <span class='ocrx_word' id='word_1_533' title='bbox 126 4788 305 4859; x_wconf 89' lang='lat' dir='ltr'>doctrinae</span> <span class='ocrx_word' id='word_1_534' title='bbox 328 4804 362 4858; x_wconf 92' lang='lat' dir='ltr'>et</span> <span class='ocrx_word' id='word_1_535' title='bbox 382 4791 426 4857; x_wconf 90' lang='lat' dir='ltr'>de</span> <span class='ocrx_word' id='word_1_536' title='bbox 446 4788 587 4858; x_wconf 90' lang='lat' dir='ltr'>virtutis</span> <span class='ocrx_word' id='word_1_537' title='bbox 604 4787 731 4858; x_wconf 89' lang='lat' dir='ltr'>studiis</span> <span class='ocrx_word' id='word_1_538' title='bbox 746 4788 915 4870; x_wconf 93' lang='lat' dir='ltr'>dicimus,</span> <span class='ocrx_word' id='word_1_539' title='bbox 939 4807 978 4860; x_wconf 93' lang='lat' dir='ltr'>ut</span> <span class='ocrx_word' id='word_1_540' title='bbox 995 4794 1040 4862; x_wconf 92' lang='lat' dir='ltr'>ad</span> <span class='ocrx_word' id='word_1_541' title='bbox 1091 4785 1236 4880; x_wconf 86' lang='lat' dir='ltr'>prop&#39;ter</span> <span class='ocrx_word' id='word_1_542' title='bbox 1269 4799 1365 4855; x_wconf 89' lang='lat' dir='ltr'>tuam</span> <span class='ocrx_word' id='word_1_543' title='bbox 1400 4787 1558 4856; x_wconf 90' lang='lat' dir='ltr'>laudern:</span> <span class='ocrx_word' id='word_1_544' title='bbox 1598 4810 1662 4855; x_wconf 91' lang='lat' dir='ltr'>nec</span> <span class='ocrx_word' id='word_1_545' title='bbox 1690 4785 2075 4872; x_wconf 57' lang='lat' dir='ltr'>autflnreicofurore,</span> 
     </span>
     <span class='ocr_line' id='line_1_46' title="bbox 69 4881 2077 4977; baseline 0.004 -30"><span class='ocrx_word' id='word_1_546' title='bbox 69 4881 315 4961; x_wconf 88' lang='lat' dir='ltr'>invocationem</span> <span class='ocrx_word' id='word_1_547' title='bbox 336 4891 408 4959; x_wconf 88' lang='lat' dir='ltr'>Dei</span> <span class='ocrx_word' id='word_1_548' title='bbox 440 4903 476 4960; x_wconf 91' lang='lat' dir='ltr'>et</span> <span class='ocrx_word' id='word_1_549' title='bbox 504 4890 549 4958; x_wconf 86' lang='lat' dir='ltr'>ad</span> <span class='ocrx_word' id='word_1_550' title='bbox 580 4903 712 4958; x_wconf 90' lang='lat' dir='ltr'>caetera</span> <span class='ocrx_word' id='word_1_551' title='bbox 744 4883 892 4962; x_wconf 86' lang='lat' dir='ltr'>honesta</span> <span class='ocrx_word' id='word_1_552' title='bbox 927 4893 1040 4962; x_wconf 86' lang='lat' dir='ltr'>officia</span> <span class='ocrx_word' id='word_1_553' title='bbox 1091 4902 1154 4960; x_wconf 93' lang='lat' dir='ltr'>aut</span> <span class='ocrx_word' id='word_1_554' title='bbox 1181 4887 1261 4956; x_wconf 86' lang='lat' dir='ltr'>aliis</span> <span class='ocrx_word' id='word_1_555' title='bbox 1292 4885 1548 4959; x_wconf 86' lang='lat' dir='ltr'>calamitatibus</span> <span class='ocrx_word' id='word_1_556' title='bbox 1569 4883 1755 4977; x_wconf 84' lang='lat' dir='ltr'>Evangelii</span> <span class='ocrx_word' id='word_1_557' title='bbox 1782 4887 1895 4970; x_wconf 84' lang='lat' dir='ltr'>lucem</span> <span class='ocrx_word' id='word_1_558' title='bbox 1919 4886 2077 4975; x_wconf 78' lang='lat' dir='ltr'>extingui</span> 
     </span>
     <span class='ocr_line' id='line_1_47' title="bbox 69 4983 2077 5080; baseline 0.003 -31"><span class='ocrx_word' id='word_1_559' title='bbox 69 4984 196 5079; x_wconf 92' lang='lat' dir='ltr'>aliquos</span> <span class='ocrx_word' id='word_1_560' title='bbox 217 4993 459 5061; x_wconf 87' lang='lat' dir='ltr'>accendamus.</span> <span class='ocrx_word' id='word_1_561' title='bbox 507 4987 665 5060; x_wconf 83' lang='lat' dir='ltr'>Maxime</span> <span class='ocrx_word' id='word_1_562' title='bbox 687 5013 771 5058; x_wconf 91' lang='lat' dir='ltr'>vero</span> <span class='ocrx_word' id='word_1_563' title='bbox 796 4985 853 5060; x_wconf 82' lang='lat' dir='ltr'>laic</span> <span class='ocrx_word' id='word_1_564' title='bbox 878 4992 953 5061; x_wconf 91' lang='lat' dir='ltr'>dies</span> <span class='ocrx_word' id='word_1_565' title='bbox 977 5017 1043 5064; x_wconf 88' lang='lat' dir='ltr'>nos</span> <span class='ocrx_word' id='word_1_566' title='bbox 1093 4990 1197 5059; x_wconf 85' lang='lat' dir='ltr'>sinas.</span> <span class='ocrx_word' id='word_1_567' title='bbox 1247 4985 1356 5058; x_wconf 90' lang='lat' dir='ltr'>Serva</span> <span class='ocrx_word' id='word_1_568' title='bbox 1370 4987 1436 5058; x_wconf 93' lang='lat' dir='ltr'>has</span> <span class='ocrx_word' id='word_1_569' title='bbox 1451 4987 1612 5078; x_wconf 91' lang='lat' dir='ltr'>politias,</span> <span class='ocrx_word' id='word_1_570' title='bbox 1637 4995 1726 5080; x_wconf 78' lang='lat' dir='ltr'>quae</span> <span class='ocrx_word' id='word_1_571' title='bbox 1741 4983 1823 5058; x_wconf 91' lang='lat' dir='ltr'>sunt</span> <span class='ocrx_word' id='word_1_572' title='bbox 1840 4983 1991 5079; x_wconf 89' lang='lat' dir='ltr'>hospitia</span> <span class='ocrx_word' id='word_1_573' title='bbox 2006 4985 2077 5057; x_wconf 87' lang='lat' dir='ltr'>Ec-</span> 
     </span>
     <span class='ocr_line' id='line_1_48' title="bbox 71 5076 2079 5184; baseline 0.003 -32"><span class='ocrx_word' id='word_1_574' title='bbox 71 5076 219 5162; x_wconf 86' lang='lat' dir='ltr'>hortetur</span> <span class='ocrx_word' id='word_1_575' title='bbox 235 5094 280 5161; x_wconf 94' lang='lat' dir='ltr'>ad</span> <span class='ocrx_word' id='word_1_576' title='bbox 299 5092 554 5183; x_wconf 85' lang='lat' dir='ltr'>precationem,</span> <span class='ocrx_word' id='word_1_577' title='bbox 580 5091 641 5184; x_wconf 87' lang='lat' dir='ltr'>qni</span> <span class='ocrx_word' id='word_1_578' title='bbox 658 5090 764 5160; x_wconf 92' lang='lat' dir='ltr'>nobis</span> <span class='ocrx_word' id='word_1_579' title='bbox 780 5091 818 5159; x_wconf 92' lang='lat' dir='ltr'>in</span> <span class='ocrx_word' id='word_1_580' title='bbox 836 5096 1041 5163; x_wconf 88' lang='lat' dir='ltr'>memoriam</span> <span class='ocrx_word' id='word_1_581' title='bbox 1093 5089 1218 5162; x_wconf 88' lang='lat' dir='ltr'>clesiae</span> <span class='ocrx_word' id='word_1_582' title='bbox 1247 5102 1327 5158; x_wconf 89' lang='lat' dir='ltr'>tuae</span> <span class='ocrx_word' id='word_1_583' title='bbox 1353 5101 1388 5158; x_wconf 85' lang='lat' dir='ltr'>ot</span> <span class='ocrx_word' id='word_1_584' title='bbox 1410 5088 1550 5178; x_wconf 91' lang='lat' dir='ltr'>piorum</span> <span class='ocrx_word' id='word_1_585' title='bbox 1574 5089 1784 5159; x_wconf 90' lang='lat' dir='ltr'>studiorum.</span> <span class='ocrx_word' id='word_1_586' title='bbox 1843 5085 2079 5184; x_wconf 78' lang='lat' dir='ltr'>Agnoscimus</span> 
     </span>
     <span class='ocr_line' id='line_1_49' title="bbox 72 5188 2078 5283; baseline 0.004 -33"><span class='ocrx_word' id='word_1_587' title='bbox 72 5190 189 5280; x_wconf 84' lang='lat' dir='ltr'>redigit</span> <span class='ocrx_word' id='word_1_588' title='bbox 209 5193 367 5283; x_wconf 85' lang='lat' dir='ltr'>ingentes</span> <span class='ocrx_word' id='word_1_589' title='bbox 390 5190 567 5263; x_wconf 85' lang='lat' dir='ltr'>Ecclesiae</span> <span class='ocrx_word' id='word_1_590' title='bbox 588 5191 715 5262; x_wconf 85' lang='lat' dir='ltr'>clades.</span> <span class='ocrx_word' id='word_1_591' title='bbox 781 5190 850 5262; x_wconf 88' lang='lat' dir='ltr'>llic</span> <span class='ocrx_word' id='word_1_592' title='bbox 874 5209 926 5263; x_wconf 89' lang='lat' dir='ltr'>est</span> <span class='ocrx_word' id='word_1_593' title='bbox 948 5197 1042 5264; x_wconf 90' lang='lat' dir='ltr'>enim</span> <span class='ocrx_word' id='word_1_594' title='bbox 1095 5206 1129 5262; x_wconf 88' lang='lat' dir='ltr'>te</span> <span class='ocrx_word' id='word_1_595' title='bbox 1155 5190 1247 5260; x_wconf 88' lang='lat' dir='ltr'>iuste</span> <span class='ocrx_word' id='word_1_596' title='bbox 1271 5189 1373 5258; x_wconf 90' lang='lat' dir='ltr'>irasci</span> <span class='ocrx_word' id='word_1_597' title='bbox 1399 5189 1520 5273; x_wconf 88' lang='lat' dir='ltr'>nobis,</span> <span class='ocrx_word' id='word_1_598' title='bbox 1551 5205 1696 5280; x_wconf 90' lang='lat' dir='ltr'>propter</span> <span class='ocrx_word' id='word_1_599' title='bbox 1716 5189 1826 5258; x_wconf 90' lang='lat' dir='ltr'>multa</span> <span class='ocrx_word' id='word_1_600' title='bbox 1850 5188 1935 5261; x_wconf 89' lang='lat' dir='ltr'>vitia</span> <span class='ocrx_word' id='word_1_601' title='bbox 1956 5205 2078 5272; x_wconf 86' lang='lat' dir='ltr'>nostra</span> 
     </span>
     <span class='ocr_line' id='line_1_50' title="bbox 74 5285 2081 5386; baseline 0.003 -30"><span class='ocrx_word' id='word_1_602' title='bbox 74 5285 140 5358; x_wconf 86' lang='lat' dir='ltr'>dics</span> <span class='ocrx_word' id='word_1_603' title='bbox 159 5310 274 5386; x_wconf 88' lang='lat' dir='ltr'>captae</span> <span class='ocrx_word' id='word_1_604' title='bbox 287 5292 633 5382; x_wconf 89' lang='lat' dir='ltr'>Constantinopolis,</span> <span class='ocrx_word' id='word_1_605' title='bbox 654 5307 736 5364; x_wconf 88' lang='lat' dir='ltr'>ante</span> <span class='ocrx_word' id='word_1_606' title='bbox 757 5317 869 5363; x_wconf 77' lang='lat' dir='ltr'>aversos</span> <span class='ocrx_word' id='word_1_607' title='bbox 883 5319 996 5364; x_wconf 75' lang='lat' dir='ltr'>nucem</span> <span class='ocrx_word' id='word_1_608' title='bbox 1012 5311 1045 5366; x_wconf 91' lang='lat' dir='ltr'>et</span> <span class='ocrx_word' id='word_1_609' title='bbox 1096 5306 1130 5362; x_wconf 92' lang='lat' dir='ltr'>et</span> <span class='ocrx_word' id='word_1_610' title='bbox 1145 5290 1301 5380; x_wconf 87' lang='lat' dir='ltr'>ingentia</span> <span class='ocrx_word' id='word_1_611' title='bbox 1318 5289 1460 5360; x_wconf 88' lang='lat' dir='ltr'>delicta:</span> <span class='ocrx_word' id='word_1_612' title='bbox 1487 5290 1547 5359; x_wconf 89' lang='lat' dir='ltr'>sed</span> <span class='ocrx_word' id='word_1_613' title='bbox 1561 5314 1641 5360; x_wconf 91' lang='lat' dir='ltr'>cum</span> <span class='ocrx_word' id='word_1_614' title='bbox 1655 5290 1728 5379; x_wconf 88' lang='lat' dir='ltr'>ipse</span> <span class='ocrx_word' id='word_1_615' title='bbox 1743 5313 1883 5360; x_wconf 88' lang='lat' dir='ltr'>revoces</span> <span class='ocrx_word' id='word_1_616' title='bbox 1897 5315 1962 5360; x_wconf 91' lang='lat' dir='ltr'>nos</span> <span class='ocrx_word' id='word_1_617' title='bbox 1976 5294 2019 5362; x_wconf 93' lang='lat' dir='ltr'>ad</span> <span class='ocrx_word' id='word_1_618' title='bbox 2036 5305 2081 5376; x_wconf 85' lang='lat' dir='ltr'>te,</span> 
     </span>
    </p>
   </div>
   <div class='ocr_carea' id='block_1_5' title="bbox 75 5389 2083 5567">
    <p class='ocr_par' dir='ltr' id='par_1_5' title="bbox 75 5389 2083 5567">
     <span class='ocr_line' id='line_1_51' title="bbox 75 5389 2083 5490; baseline 0.005 -38"><span class='ocrx_word' id='word_1_619' title='bbox 75 5396 270 5482; x_wconf 84' lang='lat' dir='ltr'>nonaginta:</span> <span class='ocrx_word' id='word_1_620' title='bbox 305 5419 395 5488; x_wconf 89' lang='lat' dir='ltr'>quae</span> <span class='ocrx_word' id='word_1_621' title='bbox 423 5417 503 5464; x_wconf 93' lang='lat' dir='ltr'>cum</span> <span class='ocrx_word' id='word_1_622' title='bbox 531 5393 616 5461; x_wconf 90' lang='lat' dir='ltr'>inde</span> <span class='ocrx_word' id='word_1_623' title='bbox 636 5407 749 5490; x_wconf 87' lang='lat' dir='ltr'>usque</span> <span class='ocrx_word' id='word_1_624' title='bbox 770 5421 790 5466; x_wconf 93' lang='lat' dir='ltr'>a</span> <span class='ocrx_word' id='word_1_625' title='bbox 810 5397 925 5487; x_wconf 90' lang='lat' dir='ltr'>primo</span> <span class='ocrx_word' id='word_1_626' title='bbox 948 5397 1046 5470; x_wconf 87' lang='lat' dir='ltr'>Con·</span> <span class='ocrx_word' id='word_1_627' title='bbox 1096 5409 1131 5466; x_wconf 89' lang='lat' dir='ltr'>et</span> <span class='ocrx_word' id='word_1_628' title='bbox 1150 5415 1277 5464; x_wconf 84' lang='lat' dir='ltr'>arcano</span> <span class='ocrx_word' id='word_1_629' title='bbox 1300 5416 1340 5462; x_wconf 89' lang='lat' dir='ltr'>ac</span> <span class='ocrx_word' id='word_1_630' title='bbox 1359 5389 1591 5464; x_wconf 88' lang='lat' dir='ltr'>inenarrabili</span> <span class='ocrx_word' id='word_1_631' title='bbox 1606 5390 1754 5462; x_wconf 88' lang='lat' dir='ltr'>consilio</span> <span class='ocrx_word' id='word_1_632' title='bbox 1767 5391 1991 5466; x_wconf 76' lang='lat' dir='ltr'>constitueris</span> <span class='ocrx_word' id='word_1_633' title='bbox 2006 5393 2083 5488; x_wconf 86' lang='lat' dir='ltr'>pla-</span> 
     </span>
     <span class='ocr_line' id='line_1_52' title="bbox 121 5487 1541 5567; baseline 0.001 -7"><span class='ocrx_word' id='word_1_634' title='bbox 121 5487 297 5566; x_wconf 81' lang='lat' dir='ltr'>Msuasrn.</span> <span class='ocrx_word' id='word_1_635' title='bbox 324 5501 430 5567; x_wconf 81' lang='lat' dir='ltr'>Orsa.</span> <span class='ocrx_word' id='word_1_636' title='bbox 455 5497 540 5566; x_wconf 82' lang='lat' dir='ltr'>Vos.</span> <span class='ocrx_word' id='word_1_637' title='bbox 565 5497 628 5564; x_wconf 80' lang='lat' dir='ltr'>XI.</span> <span class='ocrx_word' id='word_1_638' title='bbox 1493 5488 1541 5563; x_wconf 77' lang='lat'>41</span> 
     </span>
    </p>
   </div>
   <div class='ocr_carea' id='block_1_6' title="bbox 43 3003 1031 3206">
    <p class='ocr_par' dir='ltr' id='par_1_6' title="bbox 43 3003 1031 3206">
     <span class='ocr_line' id='line_1_53' title="bbox 43 3003 1031 3108; baseline 0.005 -26"><span class='ocrx_word' id='word_1_639' title='bbox 43 3017 167 3084; x_wconf 82' lang='lat' dir='ltr'>Oratio</span> <span class='ocrx_word' id='word_1_640' title='bbox 186 3035 212 3084; x_wconf 84' lang='lat' dir='ltr'>a</span> <span class='ocrx_word' id='word_1_641' title='bbox 239 3015 365 3104; x_wconf 78' lang='lat' dir='ltr'>casp.</span> <span class='ocrx_word' id='word_1_642' title='bbox 391 3003 638 3108; x_wconf 72' lang='lat' dir='ltr'>crucigero</span> <span class='ocrx_word' id='word_1_643' title='bbox 664 3017 849 3104; x_wconf 66' lang='lat' dir='ltr'>recitato,</span> <span class='ocrx_word' id='word_1_644' title='bbox 876 3011 1031 3087; x_wconf 83' lang='lat' dir='ltr'>declaro</span> 
     </span>
     <span class='ocr_line' id='line_1_54' title="bbox 242 3116 836 3206; baseline 0.007 -22"><span class='ocrx_word' id='word_1_645' title='bbox 242 3117 573 3206; x_wconf 77' lang='lat' dir='ltr'>interpretationis</span> <span class='ocrx_word' id='word_1_646' title='bbox 596 3119 637 3186; x_wconf 84' lang='lat' dir='ltr'>in</span> <span class='ocrx_word' id='word_1_647' title='bbox 657 3116 836 3189; x_wconf 83' lang='lat' dir='ltr'>Ecclesia.</span> 
     </span>
    </p>
   </div>
   <div class='ocr_carea' id='block_1_7' title="bbox 0 0 2331 5812">
    <p class='ocr_par' dir='ltr' id='par_1_7' title="bbox 0 0 2331 5812">
     <span class='ocr_line' id='line_1_55' title="bbox 0 0 2331 5812; baseline 0 0"><span class='ocrx_word' id='word_1_648' title='bbox 0 0 2331 5812; x_wconf 95' lang='lat' dir='ltr'> </span> 
     </span>
    </p>
   </div>
  </div>
 </body>
</html>
