4718 5828
220 202 246 274 7
686 257 688 264 .
736 197 898 278 DECL.
930 199 1006 276 nt:
1040 185 1302 278 AR'Ttssus
1334 199 1748 282 Ltsstttttttnus.
2245 217 2267 286 8
2332 291 2335 298 ,

222 399 288 472 par
310 374 468 448 studium
489 375 650 460 accedat,
675 387 710 448 et
733 374 833 446 utin
847 397 985 446 summa
998 376 1133 462 dicam,
1159 399 1220 446 rex
1269 401 1345 448 rem
1374 377 1557 470 explicabo
1581 403 1656 450 non
1680 402 1806 456 vanus,
1864 379 2010 454 Poiitica
2028 375 2172 479 mythos
2192 407 2266 456 uno

222 477 385 572 luppiter
407 477 575 548 omnibus
596 476 702 552 idem.
755 474 918 548 Grandia
933 474 1020 548 haec
1035 492 1129 564 tum,
1155 501 1221 548 nec
1269 481 1466 574 eodemque
1498 481 1654 552 iucundo
1684 481 1891 564 involucro,
1925 498 1961 556 et
1989 485 2158 578 populari
2183 487 2266 581 qui-

225 572 507 680 ἆπροσδιόνυσα
519 577 652 654 eiloco.
685 577 757 678 Sed
768 580 954 672 exporrigo
964 581 1118 650 frontem
1132 581 1220 652 adu·
1269 584 1370 662 dem,
1391 582 1525 674 primas
1539 582 1669 654 artium
1685 584 1852 674 origines,
1876 586 2083 682 primosque
2098 583 2266 658 authores

225 682 414 755 lescentiae
430 684 601 754 dicturus.
653 679 837 770 Quaedam
853 682 1083 767 iucundiora,
1110 707 1221 776 quae-
1268 697 1375 755 tenct.
1428 682 1631 755 Mercurius
1655 684 1738 756 love
1760 700 1884 774 natus,
1911 687 2006 760 lovis
2030 713 2131 760 mens
2152 685 2266 762 habe-

225 788 307 856 dam
334 783 442 856 etiam
471 783 623 854 clariora
650 781 832 874 prioribus
853 785 964 854 leram
988 785 1027 852 in
1050 785 1220 854 medium.
1268 786 1403 866 turiis,
1426 787 1491 880 qui
1508 787 1636 856 veteris
1651 783 1907 880 Philosophiae
1923 790 2028 882 periti
2044 805 2139 866 sunt.
2190 791 2265 886 Ly-

224 890 276 960 At
291 886 454 970 interim,
478 885 613 979 siquid
632 887 677 956 ab
693 880 914 956 humanitate
932 899 1067 971 vestra,
1091 885 1220 978 optimi
1268 911 1345 958 ram
1367 889 1411 957 de
1432 888 1630 974 testudine,
1661 914 1736 960 non
1758 890 1845 962 falsa
1865 893 1991 962 mundi
2013 893 2190 984 imagine,
2213 895 2265 965 sic

214 989 314 1085 ¹vici,
345 989 457 1080 pietas
485 1011 581 1072 mea,
614 988 711 1057 vela
736 988 838 1058 vobis
856 987 1099 1059 adulescentes
1122 1011 1219 1058 nun·
1268 990 1308 1058 in
1346 1013 1385 1058 re
1416 1013 1525 1082 parva
1554 991 1640 1061 lusit
1669 1005 1815 1076 natura,
1859 989 2140 1068 πολυδαίδαλον
2171 995 2266 1080 iecit,

226 1115 334 1186 quam
347 1113 423 1160 non
440 1089 595 1160 officiosa
609 1090 777 1160 voluutas
792 1089 941 1159 emereri
959 1103 1084 1181 potest,
1109 1109 1220 1184 quae·
1269 1087 1413 1162 chordis
1434 1093 1577 1164 ornavit
1599 1105 1749 1184 septem:
1776 1089 1843 1166 Est
1857 1095 1954 1164 enim
1969 1096 2031 1166 ille
2045 1120 2143 1166 sacer
2158 1093 2265 1167 habi-

225 1217 265 1264 so
292 1217 369 1262 non
396 1191 473 1260 solo
504 1191 705 1281 argumenti
731 1191 895 1276 nomine,
926 1215 1051 1261 verum
1080 1205 1114 1262 et
1141 1215 1220 1261 mea
1269 1207 1325 1264 tus
1348 1217 1529 1268 numerus.
1589 1192 1732 1286 Septem
1756 1191 1823 1265 hae
1848 1209 1933 1268 sunt
1957 1210 2068 1284 artes,
2096 1211 2138 1269 ut
2161 1221 2265 1288 agam

135 1315 137 1320 ’
225 1295 337 1388 ipsius
357 1315 479 1376 causa,
504 1293 584 1385 pati
600 1317 680 1363 cum
700 1293 845 1363 caeteris
860 1287 1078 1366 Oratoribus
1094 1293 1220 1364 vestris
1268 1289 1436 1366 historica
1466 1295 1554 1380 fide,
1601 1320 1727 1388 supera
1756 1297 1916 1368 defluxae
1945 1313 2082 1384 mente,
2132 1301 2265 1392 quibus

226 1398 306 1468 loco
322 1395 400 1488 pari
414 1395 526 1485 gratia
540 1389 677 1470 habete.
1268 1397 1385 1468 omnis
1421 1409 1569 1466 naturae
1599 1397 1749 1470 scientia
1788 1395 2111 1491 comprehenditur.
2188 1400 2264 1472 lam

327 1495 506 1568 Constans
532 1509 567 1567 et
594 1509 732 1568 vetusta
760 1497 856 1566 lama
881 1512 952 1581 est,
984 1510 1109 1568 natum
1133 1493 1220 1568 Iove
1268 1511 1303 1570 et
1342 1499 1519 1590 praesides
1559 1498 1695 1570 Musae.
1727 1499 1895 1585 totidem,
1945 1525 2036 1596 quae
2078 1503 2169 1574 duae
2208 1527 2265 1572 re-

226 1598 468 1684 Mercurium,
485 1611 501 1624 '
515 1623 626 1692 quum
663 1599 707 1668 ad
731 1595 886 1692 Aegypti
909 1600 1060 1669 flumina
1085 1623 1175 1690 puer
1199 1623 1218 1667 a
1268 1601 1388 1693 liquae
1411 1613 1557 1692 septeno
1580 1595 1690 1672 choro
1711 1602 1767 1672 ius
1788 1603 1949 1673 omnium
1974 1604 2044 1676 sibi
2060 1606 2265 1678 vendicant.

224 1696 405 1796 Nymphis
418 1701 589 1782 aleretur,
615 1713 656 1770 ut
669 1713 745 1771 erat
762 1701 900 1770 indoles
914 1701 1059 1786 festiva,
1086 1725 1149 1793 per
1162 1700 1220 1770 lu-
1267 1699 1359 1772 Ecce
1381 1699 1449 1772 Dei
1474 1725 1583 1772 manu
1604 1703 1832 1774 fabrefactam
1854 1703 2004 1798 Lyram,
2043 1729 2123 1776 ecce
2145 1703 2265 1776 Deum

117 1846 124 1866 ,
226 1827 305 1874 sum
321 1804 510 1894 iocumque
521 1803 664 1874 solitum
675 1802 1097 1895 pleraquecommeotari‚
1123 1803 1219 1872 Deas
1268 1825 1418 1884 munus,
1444 1797 1560 1874 Artes.
1612 1801 1710 1876 Mihi
1733 1829 1818 1876 vero
1837 1805 1907 1876 iam
1926 1809 1971 1876 de
1984 1821 2132 1878 naturae
2148 1809 2265 1878 scien-

226 1904 371 1975 vairicie
393 1905 534 1988 fallere,
560 1927 672 1974 novas
695 1917 810 1989 artes,
827 1929 921 1974 nova
936 1928 1041 1996 opera
1057 1905 1220 1972 miranda
1267 1905 1335 1990 tia,
1359 1927 1434 1976 uon
1459 1902 1649 1976 Daemonii
1673 1931 1757 1978 voce
1781 1929 1838 1978 res
1861 1921 1930 1993 est,
1952 1922 2111 2003 putoque
2131 1911 2266 1980 uostris

226 2006 378 2100 posteris
394 2005 569 2095 effingere.
610 2001 752 2075 Eximia
766 2019 829 2090 est,
850 2000 940 2100 quale
954 2005 1119 2095 gentibus
1135 2006 1219 2074 inde
1268 2007 1422 2096 ingeniis
1445 2009 1607 2099 propria,
1639 2009 1789 2080 rationis
1812 2031 1879 2080 usu
1901 2009 2087 2101 contingit.
2135 2007 2188 2082 Ea
2212 2025 2268 2081 est

227 2109 366 2202 aliquot
386 2108 481 2178 inter
497 2131 595 2177 sacra
610 2107 679 2178 suit
692 2105 806 2202 Lyra,
831 2109 869 2176 id
886 2107 981 2176 enim
1001 2108 1132 2178 fabulis
1147 2107 1217 2176 cal·
1268 2109 1308 2178 in
1337 2108 1498 2180 oratione
1525 2109 1673 2200 partim,
1714 2111 1842 2202 partim
1867 2110 1906 2179 in
1930 2111 2048 2185 rebus.
2106 2107 2266 2184 scientia

111 2199 115 2222 ¹
168 2277 171 2282 ,
226 2211 302 2280 lido
328 2233 461 2280 nomen
488 2209 635 2280 invento
666 2209 841 2300 proditur.
899 2205 1049 2280 Factam
1073 2209 1219 2282 aiunte
1268 2235 1386 2282 recum
1400 2211 1511 2303 prior,
1536 2215 1595 2280 sed
1611 2235 1677 2280 nos
1692 2212 1828 2302 vulgari
1844 2236 1943 2280 more
1956 2212 2124 2284 dicemus.
2159 2211 2266 2302 Quae

228 2306 363 2384 concha
378 2335 486 2406 quam
501 2313 594 2382 forte
607 2310 752 2382 fortuna
767 2311 837 2380 iam
852 2312 891 2380 in
905 2312 997 2382 sicco
1012 2312 1220 2383 destituerat
1268 2315 1312 2382 ad
1344 2335 1543 2381 sermonem
1575 2323 1752 2402 spectant,
1808 2313 2036 2401 ingeniorum
2068 2314 2266 2408 puerilium

178 2461 181 2470 .
226 2411 333 2487 Nilus
362 2413 402 2482 in
431 2413 570 2484 alveum
601 2435 794 2503 regressus:
828 2411 1062 2482 Testudinem
1090 2425 1220 2482 vocant
1268 2407 1453 2483 exe'rcendi
1482 2407 1660 2483 habentur
1688 2414 1802 2484 initia.
1864 2411 2106 2486 Grammatica
2132 2417 2266 2508 prima,

226 2515 363 2586 notiori
399 2515 585 2586 vocabulo.
657 2513 840 2585 Festivum
875 2515 1033 2605 prolecto
1072 2528 1219 2585 naturae
1268 2514 1325 2584 cui
1351 2514 1521 2607 quoniam
1547 2515 1718 2586 elementa
1741 2517 1925 2586 literarum
1946 2517 2134 2599 debemus,
2159 2519 2263 2588 nulla

228 2639 330 2712 opus.
401 2612 622 2706 Oblongula,
639 2627 710 2695 est,
751 2629 791 2686 ut
819 2615 955 2710 reliqua
987 2630 1141 2700 taceam,
1185 2628 1220 2685 et
1268 2640 1309 2685 ex
1337 2629 1437 2707 parte
1465 2641 1541 2686 non
1571 2631 1622 2688 est
1646 2617 1859 2688 necessaria:
1903 2619 2110 2712 quid-enim
2134 2619 2263 2690 attinet

227 2719 340 2811 capite
374 2719 476 2814 quasi
510 2717 550 2786 in
577 2719 700 2788 orbem
728 2717 889 2802 sinuato,
926 2719 966 2787 ac
994 2719 1041 2787 ob
1069 2717 1106 2786 id
1138 2731 1218 2808 apta
1268 2713 1408 2807 longius
1423 2718 1604 2787 immorari
1623 2719 1736 2810 palam
1753 2742 1937 2790 concessae
1955 2719 2024 2804 rei,
2048 2743 2154 2813 quam
2169 2721 2261 2791 utile

226 2820 393 2891 manibus
406 2816 584 2890 habendo.
625 2817 733 2910 Quod
749 2843 828 2889 cum
843 2819 882 2890 in
896 2820 974 2911 ripa
988 2820 1116 2890 ludens
1130 2843 1220 2912 puer
1267 2821 1478 2890 mortalibus
1495 2835 1692 2912 repertum,
1716 2821 1852 2906 literae,
1877 2817 2054 2914 ἅσβεστοι
2068 2823 2262 2894 memoriae

227 2924 466 3008 observasset,
500 2921 626 2992 utilem
656 2933 752 2992 ratus
782 2921 909 2991 ostraci
937 2921 1105 3011 figuram,
1144 2921 1218 2992 adit
1268 2923 1447 3004 custodes,
1473 2922 1655 3012 popularis
1677 2924 1820 3012 regulae
1842 2924 2033 3014 sermonis,
2059 2936 2099 2992 ut
2120 2925 2259 2994 mittam

226 3023 394 3117 propius,
426 3023 566 3094 aridam
585 3023 717 3108 caedit,
743 3037 846 3094 sonat
868 3047 907 3092 ea
931 3035 966 3092 et
988 3023 1107 3093 nescio
1131 3023 1218 3118 quid
1268 3036 1414 3093 caetera.
1473 3021 1568 3092 Huic
1591 3025 1726 3094 accedit
1749 3025 1908 3114 proxima
1936 3024 2143 3108 Dialectica,
2174 3027 2262 3096 sub-¹

114 3185 115 3189 ,
228 3126 416 3214 blandius,
440 3125 560 3197 statim
581 3123 680 3196 Deus
702 3126 828 3216 arripit
850 3125 1102 3206 laetabundus,
1127 3125 1218 3193 bene
1267 3119 1341 3194 citis
1364 3125 1560 3194 disserendi
1585 3126 1693 3211 ratio,
1720 3149 1805 3195 nam
1827 3123 2262 3196 idindicatnomenlite-

182 3271 187 3279 -
227 3223 398 3322 pulchrae
419 3228 473 3297 rei
493 3250 657 3320 sperans,
681 3228 810 3319 pellem
825 3252 935 3296 nervo
953 3227 1079 3296 culmis
1094 3225 1219 3316 infigit,
1267 3239 1409 3296 caturae
1425 3249 1552 3308 comes,
1580 3229 1761 3318 complexa
1778 3227 1947 3320 quicquid
1964 3222 2162 3312 hocomne,
2187 3253 2260 3320 quo

229 3325 380 3400 chordas
403 3331 555 3402 adstruit
578 3343 731 3422 septem,
756 3329 912 3400 intendit
933 3323 1054 3423 chely,
1080 3329 1219 3419 experi·
1268 3353 1304 3398 se
1327 3328 1446 3422 aliqua
1470 3329 1524 3398 vis
1547 3329 1647 3399 effert
1661 3329 1825 3420 ingenii:
1852 3353 1892 3399 ac
1914 3329 1943 3397 si
1963 3329 2044 3398 licet
2062 3323 2130 3397 hoc
2148 3333 2262 3398 auda-

228 3447 289 3504 tur
301 3445 407 3502 cantu
423 3442 596 3522 organon,
621 3425 851 3527 αὐτοσχεδίῳ
868 3431 1028 3510 miratur,
1054 3430 1219 3523 interque
1267 3431 1344 3500 cius
1366 3430 1492 3522 paulo,
1516 3431 1590 3500 sola
1612 3425 1703 3500 mihi
1727 3431 1888 3500 omnium
1912 3443 2025 3498 mater
2047 3430 2178 3498 artium
2194 3425 2262 3500 ha-

228 3556 355 3604 manus
375 3545 410 3603 et
430 3527 576 3604 brachia
600 3546 735 3618 versat,
760 3533 943 3627 placetque
965 3534 1036 3602 ianr
1059 3555 1132 3601 non
1154 3555 1218 3600 au·
1268 3533 1345 3602 beri
1376 3555 1479 3624 posse
1506 3533 1663 3602 videtur:
1704 3529 1862 3601 Tantum
1897 3531 2014 3614 abest,
2042 3543 2083 3599 ut
2110 3529 2261 3618 dignum

228 3635 300 3708 tori
316 3647 472 3720 tantum,
497 3637 556 3704 sed
573 3635 657 3727 ipsis
675 3635 779 3706 etiam
795 3633 873 3705 Diis
889 3634 1102 3705 nutricibus:
1127 3630 1219 3704 Coe·
1268 3636 1373 3704 docto
1406 3657 1544 3725 speres,
1580 3645 1621 3703 ut
1652 3647 1772 3724 pectus
1803 3634 1847 3700 ad
1872 3631 2080 3720 sapientiam
2106 3631 2263 3701 lonnare

228 3737 282 3830 pit
303 3759 375 3806 esse
397 3737 581 3806 laudatum
598 3749 632 3804 et
649 3735 786 3806 selectis
802 3737 1028 3806 numinibus:
1054 3733 1219 3804 Donatur
1268 3734 1394 3830 quovis
1417 3737 1525 3804 modo
1552 3757 1677 3828 queas,
1711 3735 1740 3804 si
1764 3731 1987 3804 Dialecticon
2009 3732 2171 3823 politias,
2198 3757 2263 3802 va-

228 3837 404 3930 Apollini.
454 3835 527 3907 Nec
549 3837 656 3928 longo
680 3851 758 3929 post
779 3851 937 3928 tempore
952 3833 1118 3906 Phoebus
1133 3860 1218 3927 ope-
1267 3835 1412 3906 nissime
1434 3836 1617 3920 omnium,
1638 3835 1798 3929 quisquis
1818 3857 1854 3906 es
1871 3835 2133 3924 contempseris.
2184 3833 2263 3904 Ne-

229 3963 305 4010 ram
316 3933 648 4010 navanshomlnum
659 3940 802 4028 gratiae,
824 3934 952 4033 chelyn
963 3932 1217 4028 deditOrpheo
1268 3963 1337 4032 que
1367 3939 1462 4007 enim
1494 3939 1555 4006 ille
1586 3940 1758 4006 mercium
1791 3949 1891 4029 pater
1920 3930 2087 4005 Oceanus
2119 3949 2262 4006 tantum

228 4040 382 4116 muneri.
432 4039 517 4112 Fuit
538 4033 790 4136 ἑπτάχορθος,
817 4037 976 4109 Homero
999 4065 1038 4110 ac
1060 4039 1217 4109 Pindaro
1267 4065 1397 4132 opum,
1421 4054 1559 4110 tantum
1576 4039 1783 4110 divitiarum
1803 4037 1882 4109 orbi
1899 4031 2066 4107 convehit
2080 4037 2261 4122 universo,

229 4141 367 4233 magnis
396 4143 562 4227 testibus,
593 4143 678 4212 dnm
703 4137 871 4233 Orpheus
895 4137 1075 4234 Calliopae
1099 4143 1216 4211 studio
1268 4155 1441 4236 quantum
1456 4141 1586 4212 artium
1603 4165 1674 4211 una
1690 4141 1930 4236 cyclopediae,
1956 4135 2161 4212 Dialectica,
2209 4133 2261 4209 Et

229 4246 273 4315 de
307 4243 494 4314 Musarum
515 4268 679 4315 -numero
714 4246 803 4315 duas
830 4245 997 4314 adiiceret
1026 4244 1216 4317 resticulas.
1267 4244 1475 4334 attingerem
1501 4269 1541 4312 cx
1566 4244 1609 4311 iis
1632 4243 1787 4336 aliquot,
1814 4243 1853 4311 ni
1879 4241 2006 4333 passim
2034 4241 2071 4309 id
2089 4253 2261 4311 sonarent

228 4343 314 4416 Post
330 4339 471 4438 Orphei
493 4347 581 4430 fata,
607 4345 708 4416 aiunt
729 4345 791 4414 alii
808 4347 852 4416 ad
868 4344 1055 4416 Musaeum
1071 4359 1216 4436 gnatum
1265 4340 1423 4417 scholae:
1449 4358 1485 4416 at
1507 4346 1538 4414 si
1562 4345 1670 4414 vultis
1690 4359 1826 4430 tamen,
1852 4344 2034 4414 ostendam
2053 4343 2134 4411 usui
2148 4342 2259 4410 luisse

228 4447 385 4532 venisse,
408 4447 471 4516 alii
492 4447 673 4516 fatidicam
693 4447 733 4516 in
742 4445 889 4518 Lesbon
912 4447 1086 4532 delatam,
1112 4461 1218 4540 atque
1266 4449 1322 4517 vel
1339 4448 1486 4518 summis
1501 4447 1663 4535 ingeniis.
1719 4445 1785 4516 Vir
1799 4445 1908 4516 animi
1921 4467 2023 4533 sagax
2038 4439 2260 4530 Aristoteles,

135 4588 137 4599 ·
229 4549 313 4620 inde
325 4547 353 4618 'a
376 4547 587 4640 Terpandro
607 4548 647 4617 in
668 4541 868 4644 Aegyptum
892 4549 1059 4641 patriam,
1091 4551 1218 4638 gratis-
1266 4564 1307 4620 nt
1321 4544 1419 4620 hunc
1433 4550 1629 4635 nominem,
1655 4549 1692 4617 in
1706 4573 1811 4642 quem
1827 4547 1950 4640 opinio
1968 4542 2155 4615 hominum
2171 4569 2261 4614 con-

230 4651 317 4721 sima
345 4674 511 4731 munera,
549 4649 754 4720 divinorum
785 4652 934 4721 consciis
966 4651 1218 4724 sacerdotibus.
1260 4652 1422 4737 ‚sentiens
1451 4651 1573 4721 multis
1602 4652 1672 4720 iam
1701 4651 1829 4720 seculis
1859 4647 2094 4738 conspiravit,
2127 4669 2260 4739 quaeso

229 4751 286 4824 lbi
301 4775 374 4822 esse
390 4753 506 4844 coepit
520 4747 680 4846 Aegypto
698 4775 811 4833 sacra,
839 4777 944 4848 quam
962 4753 1149 4846 pleraeque
1162 4778 1220 4822 se·
1267 4755 1355 4846 quid
1376 4765 1529 4844 praestat
1550 4753 1684 4846 ubique
1700 4753 1756 4820 vel
1773 4752 1890 4842 aptius
1908 4750 1964 4818 vel
1981 4748 2156 4819 eruditius
2170 4745 2260 4818 Dia-

230 4867 330 4926 cutae
353 4855 535 4939 nationes,
569 4853 692 4924 itidem
713 4856 855 4926 coluere
879 4853 1051 4925 Mercurii
1077 4851 1217 4950 chelyn.
1267 4857 1416 4926 lectica?
1449 4867 1633 4948 potestque
1657 4855 1718 4922 illa
1741 4854 1842 4947 quasi
1860 4845 2033 4943 Delphico
2055 4847 2193 4940 gladio,
2216 4863 2261 4921 ut

228 4955 370 5026 Nomen
391 4955 475 5025 inde
500 4957 630 5029 iactum
653 4956 792 5048 syderi,
816 4955 930 5052 Lyra,
955 4982 1026 5051 quo
1043 4959 1218 5028 resectati
1267 4960 1428 5028 omnium
1459 4981 1560 5027 sensa
1584 4981 1769 5049 nunquam
1793 4979 1868 5026 non
1889 4951 2110 5046 penitissime
2132 4952 2260 5022 conlo·

229 5071 388 5152 posterae
400 5057 491 5128 foret
505 5057 687 5146 augustior
737 5055 835 5128 Haec
850 5056 1029 5152 estLyrae
1043 5059 1217 5128 celebrata
1268 5059 1353 5130 diat.
1404 5059 1565 5142 Invenit,
1592 5058 1770 5150 disponit,
1795 5055 2006 5128 Dialecticae
2031 5055 2156 5137 debet,
2180 5053 2258 5144 ipsa

228 5159 397 5231 nobilitas
411 5172 464 5230 tot
477 5161 659 5250 gentibus,
683 5171 735 5230 tot
751 5161 884 5234 liberis.
937 5159 1118 5248 Quorsum
1134 5185 1217 5231 vero
1267 5163 1364 5230 enim
1392 5163 1479 5257 quid
1503 5183 1663 5254 quaeque
1683 5165 1760 5245 res,
1793 5161 1879 5254 qttid
1903 5159 2032 5249 cuique
2054 5149 2259 5239 cohaerens,

228 5255 339 5352 baec?
372 5261 458 5356 quid
482 5263 526 5331 de
548 5285 620 5332 una
643 5261 710 5331 sibi
735 5275 870 5332 tantum
886 5261 979 5358 Lyra
996 5263 1109 5354 placet
1124 5263 1219 5342 anti-
1267 5278 1303 5334 et
1323 5289 1395 5358 quo
1420 5263 1563 5347 ordine,
1596 5257 1834 5354 pulcherrime
1858 5257 2034 5348 distinctis
2056 5257 2127 5326 iilis
2145 5269 2258 5331 notat.

180 5393 184 5398 ·
228 5363 369 5456 quitas?
399 5361 540 5454 Quaeso
553 5357 643 5434 mihi
658 5363 837 5460 paulisper
850 5387 971 5436 aurem
988 5366 1218 5453 commodate,
1269 5364 1344 5436 Iam
1367 5367 1396 5438 si
1412 5365 1617 5438 Platonicos
1633 5360 1705 5437 huc
1720 5365 1832 5438 accire
1848 5366 1970 5447 datur,
1995 5372 2150 5454 quantus
2163 5359 2260 5430 inter
