4616 5816
187 273 263 351 ιιι
708 261 873 348 naen
908 261 988 344 na
1024 204 1364 358 nnauoaro
1395 263 1697 348 taraone.
2150 275 2234 352 aaa

191 473 251 536 ra,
284 459 326 518 nt
350 469 432 518 cnm
460 444 511 516 ait
539 437 721 516 Christus:
760 439 839 532 Qui
867 441 1047 514 confessus
1075 439 1186 514 fuerit
1235 437 1490 534 Evangelinm
1529 457 1563 514 et
1593 443 1727 516 abolita
1756 458 1809 517 cst
1835 441 2100 541 εἰδωλομανία.
2184 445 2239 522 Ει

192 576 251 623 me
264 571 383 621 coram
397 543 622 632 homiuibus,
647 543 842 617 confitebor
857 567 939 616 cnm
955 567 1074 616 coram
1085 557 1185 638 patre
1235 546 1368 618 nostris
1391 543 1560 618 Ecclcaiis
1587 569 1663 616 uon
1692 547 1823 622 desunt
1847 549 2050 622 testimonia
2072 549 2242 642 Spiritus

194 652 347 725 coelesti.
406 649 571 722 Breviter
592 645 748 720 indicavi
773 645 868 717 bona
883 667 991 740 upcra
1007 645 1187 718 emendati
1236 647 1365 734 sancti3
1399 647 1563 719 videmus
1587 648 1703 738 euim,
1736 665 1869 744 quanta
1902 651 2101 724 comtantia
2125 651 2243 724 multi

194 754 357 829 latronis.
406 751 512 824 Nunc
532 773 681 850 quacsp,
709 763 751 821 ut
770 749 972 820 universam
992 744 1186 818 Ecclesiam
1236 748 1290 842 pii
1304 749 1477 842 supplicia
1489 749 1680 842 perferant.
1727 750 1961 824 Meminimus
1974 747 2143 826 honestas
2157 779 2245 824 ma-

126 936 133 946 ,
195 859 272 928 eius
292 855 462 948 temporis
484 853 728 924 consideretis:
763 849 878 953 Filius
907 849 974 922 Dei
996 852 1126 942 pendet
1147 849 1187 918 in
1238 863 1358 922 tronas
1374 851 1522 924 luctatas
1536 875 1617 924 cum
1636 854 1833 926 terroribus
1854 857 1997 942 mortis,
2028 855 2139 947 egisse
2153 855 2243 928 Deo

195 981 317 1044 cruce,
349 981 424 1028 non
446 955 517 1026 iam
538 955 726 1026 ostendens
739 953 934 1044 potentiam
954 974 1054 1023 suam
1072 951 1189 1022 admi·
1239 953 1385 1044 gratias,
1426 955 1523 1048 quod
1557 955 1768 1044 agnoverint
1800 951 1935 1028 Christi
1966 959 2158 1045 beneficia,
2206 971 2248 1028 et

196 1059 431 1133 randisfactis
454 1070 497 1130 ut
511 1071 631 1142 autea,
657 1078 766 1150 quare
786 1055 968 1125 deridetur
981 1078 1022 1124 ac
1036 1053 1188 1148 despici-
1239 1077 1364 1146 magna
1388 1055 1645 1150 tranquillitate
1668 1057 1797 1144 animi,
1828 1060 1915 1131 dum
1934 1061 2086 1132 recitant
2108 1060 2246 1130 laudes

197 1177 258 1236 tur
290 1163 337 1232 ab
367 1160 497 1252 impiis.
564 1156 732 1252 Apostoli
756 1179 817 1228 sen
843 1155 1085 1244 dubitatione,
1127 1178 1189 1227 sen
1239 1180 1281 1228 ac
1303 1153 1456 1254 hymnos
1479 1155 1577 1244 Deo,
1602 1157 1768 1252 spiritum
1790 1155 1990 1243 exhalasse,
2011 1175 2051 1234 ιιι
2068 1161 2154 1232 satis
2171 1185 2248 1254 ap-

198 1277 296 1335 metn
325 1262 455 1354 dilapsi
486 1274 594 1332 erant.
652 1257 792 1330 Multos
821 1257 999 1330 auditores
1021 1258 1134 1328 movit
1155 1271 1191 1328 at
1240 1273 1379 1352 pareret
1395 1260 1436 1330 in
1451 1257 1501 1330 cis
1523 1260 1709 1332 coelestem
1733 1261 1909 1332 laeticiam
1923 1257 2129 1334 inchoatam
2147 1286 2248 1348 esse,

197 1367 290 1438 illud
306 1365 403 1458 quod
424 1362 570 1434 dicitnr:
602 1356 731 1433 Exitus
746 1375 822 1434 acta
839 1361 986 1452 probat,
1015 1359 1079 1456 qui
1094 1359 1190 1450 cogi-
1241 1374 1431 1455 antequam
1454 1385 1474 1431 e
1496 1385 1644 1453 corpore
1664 1363 1896 1436 discederent.
1946 1359 2061 1438 Addit
2081 1365 2189 1438 Dens
2209 1377 2250 1436 et

58 1531 67 1558 ,
197 1470 323 1541 tabant
351 1461 446 1536 hunc
467 1467 698 1558 ’nequaquam
725 1459 894 1532 Messiam
922 1483 1013 1548 ease,
1044 1486 1125 1533 cnm
1150 1462 1190 1530 in
1241 1463 1311 1533 alia
1333 1463 1554 1545 testimonia,
1583 1465 1681 1558 quod
1706 1465 1918 1538 mirabiliter
1938 1479 2055 1538 servat
2075 1459 2142 1537 has
2164 1463 2249 1540 Ec-

118 1647 126 1657 ,
199 1583 297 1641 tanta
321 1567 521 1638 calamitate
544 1565 765 1636 videretnra
788 1561 866 1636 Deo
887 1564 1046 1635 desertus
1070 1577 1105 1634 et
1126 1565 1191 1634 ab·
1242 1564 1378 1636 clesias:
1410 1579 1645 1658 aspernantur
1665 1589 1787 1638 veram
1805 1565 2003 1638 doctrinam
2028 1562 2150 1638 hostes
2168 1592 2251 1638 no-

199 1672 310 1747 iectus
324 1691 411 1742 esse.
458 1666 543 1740 Sola
560 1665 698 1762 reliqna
713 1678 766 1737 cst
779 1663 897 1738 Maria
912 1680 1042 1752 mater,
1067 1665 1106 1736 in
1121 1687 1191 1760 qua
1241 1665 1326 1754 stri,
1350 1680 1385 1736 et
1399 1669 1518 1738 deesse
1533 1667 1735 1739 testimonia
1752 1669 2007 1740 miraculorum
2030 1693 2093 1739 seu
2109 1669 2251 1762 prodi-

199 1775 294 1846 lucet
308 1773 411 1842 fides:
435 1767 534 1841 Haec
548 1779 704 1862 expectat
713 1767 819 1838 aliam
832 1763 1094 1860 catastrophen:
1117 1765 1192 1838 Nec
1242 1767 1381 1860 giorum
1404 1769 1605 1855 clamitant,
1633 1793 1713 1840 cum
1736 1769 1804 1861 ipsi
1827 1795 1893 1840 nec
1914 1783 2009 1842 recte
2029 1769 2141 1856 farta,
2173 1795 2251 1842 nec

201 1874 297 1946 enim
319 1871 507 1966 spectatrix
528 1893 602 1942 esse
623 1881 760 1962 poterat
783 1864 892 1940 huius
913 1868 1098 1962 supplicii,
1121 1867 1192 1938 uisi
1242 1870 1405 1940 miranda
1425 1865 1592 1946 habeant.
1650 1869 1699 1944 Ut
1711 1865 1877 1944 Christus
1900 1895 1997 1944 nnnc
2012 1873 2176 1964 pendens
2206 1873 2251 1942 iu

201 1977 271 2048 fide
288 1975 428 2045 animus
447 1985 582 2044 erectus
601 1971 737 2045 fnisset.
786 1969 858 2042 Sed
881 1970 965 2066 quia
979 1965 1144 2064 Apostoli
1158 1983 1194 2044 et
1243 1995 1363 2058 cruce,
1395 1995 1471 2042 non
1498 1973 1705 2046 ostendebat
1734 1973 1929 2065 potentiam
1958 1995 2070 2049 suam.
2134 1970 2252 2044 Nihil

202 2077 330 2151 caeteri
346 2071 510 2146 homines
525 2085 659 2156 tacent,
685 2072 757 2144 iam
770 2084 842 2146 tota
857 2095 977 2144 rernm
993 2085 1120 2144 nauare
1134 2073 1193 2142 in·
1243 2071 1403 2162 inusitati
1426 2075 1710 2168 conspiciebatur
1733 2073 1772 2142 iu
1794 2075 1953 2162 latrone,
1979 2089 2118 2166 praeter
2136 2074 2250 2146 illam

202 2179 290 2272 cipit
312 2176 535 2262 concionari,
567 2188 601 2247 et
616 2173 820 2248 testimonio
842 2198 907 2246 suu
922 2173 1037 2245 hlium
1050 2169 1119 2245 Dei
1132 2197 1194 2246 ur·
1243 2175 1428 2268 pietatem,
1449 2200 1555 2269 quam
1575 2175 1736 2247 ridebant
1760 2173 1880 2248 ἄθεοι.
1931 2174 1986 2247 lta
2002 2171 2252 2248 nuncEccle-

202 2305 306 2366 nare,
331 2292 366 2350 et
386 2278 426 2348 in
448 2291 546 2350 tanta
558 2271 737 2348 Ecclesiae
760 2275 1018 2369 trepidatione,
1041 2300 1088 2346 nc
1104 2277 1194 2348 desit
1244 2275 1297 2348 sia
1315 2275 1457 2348 infirma
1478 2289 1545 2349 est:
1577 2291 1612 2350 et
1636 2287 1756 2350 tamen
1777 2277 1867 2348 mira
1883 2300 1940 2348 res
1955 2289 2050 2364 erat,
2073 2277 2139 2346 illa
2162 2279 2253 2370 ipsa

203 2383 453 2468 concionator,
484 2379 612 2450 excitat
644 2376 741 2450 Deus
773 2379 949 2452 latronem
977 2380 1023 2448 de
1046 2377 1194 2448 sublimi
1243 2377 1393 2448 latronis
1415 2379 1628 2450 emendatio.
1683 2377 1787 2448 Talia
1816 2379 1988 2450 miracula
2011 2402 2086 2448 non
2108 2381 2253 2450 desunt

202 2484 473 2556 concionantem
482 2481 550 2554 toti
563 2479 644 2552 orbi
658 2494 844 2552 terrarum.
895 2477 966 2550 Hic
981 2479 1073 2549 latro
1088 2492 1193 2550 testa-
1244 2473 1301 2550 his
1323 2479 1556 2570 temporibus.
1614 2479 1686 2552 Sed
1707 2479 1738 2548 si
1758 2479 1886 2572 volunt
1906 2479 2031 2550 andire
2044 2481 2253 2552 adversarii

204 2599 264 2658 tur
290 2581 388 2656 hune
410 2581 525 2656 lesum
549 2606 622 2654 esse
651 2581 864 2674 promissum
885 2581 1130 2662 liberatorem,
1161 2593 1195 2652 et
1243 2601 1306 2652 sna
1333 2581 1518 2672 prodigia,
1555 2605 1666 2674 pauca
1696 2582 1993 2656 commemorabo.
2058 2577 2121 2652 Au
2157 2605 2252 2652 enm

205 2701 365 2760 autorem
388 2708 503 2756 novae
524 2699 557 2756 et
573 2696 764 2775 perpetuae
784 2683 887 2752 vitae.
937 2679 1114 2754 Desinant
1124 2681 1195 2752 iam
1245 2695 1383 2753 coetum
1408 2695 1572 2774 putemus
1593 2677 1787 2755 Ecclesiam
1818 2705 1911 2768 esse,
1951 2681 2014 2776 qui
2046 2681 2253 2773 flagitiosas

204 2789 412 2874 Pontifices,
434 2783 621 2880 Episcopi,
647 2779 818 2855 Monachi
834 2783 996 2874 gloriari,
1019 2806 1101 2854 suos
1115 2807 1196 2854 coe·
1245 2783 1414 2854 libidines
1439 2797 1537 2854 tanta
1559 2783 1753 2876 pertinacia
1778 2783 1954 2869 defendit,
1986 2795 2027 2856 nt
2051 2783 2254 2856 interficiat

206 2905 281 2977 tus,
316 2911 405 2984 qnos
428 2902 556 2960 uocant
578 2883 794 2971 Ecclesiam,
828 2909 945 2956 errare
975 2909 1049 2954 uon
1080 2908 1196 2978 posse,
1246 2909 1324 2970 eos,
1354 2884 1416 2978 qui
1444 2897 1528 2956 sunt
1552 2880 1768 2970 hortatores,
1800 2897 1841 2956 nt
1863 2876 2059 2956 anteferant
2090 2881 2253 2958 honesta

204 3017 288 3066 curu
307 2991 453 3062 videant
474 3003 605 3061 tantam
628 2982 884 3080 Apostolorum
913 2986 1196 3077 trepidationem.
1246 2985 1436 3074 coniugia?
1476 2984 1533 3064 ln,
1547 3009 1617 3080 qua
1641 3009 1800 3079 unquam
1822 2986 1987 3056 barbarie
2008 2985 2172 3058 auditum
2194 3003 2254 3062 est

206 3093 279 3166 Sed
301 3093 470 3187 quoniam
492 3087 640 3162 historia
668 3087 793 3158 mortis
814 3085 948 3159 Christi
967 3083 1065 3158 haud
1089 3087 1197 3158 dubie
1246 3087 1398 3172 interfici
1419 3081 1581 3158 homines
1603 3101 1748 3179 propter
1769 3081 2001 3178 reprehensas
2026 3111 2132 3178 vagas
2156 3089 2253 3160 libi-

207 3195 383 3287 signifieat
402 3192 589 3286 praecipue
610 3189 825 3260 calamitates
836 3185 1014 3260 Ecclesiae
1029 3187 1198 3281 postremi
1247 3187 1368 3280 diues,
1394 3201 1540 3281 propter
1554 3189 1695 3260 laudem
1713 3187 1896 3277 coniugii?
1945 3185 2114 3280 Prodigia
2130 3213 2252 3284 quae-

208 3297 394 3390 tcmporis,
413 3297 593 3366 latronum
605 3291 819 3363 concertatio
833 3291 1005 3384 quaedam
1019 3304 1072 3362 est
1083 3291 1197 3380 imago
1246 3301 1394 3362 runtnr:
1434 3283 1522 3360 haec
1558 3289 1760 3384 prodigiosa
1803 3289 1989 3383 turpitudo
2023 3305 2076 3362 cat
2103 3305 2252 3364 certum

209 3397 442 3470 certaminum
459 3391 569 3468 huius
584 3394 763 3487 temporis.
817 3389 1075 3464 Conviciantnr
1091 3387 1198 3463 Chri·
1247 3389 1510 3478 testimonium,
1541 3403 1656 3464 totum
1675 3389 1780 3462 illum
1797 3404 1937 3464 coetum
1956 3392 2252 3466 contaminatum

190 3515 265 3574 ,sto
279 3499 486 3586 Pontifices,
511 3493 703 3581 Canonici,
728 3489 919 3580 Monachi,
944 3508 979 3566 et
999 3489 1128 3566 horum
1143 3515 1200 3564 sa-
1247 3486 1515 3589 εῑδωλομανίᾳ,
1551 3489 1736 3586 periuriis,
1770 3491 2005 3580 libidinibns,
2036 3493 2251 3585 parricidiis

208 3604 340 3676 tellites
357 3598 523 3696 tyranni,
548 3599 611 3693 qni
634 3597 701 3669 etsi
714 3595 840 3687 exigam
859 3609 1016 3687 tempore
1030 3597 1201 3668 fruuntur
1248 3591 1442 3680 Ecclesiae,
1467 3595 1592 3684 agitari
1609 3619 1629 3665 a
1646 3589 1811 3666 Diabolo.
1861 3591 2005 3666 Possem
2026 3593 2095 3665 alia
2111 3593 2252 3669 Ponti-

175 3721 178 3728 *
210 3705 283 3778 suis
297 3701 558 3794 voluptatibus,
583 3713 700 3772 tamen
723 3723 762 3768 ra
782 3699 856 3789 ipsa
870 3701 1029 3788 pendent
1042 3697 1082 3768 in
1097 3719 1201 3768 cruce
1248 3695 1352 3768 ficum
1370 3697 1531 3788 prodigia
1552 3697 1664 3767 multa
1680 3695 1847 3778 recitare,
1873 3719 1963 3788 quae
1985 3717 2082 3766 nuuc
2094 3696 2249 3770 omitto:

212 3807 319 3898 impii
329 3803 497 3890 latronis,
522 3801 623 3872 brevi
636 3821 769 3894 poenas
784 3799 953 3868 scelerum
970 3793 1098 3870 daturi.
1139 3796 1202 3868 ln·
1249 3820 1289 3870 ar
1311 3799 1419 3868 redeo
1438 3799 1484 3867 ad
1506 3797 1609 3867 illum
1634 3795 1847 3888 Apostolum
1871 3797 1917 3868 de
1931 3795 2078 3868 sublimi
2096 3799 2252 3872 concio-

95 3957 98 3966 .
211 3920 307 3978 teres
329 3929 410 3977 cum
431 3917 513 3976 ante
534 3903 641 3974 finem
665 3899 795 3972 mundi
815 3923 987 3970 renovare
1003 3899 1202 3970 doctrinam
1249 3909 1394 3970 nantem
1422 3912 1458 3970 et
1490 3899 1738 3969 defendentem
1766 3897 1917 3988 gloriam
1947 3893 2095 3978 Christi.
2157 3899 2250 3974 Non

213 4023 249 4082 ct
269 4007 525 4080 confessionem
549 4001 646 4078 Dens
665 4003 790 4087 vellet,
822 4000 1007 4087 excitavit,
1039 3999 1154 4072 doctis
1168 4013 1203 4073 et
1249 4012 1387 4094 poterat
1405 3999 1597 4070 semivivus
1619 4023 1660 4072 ac
1679 3998 1808 4091 ligatus
1821 3999 1987 4093 pietatem
2006 4021 2106 4072 suam
2121 4003 2250 4076 decla-

213 4110 350 4185 timidis
369 4107 603 4192 cessantibus,
634 4103 834 4177 Germanos
857 4102 1007 4185 milites,
1038 4097 1203 4177 homiues
1250 4124 1329 4172 rare
1345 4101 1416 4172 iam
1429 4101 1510 4172 aliis
1522 4099 1667 4185 officiis,
1693 4095 2096 4194 gubemareEcclesias,
2121 4117 2158 4175 ct
2172 4103 2250 4178 late

214 4213 292 4284 sine
308 4205 486 4306 hypocrisi
499 4203 947 4300 sapientiaeautinsticiae.
994 4201 1075 4276 Nou
1089 4216 1205 4298 potest
1251 4223 1412 4296 spargere
1426 4203 1641 4274 decennem<
1674 4198 1743 4274 hoc
1762 4227 1875 4275 unum
1897 4215 2051 4293 poterat,
2074 4205 2249 4295 castigare

215 4313 313 4386 enirn
333 4311 549 4383 dissimulari
571 4325 632 4382 aut
654 4309 776 4400 negari
798 4306 929 4378 multos
949 4305 1118 4377 articulos
1137 4308 1204 4377 do·
1251 4304 1535 4377 conviciatorem.
1600 4301 1656 4376 lta
1681 4328 1766 4391 nos,
1800 4329 1881 4375 cum
1904 4299 2062 4376 habenas
2084 4301 2248 4398 Reipub.

215 4416 350 4490 ctrinae
370 4413 590 4504 evangelicae
611 4413 660 4482 ita
674 4421 879 4502 repurgatas
892 4429 965 4479 ease
977 4428 1043 4500 per
1056 4403 1140 4493 hos,
1163 4421 1205 4480 nt
1251 4419 1393 4478 teneant
1408 4405 1620 4488 adversarii,
1645 4429 1726 4477 cum
1742 4405 1847 4478 toties
1857 4405 1986 4477 frustra
1999 4408 2248 4514 rogaverimus

214 4518 300 4590 satis
313 4527 479 4609 appareat
493 4513 667 4588 divinitus
691 4506 783 4582 hanc
799 4510 914 4580 lucem
931 4505 1108 4580 Ecclesiae
1122 4510 1204 4580 red·
1251 4503 1385 4600 Reges,
1416 4521 1458 4578 ut
1479 4509 1523 4578 de
1540 4508 1730 4579 concordia
1743 4509 1959 4596 deliberent,
1981 4531 2063 4580 cnm
2076 4533 2247 4584 revocare

215 4619 327 4691 ditam
350 4639 433 4688 esse.
491 4613 590 4688 Idem
621 4613 729 4704 igitur
754 4611 793 4682 in
815 4610 975 4682 doctrina
1000 4625 1203 4684 nostrarum
1251 4633 1312 4681 eos
1333 4609 1380 4682 ab
1403 4631 1523 4682 errore
1544 4633 1619 4682 non
1641 4607 1834 4702 possimus,
1862 4603 2091 4682 hunctamen
2106 4612 2247 4686 cultum

213 4715 454 4794 Ecclesiamm
485 4715 655 4802 traditur,
694 4715 740 4784 de
775 4710 1064 4784 reconciliatione
1095 4725 1129 4783 et
1158 4713 1203 4784 de
1250 4707 1328 4784 Deo
1345 4723 1583 4804 praestemus,
1607 4711 1729 4802 lingua
1743 4726 1778 4784 et
1792 4711 1883 4808 stylo
1900 4711 2117 4785 celebremus
2132 4709 2247 4786 Chri·

215 4823 304 4908 fide,
329 4822 425 4914 quod
448 4818 501 4891 ibi
522 4817 632 4890 sentit
654 4817 758 4890 latro.
804 4811 879 4886 Nec
900 4815 1010 4906 pudet
1024 4835 1091 4888 nos
1106 4809 1204 4886 hunc
1251 4825 1365 4895 stum,
1408 4813 1602 4886 refutemus
1638 4813 1878 4900 adversarius,
1926 4827 2084 4886 texemus
2116 4813 2245 4911 impias

215 4923 339 4998 audire
347 4917 578 5013 Apostolum,
600 4915 923 4990 cniuaaenteutiam
938 4915 1087 4986 etfidem
1095 4909 1205 4988 Chri·
1251 4937 1375 4986 eorum
1398 4915 1508 5006 leges,
1538 4939 1578 4986 ac
1598 4908 1824 5010 hypocrisin,
1847 4930 1888 4988 ut
1912 4913 1963 5008 pii
1984 4917 2162 4990 admoniti
2185 4945 2246 4990 ca·

215 5038 289 5097 stus
303 5023 490 5118 perspicuo
504 5018 706 5094 testimonio
720 5017 904 5110 approbat.
941 5014 1087 5090 Utinam
1095 5009 1205 5089 Chri·
1250 5027 1375 5102 veant,
1406 5039 1452 5088 ne
1472 5039 1595 5088 eorum
1616 5015 1781 5087 societate
1801 5018 2021 5108 polluantur.
2074 5017 2148 5090 Tot
2172 5021 2245 5092 iam

215 5139 308 5196 stum
325 5126 431 5197 etiam
446 5123 564 5196 simile
578 5123 648 5194 fade
660 5122 878 5194 invocemus.
928 5111 1007 5191 Etsi
1028 5113 1121 5190 nihil
1135 5121 1204 5190 du-
1251 5141 1364 5190 annos
1384 5118 1506 5190 omnia
1519 5118 1700 5189 moderata
1722 5119 1870 5191 consilia
1885 5118 2077 5210 repudiant
2089 5117 2245 5194 Pontifi-

214 5227 292 5298 bito
312 5227 443 5299 multos
465 5247 560 5307 esse,
583 5225 624 5294 in
644 5223 773 5318 quibus
787 5219 914 5292 similis
933 5217 1016 5290 fidei
1029 5219 1204 5292 scintillae
1250 5241 1325 5306 ces,
1356 5232 1495 5292 tantum
1518 5219 1563 5290 de
1585 5221 1689 5290 caede
1712 5220 1885 5311 cogitant,
1912 5221 2049 5294 faciunt
2077 5222 2188 5318 impia
2210 5241 2245 5299 et

212 5328 350 5401 ardent.
401 5325 484 5398 Non
502 5326 598 5396 enim
619 5323 858 5398 dubitandum
878 5334 950 5406 eat,
979 5321 1019 5392 in
1036 5345 1078 5394 eo
1101 5335 1204 5396 coctu
1250 5320 1417 5412 sacrilega
1433 5321 1586 5392 foedera.
1626 5318 1799 5410 Quamad
1813 5321 1915 5394 rem?
1938 5323 1983 5394 ad
1998 5323 2243 5398 defensionem

213 5449 288 5502 ctae
300 5428 459 5500 membra
474 5449 577 5500 verae
585 5421 780 5513 Ecclesiae,
804 5423 844 5496 iu
858 5446 930 5520 quo
942 5435 1037 5496 recte
1049 5423 1204 5498 traditur
1250 5421 1454 5496 manifestae
1468 5423 1730 5515 idolomaniae,
1762 5423 2026 5518 periuriorum,
2047 5425 2242 5522 flagitiosa-
