4616 5816
211 245 287 322 sss
463 179 479 188 ⁶
765 219 929 304 ouen
958 221 1039 302 ne
1070 219 1351 300 uncorno
1385 220 1694 302 anauniae
1792 227 1796 234 ·
2176 233 2245 312 sn

97 399 100 412 .
215 440 299 504 mm
312 411 446 494 virtus,
470 427 555 480 nam
575 425 618 474 ex
639 399 747 474 bonis
762 399 850 472 viris
866 413 990 486 natos,
1015 397 1210 472 verisimile
1262 396 1336 468 sui:
1362 420 1470 492 quam
1490 421 1533 468 eo
1555 399 1625 472 tibi
1647 401 1848 476 arbitrabar
1870 425 1945 476 non
1976 405 2150 498 ingratam
2167 407 2247 490 lore,

215 535 289 606 eet,
320 513 476 610 aliquam
500 521 667 603 paternae
690 503 834 577 virtutis
856 503 1131 576 similitudinem
1153 525 1212 572 re-
1247 500 1361 594 ,quod
1379 495 1435 572 bis
1460 502 1635 576 exercitiis
1659 519 1695 575 et
1715 506 1898 578 literarum
1921 509 2047 580 studiis
2068 523 2104 582 te
2122 512 2248 602 praeci.

194 625 319 709 tatae.
368 613 532 690 Audistis
566 621 687 680 antem
719 605 978 680 vetustissimos
1010 603 1211 678 Suevornm
1264 627 1332 694 pue
1347 603 1465 674 favere
1481 603 1567 680 scio.
1617 603 1691 678 Nec
1706 631 1789 678 vero
1805 609 2002 704 quidquam
2019 605 2089 682 boe
2103 625 2165 684 tuo
2179 613 2247 684 loco

215 750 236 798 a
269 720 416 796 Caesare
449 713 666 810 praedicari,
708 723 745 782 et
777 708 1000 802 praeclarum
1037 707 1212 780 iudicium
1264 705 1515 798 atquc‘ordine
1537 730 1617 778 cum
1634 708 1673 778 in
1688 707 1845 804 Reipub.
1869 713 2130 801 gubernatione
2143 739 2249 786 verse-

215 838 336 922 possea
360 823 405 894 de
424 817 552 894 Sucvis
576 811 770 884 Germania
792 827 898 906 atque
917 809 1027 882 ltalia'
1042 811 1213 896 lecerunt,
1264 809 1333 893 ris,
1357 807 1502 898 dignius
1522 824 1592 896 est,
1616 836 1723 905 qnam
1745 814 1879 884 civium
1900 816 2017 886 studia
2032 817 2198 902 excitare,
2221 831 2252 889 et
2302 823 2303 854 ³

215 927 359 1026 quando
374 924 419 995 ad
436 945 496 994 eos
511 918 702 1012 imperium
717 916 933 986 detulerunt.
974 913 1113 986 Nostris
1128 937 1213 982 vero
1264 910 1386 982 literas
1401 911 1495 981 tueri
1510 925 1616 1006 atque
1631 937 1770 988 ornare.
1815 915 2030 989 lntneturin
2046 931 2082 989 te
2097 919 2251 991 iuventus
2302 931 2303 994 ἶ

217 1028 438 1122 temporibus
462 1023 566 1094 nullo
601 1021 709 1090 modo
732 1033 854 1090 tenere
880 1031 996 1089 tantas
1018 1013 1215 1110 Respubli-
1265 1013 1466 1104 inponis,
1500 1026 1667 1110 tuamque
1686 1019 1912 1092 autoritatem
1940 1021 2120 1094 existimat
2139 1023 2252 1093 litera.
2302 1017 2303 1020 ’

215 1155 295 1215 cas,
327 1144 470 1223 umque
494 1127 663 1196 florentes
696 1135 731 1192 et
762 1133 903 1213 pacatas
937 1131 1101 1213 possent,
1143 1113 1214 1187 nisi
1266 1139 1346 1186 rum
1372 1115 1540 1187 studiosis
1570 1142 1698 1210 magno
1725 1121 1903 1212 praesidio
1927 1145 2012 1200 esse.
2062 1124 2144 1197 Nisi
2166 1129 2251 1194 enim
2302 1153 2303 1166 ¹

216 1234 385 1309 omnibus
419 1229 508 1304 belli
536 1251 577 1298 ac
602 1225 699 1320 pacis
725 1224 864 1296 artibus
896 1222 1061 1294 instructi
1088 1233 1216 1305 essent,
1266 1219 1320 1290 tui
1346 1217 1480 1289 similes
1508 1219 1578 1290 viri
1606 1237 1820 1313 praestantes
1845 1225 1978 1298 virtute
2003 1241 2037 1297 et
2064 1228 2253 1310 autoritate,
2302 1191 2303 1272 i

214 1359 394 1433 nusquam
412 1334 450 1404 in
468 1331 617 1403 urbibus
630 1325 873 1422 tranquillitas
888 1325 1014 1412 maior,
1038 1347 1214 1419 nusquam
1267 1320 1380 1391 literis
1394 1344 1498 1413 opem
1511 1321 1657 1410 serrem,
1680 1349 1771 1416 quae
1787 1327 1981 1414 barbaries,
2006 1343 2140 1424 quanta
2155 1330 2253 1398 vasti.

214 1441 337 1514 minus
360 1435 629 1510 latrociniorum
654 1443 725 1512 est,
758 1453 866 1525 quam
889 1429 929 1498 in
951 1423 1082 1498 borum
1108 1426 1215 1518 agris.
1267 1437 1321 1494 tas
1336 1424 1381 1495 ad
1398 1424 1638 1515 posteritatem
1656 1428 1775 1500 lutura
1791 1427 1857 1515 sit,
1883 1429 1958 1522 ipsc
1972 1432 2108 1524 optime
2130 1432 2253 1502 intelli·
2302 1427 2303 1514 l

215 1541 454 1614 Vicinisadeo
469 1561 544 1609 non
560 1547 644 1606 sunt
658 1557 791 1625 graves,
807 1545 849 1603 ut
862 1554 966 1624 saepe
979 1553 1039 1601 eos
1053 1528 1217 1600 maximis
1268 1526 1332 1618 gis.
1393 1523 1517 1620 ltaque
1550 1522 1643 1599 hanc
1677 1531 1937 1602 oratiunculam
1971 1533 2020 1604 ita
2048 1535 2117 1604 tibi
2151 1535 2253 1618 mitto,
2302 1533 2303 1610 i

216 1645 386 1740 periculis
410 1637 662 1722 liberaverint,
706 1635 930 1728 redduntque
956 1633 1083 1726 procul
1109 1632 1216 1704 etiam
1270 1627 1431 1700 simulut
1445 1630 1682 1720 patrocinium
1697 1657 1858 1704 meorum
1869 1637 2072 1707 studiorum
2087 1636 2155 1708 tibi
2169 1661 2254 1706 com·

215 1749 294 1822 istis
314 1759 392 1820 tuta
415 1743 548 1817 omnia.
606 1739 717 1812 Domi
735 1761 818 1809 vero
838 1757 907 1828 pax
927 1747 1098 1829 perpetua
1123 1733 1217 1804 mul·
1269 1731 1449 1802 mendem.
1500 1726 1603 1801 Nihil
1624 1735 1783 1822 dulcius,
1808 1737 1930 1831 lnquit
1951 1735 2149 1825 Homerus,
2176 1738 2254 1808 nni·
2302 1721 2303 1812 l

216 1867 335 1926 tarum
359 1843 589 1920 honestarum
620 1843 751 1914 artium
777 1839 893 1910 studia
923 1839 1088 1908 excitavit
1111 1851 1217 1930 atque
1268 1833 1398 1926 cuique
1421 1855 1514 1918 esse,
1548 1834 1660 1925 patria
1692 1859 1771 1908 sua:
1806 1863 1914 1934 qnare
1941 1864 2046 1911 nemo
2073 1865 2149 1911 non
2171 1842 2255 1910 lavet

195 1955 294 2028 ‘atie
347 1950 450 2044 Quae
471 1973 552 2020 cum
575 1947 622 2017 ita
648 1946 740 2024 sint,
766 1943 947 2012 laveamus
970 1940 1116 2010 illorum
1140 1941 1218 2010 lau·
1269 1959 1351 2006 sune
1374 1934 1509 2028 patriae
1530 1938 1796 2030 praedicationi.
1850 1941 1920 2013 Sed
1944 1967 2024 2013 cum
2047 1957 2122 2013 ram
2150 1943 2254 2014 tenuis

217 2058 345 2142 dibus,
376 2077 504 2148 easque
535 2049 613 2120 sine
645 2045 784 2116 invidia
818 2043 1075 2136 praedicemus.
1125 2037 1217 2114 Nam
1269 2037 1384 2108 oratio
1396 2041 1599 2128 argumenti
1617 2043 1845 2132 amplitudini
1869 2067 2095 2139 nequaqnam
2120 2069 2256 2136 respon.

217 2185 304 2234 cum
320 2158 452 2228 virtute
468 2149 562 2226 nihil
576 2151 702 2220 melius
717 2162 779 2219 aut
804 2140 990 2238 pulchrius
1012 2145 1058 2216 ait
1074 2144 1113 2214 in
1130 2167 1220 2238 qua-
1270 2142 1369 2225 deat‚
1393 2141 1542 2211 fortasse
1564 2143 1753 2216 consilium
1774 2145 1942 2216 editionis
1965 2143 2074 2218 huius
2090 2149 2193 2218 multi
2207 2172 2255 2216 re·

218 2263 412 2352 visgente,
437 2258 535 2329 iuxta
550 2268 708 2325 meretur
725 2249 849 2320 amari.
901 2247 986 2320 Non
1009 2247 1104 2318 enim
1130 2245 1218 2318 nnio
1273 2238 1509 2336 prehendens.
1567 2243 1641 2316 Nec
1675 2247 1711 2315 id
1742 2271 1806 2337 ego
1840 2249 2027 2319 ambitiose
2061 2251 2256 2330 defendam,

219 2364 373 2438 minoris
395 2373 447 2432 eet
472 2357 582 2454 precii
613 2365 759 2446 argento
788 2352 963 2438 insertus,
997 2349 1156 2445 quamsi
1180 2347 1219 2416 in
1270 2345 1361 2416 illud
1380 2357 1518 2416 tantum
1535 2361 1636 2438 opto,
1663 2351 1946 2421 exercitationem
1966 2345 2059 2422 hanc
2075 2375 2206 2434 meam,
2229 2365 2257 2420 et

221 2493 311 2542 auro
338 2477 502 2559 gestetur.
564 2457 635 2532 Sed
657 2471 698 2528 nt
722 2455 867 2548 superbi
898 2469 1004 2546 atque
1029 2447 1221 2522 inhumani
1270 2447 1310 2518 in
1326 2447 1523 2518 dedicando
1539 2450 1715 2536 officium,
1740 2453 1807 2522 tibi
1825 2453 1980 2545 probari.
2034 2453 2137 2526 Bene
2153 2455 2233 2524 vale.

220 2571 359 2664 ingenii
373 2581 445 2654 est,
469 2566 510 2635 in
525 2561 663 2656 privata
679 2555 936 2630 consuetudine
950 2555 1062 2634 vitae,
1087 2576 1124 2622 se
1139 2565 1219 2623 tan-

221 2690 300 2749 tum
323 2669 447 2742 mirari
473 2679 508 2738 et
529 2665 577 2737 ita
605 2663 675 2734 sibi
702 2681 866 2749 arrogare
890 2657 1030 2742 omnia,
1063 2649 1157 2725 nihil
1181 2667 1221 2725 ut

223 2775 304 2850 aliis
319 2771 451 2866 reliqui
466 2769 581 2852 iaciat,
607 2765 655 2836 ita
675 2763 828 2833 iniustus
845 2773 908 2846 est,
934 2759 997 2854 qui
1013 2781 1121 2830 unam
1134 2780 1221 2848 gen·
1271 2801 1360 2886 Etsi

223 2891 297 2952 tem
318 2877 370 2948 sic
390 2885 504 2953 amat,
533 2885 575 2942 ut
595 2863 689 2938 nihil
707 2864 833 2936 exteris
857 2863 1090 2933 tribuendum
1109 2871 1222 2953 putet.

224 2979 305 3054 Hoc
327 2977 447 3072 potius
467 2977 511 3045 ad
543 2984 704 3042 mutuam
733 2967 829 3036 inter
858 2987 925 3034 nos
954 2959 1163 3034 charitatem
1189 2971 1223 3029 et

225 3077 513 3156 benevolentiam
530 3075 696 3146 alendam
711 3069 825 3154 faciet,
849 3068 880 3137 si
896 3066 1039 3162 quaein
1057 3087 1224 3158 unoquo-

225 3209 296 3282 que
321 3181 458 3256 luerint
489 3179 594 3250 laude
628 3175 757 3266 digna,
793 3193 834 3240 ea
868 3168 1018 3240 candide
1050 3167 1224 3236 miremur

226 3301 333 3384 atque
350 3283 635 3376 complectamur.
687 3275 784 3349 Dixi.

1584 2653 1684 2669 b————

1394 2836 1537 2898 vereor,
1577 2825 1618 2884 ut
1645 2815 1728 2888 satis
1762 2819 1963 2888 verecunde
1994 2819 2110 2892 lacere
2139 2823 2259 2904 videar,

1275 2917 1371 3010 quod
1403 2915 1442 2982 in
1469 2909 1565 2985 hunc
1589 2917 1853 2989 ornatissimum
1883 2936 2020 2992 coetum
2045 2925 2259 2996 doctissimo-

1275 3043 1355 3088 rum
1389 3017 1558 3087 iuvenum
1593 3021 1743 3109 produci
1777 3047 1832 3090 me
1867 3023 2002 3114 patior,
2036 3051 2119 3096 cum
2154 3051 2257 3120 neque

1275 3145 1296 3190 a
1310 3119 1483 3199 doctrina,
1509 3144 1623 3214 neque
1640 3123 1684 3190 ab
1699 3124 1900 3216 eloquentia
1917 3125 1966 3198 ita
1982 3127 2176 3200 instructus
2188 3130 2258 3213 sim,

1276 3235 1316 3293 ut
1332 3221 1470 3315 aliquid
1490 3221 1616 3292 afferre
1638 3227 1770 3316 possim
1793 3227 1941 3316 dignum
1966 3231 2093 3301 vestris
2115 3233 2259 3314 auribus,
2302 3231 2303 3308 i

1276 3338 1395 3395 tamen
1414 3325 1582 3418 qnoniam
1603 3325 1699 3396 scitis
1715 3351 1780 3398 nos
1802 3329 1988 3402 autoritate
2004 3349 2258 3427 praeceptorum

236 3495 440 3510 .-.--....-
665 3475 1228 3497 Μ
1278 3425 1374 3518 cogi,
1399 3441 1439 3496 ut
1462 3424 1501 3494 in
1523 3421 1620 3496 hunc
1641 3429 1758 3499 locum
1775 3433 2006 3524 prodeamus,
2028 3459 2138 3528 quam
2156 3439 2259 3506 detre-

1278 3543 1372 3601 ctare
1386 3529 1491 3600 nobis
1503 3554 1576 3600 non
1593 3544 1646 3602 est
1659 3531 1848 3622 integrum,
1876 3548 1955 3625 peto
1976 3561 1996 3604 a
2014 3539 2136 3620 vobis,
2155 3563 2197 3608 ne
2210 3559 2258 3606 me
2302 3551 2303 3624 t

228 3647 374 3724 Nost.
955 3715 959 3728 ,
1047 3633 1227 3756 Q·
1278 3631 1406 3703 fiducia
1432 3631 1568 3721 ingenii
1595 3633 1656 3702 sed
1689 3635 1805 3704 ollicio
1836 3637 2048 3726 adductum,
2081 3635 2150 3711 hoc
2179 3659 2258 3710 onns
2302 3633 2303 3720 l

234 3749 365 3780 Μ
1279 3733 1469 3826 suscepisse
1485 3735 1658 3805 iudicetis.
2302 3731 2303 3766 l

457 3837 735 3928 En⁶⁰ml¹lm
759 3832 1001 3920 Flamme-
1381 3851 1472 3924 Cum
1490 3869 1607 3925 antem
1624 3850 1711 3924 haec
1728 3855 1802 3948 ipsa
1818 3859 2040 3930 declamandi
2054 3862 2259 3932 consuetudo

300 4017 382 4074 aod
399 4013 513 4072 ceston.
533 4007 606 4080 Myt.
625 4025 652 4080 p.
665 4007 716 4062 573
728 4024 805 4078 sqq„
827 4003 856 4058 q„
876 4001 998 4058 nectam
1018 3992 1092 4058 Μ
1110 3999 1227 4072 μω,
1280 3969 1485 4050 potestatem
1521 3959 1623 4028 nobis
1649 3957 1754 4028 faciat
1774 3961 1818 4030 de
1844 3961 1953 4030 variis
1985 3949 2093 4035 rebus
2119 3961 2259 4042 dicendi,
2302 3955 2303 4038 ζ

328 4037 688 4152 inSsevess.T.t.p.6st.
711 4070 1055 4159 communissent.
1074 4072 1229 4141 p.sts.-
1279 4083 1344 4151 ego
1368 4083 1529 4153 qnoque,
1560 4085 1640 4130 cum
1671 4062 1859 4134 autoritate
1893 4080 2158 4158 praeceptorum
2180 4059 2258 4134 mihi
2302 4041 2303 4126 i

335 4159 389 4210 lter
402 4153 507 4211 lrenaei
524 4169 586 4205 cum
604 4147 763 4202 Camerarso
780 4165 807 4198 m
823 4143 966 4198 Francsam
982 4141 1084 4196 sactum
1100 4149 1140 4196 est
1153 4157 1227 4195 anno
1282 4159 1348 4233 hae
1371 4176 1486 4254 partes
1509 4163 1784 4252 mandarentur,
1811 4187 1886 4234 non
1910 4165 2136 4242 incommode
2149 4168 2257 4238 meh·
2302 4161 2303 4250 q

333 4225 420 4294 test,
439 4233 470 4278 ut
483 4241 513 4277 es
527 4215 748 4292 Epistolis'buius
760 4216 825 4270 anni
839 4211 1012 4283 intelligitur.
1483 4264 1492 4281 .
1529 4265 1537 4281 ¹
1736 4266 1744 4282 ι
2302 4259 2303 4272 ¹

1281 4278 1420 4336 ctutum
1438 4266 1692 4349 existimabam,
1716 4290 1745 4334 ss
1762 4268 1805 4334 de
1822 4267 1955 4358 patriae
1968 4295 2076 4357 meae,
2101 4269 2257 4342 Franciae
2302 4283 2303 4346 ζ

268 4389 487 4462 encomium
509 4381 718 4466 Praescisse,
745 4379 798 4451 M.
819 4381 1019 4448 irenaeo
1042 4380 1189 4445 autore.
1281 4367 1464 4453 videlicet,
1500 4367 1712 4462 antiquitate
1743 4381 1777 4440 et
1800 4369 1966 4441 laudibus
1991 4377 2164 4466 quaedam
2194 4369 2257 4440 col·
2302 4373 2303 4378 ’

230 4555 427 4630 Nobilitate
438 4547 760 4673 ‘genueris3virtnte
779 4542 1000 4634 etdignitate
1024 4536 1230 4632 praestantis
1283 4471 1460 4658 hgeressrzi
1478 4600 1595 4658 ,mem
1614 4587 1776 4660 videbam
1800 4585 1984 4662 historiam
2003 4609 2143 4664 nom
2161 4589 2258 4684 gemis
2302 4633 2303 4650 2

308 4649 514 4730 D‘lWl'
541 4645 756 4732 Sllbm’
783 4641 1034 4718 M⁰lm²⁰⁶u⁸
1057 4641 1153 4742 SD·
1196 4747 1197 4751 ,
1234 4693 1238 4696 ”
1282 4691 1395 4762 multo
1419 4713 1492 4760 esse
1513 4690 1732 4781 longiorem,
1759 4717 1865 4786 quam
1888 4709 1927 4764 nt
1949 4697 2257 4768 nnaorationeex-

232 4797 333 4887 Cum
350 4829 465 4898 nuper
484 4803 521 4873 in
538 4799 688 4894 patriam
710 4795 883 4866 venissem
901 4793 1010 4864 officii
1026 4815 1148 4876 causa,
1175 4791 1230 4859 vi·
1283 4792 1408 4884 plicari
1438 4807 1573 4882 posset,
1608 4807 1725 4862 tamen
1750 4796 1834 4888 quia
1858 4797 2011 4866 sciebam
2042 4794 2134 4869 hanc
2161 4810 2256 4869 totam
2302 4849 2303 4860 ,

231 4939 312 4986 rum
328 4909 514 5005 optimum,
541 4903 665 4997 tuique
679 4897 980 4980 amantissimum,
1009 4888 1230 4964 loachimum
1283 4895 1505 4964 declamandi
1536 4897 1830 4967 consuetudinem
1862 4897 1941 4967 ideo
1973 4899 2166 4972 institutam
2195 4917 2257 4966 esse

230 5013 475 5088 Camerarium
507 5007 709 5088 comitatus,
750 5004 1025 5090 adeoamanter
1055 5023 1073 5066 a
1105 5010 1139 5066 te
1170 5019 1230 5064 ex·
1282 4997 1627 5090 apraeceptoribus,
1661 5013 1701 5070 ut
1720 5001 1983 5071 adolescentum
2009 5003 2148 5092 ingenia
2172 5021 2257 5070 eser·
2302 5037 2303 5040 =

233 5131 353 5206 ceptus
365 5139 464 5205 sum,
491 5125 532 5184 ut
547 5108 701 5180 multum
719 5129 775 5174 me
796 5103 863 5174 tibi
879 5103 1008 5172 dehere
1031 5098 1230 5171 iudicarim.
1282 5113 1448 5184 ceantur,
1482 5101 1586 5172 etad
1610 5122 1665 5168 res
1690 5101 1841 5171 maiores
1865 5119 2132 5195 praeparentur,
2162 5097 2257 5172 malui
2302 5153 2303 5158 1

235 5215 354 5303 Quare
375 5241 454 5295 cum
480 5210 776 5306 significationem
802 5205 959 5298 aliquam
989 5202 1060 5272 mei
1092 5222 1171 5291 erga
1197 5213 1231 5270 te
1283 5223 1426 5292 operam
1460 5223 1600 5272 sumere
1627 5201 1665 5270 in
1700 5201 1909 5293 colligendis
1942 5207 2075 5298 patriae
2098 5203 2257 5282 laudibus,

236 5317 344 5384 studii
356 5318 621 5400 extarevellem,
638 5311 707 5384 tibi
724 5307 947 5401 potissimum
964 5300 1055 5376 hanc
1069 5303 1231 5374 oratiun-
1283 5326 1391 5396 quam
1407 5303 1446 5372 in
1472 5303 1543 5373 alio
1558 5306 1712 5398 quodam
1729 5321 1950 5395 argumento.
2000 5306 2158 5380 Primum
2174 5303 2256 5376 enim

237 5415 353 5482 culam
371 5417 413 5484 de
429 5416 601 5488 Franciae
618 5413 786 5488 laudibus
802 5407 1036 5480 dedicandam
1060 5429 1133 5476 esse
1148 5427 1232 5474 cen·
1283 5404 1463 5476 neminem
1486 5419 1557 5476 tam
1585 5403 1822 5478 inhnmanum
1846 5423 1908 5481 aut
1929 5411 2082 5483 ferreum
2106 5432 2175 5480 esse
2193 5404 2256 5476 exi-

117 5718 231 5770 A
