4688 5826
95 269 164 349 sss
551 225 745 346 nucu
778 267 838 346 ut
866 265 1112 348 cannata
1145 264 1323 346 anrts
1357 265 1632 349 unomen
2045 293 2117 369 194

93 439 341 536 suspiciamus,
380 455 442 515 sut
472 437 658 536 pulchrius
684 444 782 539 quod
810 443 1083 536 investigemus,-
1130 442 1231 533 goeio
1257 465 1351 527 rem,
1379 467 1449 539 qua
1475 439 1568 518 nihil
1590 447 1792 540 cognitione
1819 457 2055 552 splendidius,
2080 483 2115 541 et
2198 457 2201 466 ’

88 558 143 614 aut
165 544 359 614 iucundius
375 546 470 638 quod
492 568 756 636 cognoscamus.
807 545 960 618 Videtur
982 547 1077 616 euim
1129 543 1370 638 inquisitione,
1387 548 1532 630 melius,
1558 565 1593 622 et
1614 554 1848 628 oblectatione
1867 567 2010 635 suavius
2027 593 2113 640 con-

87 643 150 738 ipsi
167 661 318 718 naturae
333 648 450 718 studio
466 647 589 734 luisse,
614 671 693 720 rara
709 673 800 743 quae
815 673 898 719 suae
913 648 1075 740 benigni·
1129 647 1238 741 sequi.
1290 647 1348 716 De
1363 673 1430 753 qua
1446 675 1552 742 quam
1570 648 1762 726 honorifice
1778 675 1912 734 veteres
1925 666 1998 748 illi,
2026 673 2113 758 veri,

86 749 163 822 atis
180 771 350 831 munera,
375 761 409 820 et
424 773 498 820 non
514 750 726 822 mediocrem
744 750 831 822 boni
848 750 937 836 vim,
963 751 1000 820 in
1019 751 1077 820 in·
1128 749 1240 819 sancti
1264 763 1298 821 et
1321 751 1496 840 sapientes
1520 747 1681 826 homines
1706 758 1914 851 iudicarint,
1941 769 2019 840 luce
2040 775 2113 844 cla-

86 850 180 922 timis
204 844 398 922 herbarum
420 851 587 923 medullis
611 853 803 924 recondere
834 865 868 924 et
889 853 1076 938 occultare,
1127 851 1203 920 rius
1220 862 1282 924 est.
1330 847 1508 923 Homerus
1531 855 1626 926 euim
1651 872 1746 930 vates
1766 863 1841 932 sine
1859 867 1970 940 dubio
1992 895 2111 946 rerum

87 977 155 1044 quo
180 952 295 1020 bonos
311 967 346 1024 et
365 952 495 1022 alacres
516 953 612 1028 siros
637 955 681 1024 ad
697 954 952 1048 inquirendum
971 978 1074 1024 acue·
1127 947 1363 1022 humanarum
1384 955 1634 1044 peritissimus,
1659 985 1769 1028 ttrtttm
1792 963 1990 1056 Medicum,
2015 978 2111 1044 msul-

87 1069 136 1123 ret
169 1066 205 1122 et
241 1077 368 1124 eorum
397 1054 513 1126 studia
546 1069 580 1126 et
620 1056 834 1126 industriam
870 1055 1075 1124 liberalibus
1126 1054 1171 1122 tis
1193 1054 1271 1122 aliis
1288 1048 1493 1126 homiuibus
1519 1073 1689 1148 praestare
1712 1067 1864 1139 censuit:
1891 1079 1985 1164 quod
2004 1073 2111 1150 Poeta
2206 1113 2214 1124 ·

87 1153 254 1248 praemiis
278 1169 537 1226 remuneraret:
571 1159 872 1250 quemadmodum
890 1157 957 1226 viri
974 1157 1074 1248 priu—
1126 1155 1288 1224 acerrimi
1307 1155 1430 1226 iudicii
1446 1183 1630 1252 nunquam
1647 1165 1807 1250 dixisset,
1833 1171 1860 1237 si
1879 1197 1952 1242 nou
1967 1177 2112 1252 vidisset

85 1257 197 1348 cipes,
225 1275 348 1326 eorum
365 1257 488 1330 virtuti
511 1259 571 1352 qui
594 1259 632 1328 in
654 1259 905 1328 certaminibus
928 1260 1074 1351 praesti·
1125 1271 1263 1328 tautum
1289 1273 1450 1347 oportere
1474 1263 1584 1332 tribui
1610 1278 1680 1332 tam
1706 1267 1854 1356 eleganti
1872 1297 1989 1345 remam
2007 1293 2112 1350 uatu-

86 1371 225 1442 teruut,
250 1354 617 1452 exquisitosbonores
642 1355 911 1432 haberesolent.
963 1359 1074 1430 Cuius
1121 1383 1184 1446 rae
1208 1359 1413 1448 cognitioni.
1468 1359 1563 1449 Quid
1587 1370 1679 1458 quud
1698 1365 1854 1441 Homero
1878 1400 1949 1448 uon
1972 1392 2110 1473 tautum

84 1461 134 1531 rei
151 1461 311 1550 locuples
329 1459 426 1530 testis
440 1457 617 1532 Hesiodus
635 1475 703 1547 est,
730 1463 898 1558 antiquae
914 1462 995 1530 fidei
1013 1488 1075 1530 va·
1126 1461 1352 1546 vetuistiores,
1377 1463 1436 1530 sed
1455 1465 1559 1532 etiam
1577 1469 1754 1556 gradmes
1770 1473 1854 1558 viri,
1884 1476 2035 1550 Medicis
2050 1485 2110 1551 di-

86 1576 152 1642 tes,
190 1561 257 1654 qui
286 1563 451 1653 deplorat
484 1559 647 1636 homines
678 1564 859 1652 ignorare,
901 1579 1072 1657 quantum
1126 1562 1228 1630 vinos
1250 1555 1404 1632 honores
1428 1559 1651 1658 habuerunt,
1675 1595 1804 1664 eosque
1830 1579 2057 1653 beneficentia
2076 1602 2111 1656 et

84 1663 166 1734 boui
183 1663 223 1732 in
241 1663 358 1744 malva
374 1677 409 1734 et
422 1663 549 1737 albuco
565 1667 786 1737 reconditum
806 1668 863 1740 sit.
913 1663 1074 1740 EtMer-
1125 1663 1243 1732 studio
1265 1665 1303 1732 in
1327 1687 1513 1736 numerum
1537 1667 1694 1740 Deorum
1717 1679 1945 1756 sustulerunt.
2003 1683 2110 1775 Quod

84 1766 203 1834 curius
218 1765 280 1834 illc
294 1765 452 1836 Deorum
468 1769 657 1857 apparitor,
686 1765 801 1861 Ulyssi
815 1769 911 1860 moly
928 1762 1072 1836 herbam
1125 1765 1278 1852 graviter
1308 1767 1451 1858 quidem
1484 1769 1537 1838 illi
1571 1785 1604 1842 et
1631 1788 1832 1848 constanter
1860 1783 2017 1857 lecerunt
2050 1789 2110 1881 (ut

83 1879 390 1952 commonstrans,
428 1867 545 1960 inquit
578 1865 786 1938 homiuibus
813 1869 956 1938 difficile
988 1891 1072 1958 esse,
1125 1891 1247 1936 cortem
1271 1867 1404 1938 serebat
1428 1871 1569 1964 religio)
1593 1874 1798 1950 iudicabant
1820 1884 1915 1956 euim
1941 1887 1994 1956 illi
2014 1884 2109 1962 hanc

84 1990 165 2036 eam‘
179 1967 363 2052 invenire,
388 1969 466 2040 Diis
481 1985 596 2042 autem
616 1995 689 2041 uon
710 1970 804 2043 item.
855 1967 952 2042 Haec
965 1970 1074 2060 igitur
1125 1967 1332 2059 sapientiam
1370 1995 1442 2039 non
1478 1967 1688 2061 humanam,
1719 1984 1779 2050 scd
1809 1985 1990 2058 coelestem
2026 2015 2111 2077 esse,

82 2071 207 2160 procul
230 2071 275 2140 ab
291 2069 451 2141 omnium
468 2073 582 2142 oculis
599 2073 638 2142 in
659 2073 822 2142 extremis
844 2097 962 2144 rerum
987 2075 1072 2142 lute-
1125 2092 1215 2161 quae
1231 2083 1301 2140 tam
1319 2095 1463 2142 arcanas
1478 2097 1598 2146 rerum
1615 2078 1779 2168 virtutes,
1808 2085 1846 2153 in
1866 2087 1951 2179 ipsis
1964 2083 2110 2164 naturae

83 2172 153 2240 bris
175 2173 338 2242 abstrusa
365 2173 617 2264 pervestigare,
650 2187 684 2245 et
706 2197 874 2264 maguum
898 2175 982 2243 iude
1006 2168 1073 2242 bu-
1126 2171 1225 2240 venis
1248 2175 1448 2244 reconditas
1469 2190 1503 2246 et
1523 2178 1700 2248 abstrusas
1726 2186 1906 2270 evolvere,
1933 2205 1965 2260 et
1989 2193 2026 2263 iu
2052 2197 2110 2268 lu-

83 2297 208 2343 manae
230 2272 387 2344 societati
409 2275 564 2346 fructum
591 2290 625 2346 et
652 2275 722 2346 sibi
743 2276 950 2368 sapientiam
972 2275 1074 2345 colli-
1124 2295 1199 2342 cem
1217 2275 1372 2364 prolerre
1390 2289 1521 2366 posset,
1549 2303 1662 2374 neque
1676 2275 1842 2374 hominis,
1868 2295 1926 2360 sed
1942 2289 2008 2364 Dei
2026 2321 2110 2385 esse,
2225 2319 2228 2322 ·

81 2397 179 2462 gere,
206 2389 258 2446 est
284 2377 454 2468 praeclari
474 2390 508 2448 et
531 2378 649 2468 magni
671 2377 754 2450 viri.
804 2377 900 2468 Quid
922 2401 1005 2446 vero
1029 2379 1073 2444 de
1125 2386 1220 2444 tanta
1239 2369 1446 2446 hominibus
1463 2384 1647 2450 commoda
1667 2385 1814 2458 adferre.
1848 2390 1967 2480 Quare
1982 2401 2109 2470 merito

80 2499 300 2564 gemmarum
323 2477 459 2548 naturis
482 2491 516 2548 et
530 2479 720 2550 virtutibus
743 2479 876 2562 dicam,
902 2504 989 2572 quas
1005 2477 1073 2546 viri
1124 2478 1218 2566 apud
1236 2499 1295 2546 eos
1311 2477 1349 2546 iu
1367 2479 1492 2548 divino
1506 2475 1641 2552 honore
1659 2503 1777 2573 erant,
1803 2513 1821 2559 a
1839 2495 1969 2585 quibus
1986 2501 2108 2572 divina

82 2576 217 2648 Medici
244 2578 415 2668 singulari
442 2579 576 2669 ingenii
603 2581 796 2651 acrimonia
818 2597 852 2652 et
870 2580 1071 2650 incredibili
1125 2577 1292 2646 beneficia
1308 2581 1561 2669 percipiebant.
1610 2581 1682 2654 Eos
1695 2613 1797 2675 vero,
1823 2595 1884 2684 qui
1900 2600 1944 2665 de
1959 2599 2035 2670 iure
2052 2627 2108 2672 re-

82 2679 258 2750 industria
291 2683 547 2772 perpendentes
576 2682 816 2753 invenerunt?
846 2683 976 2776 quibus
993 2697 1071 2750 tam
1123 2681 1365 2768 spondebant,
1394 2683 1586 2774 plurimum
1611 2690 1898 2788 admirabantur,
1925 2713 1958 2769 et
1981 2707 2107 2776 merito

81 2779 270 2872 splendida
297 2781 351 2850 vis
375 2794 517 2877 tamque
537 2783 825 2876 incomparabilis
843 2785 954 2854 virtus
968 2785 1073 2868 inest,
1123 2781 1287 2876 quidem,
1321 2783 1400 2876 quis
1420 2785 1515 2854 euim
1533 2799 1603 2856 tam
1625 2807 1762 2862 sanctos
1778 2795 1930 2869 iustitiae
1947 2810 2109 2877 cristodes

6 2893 7 2926 t
81 2897 116 2953 ot
133 2879 293 2952 uibilsit
311 2883 348 2952 in
364 2885 469 2956 rebus
484 2879 667 2968 humanis,
692 2887 787 2982 quod
813 2911 891 2956 rum
912 2885 955 2954 iis
973 2895 1070 2955 com·
1123 2905 1197 2952 uon
1220 2886 1492 2974 magnifaceret?
1542 2885 1611 2958 Sed
1642 2904 1759 2962 tamen
1786 2921 1888 2968 nemo
1911 2904 2023 2974 ullum
2049 2905 2109 2977 lu-

82 2985 198 3076 parari
216 2985 336 3076 possit.
388 2983 435 3056 Et
452 3011 496 3056 ue
517 2987 659 3078 longior
675 3013 786 3082 aequo
805 2989 890 3074 sim,
916 2989 1071 3082 reliquas
1123 2984 1327 3076 risperitum
1351 2989 1447 3057 coelo
1471 2989 1725 3080 dignatusest,
1746 3023 1867 3068 verum
1892 3003 1934 3072 iis
1954 3031 2107 3100 quorum

6 3165 8 3172 ,
82 3087 299 3158 naturaliuu's
317 3111 435 3158 rerum
452 3103 567 3179 partes
583 3091 697 3180 placet
712 3091 853 3160 silentio
870 3090 1072 3182 praeterire,
1123 3109 1249 3176 magna
1263 3100 1298 3158 et
1313 3088 1460 3160 celebris
1475 3089 1628 3163 iustitiae
1644 3109 1676 3164 et
1690 3101 1874 3191 aequitatis
1891 3106 2014 3197 opinio
2028 3111 2108 3204 luit,

81 3189 110 3256 si
129 3190 232 3279 prius
248 3191 293 3256 de
318 3183 483 3276 humine,
516 3191 561 3260 de
584 3216 655 3285 quo
678 3206 792 3264 tacere
815 3193 868 3262 sas
896 3215 968 3262 esse
997 3215 1070 3260 nou
1123 3184 1213 3258 banc
1230 3190 1446 3280 provinciam
1465 3193 1680 3281 detulerunt,
1701 3213 1740 3269 ut
1759 3205 1850 3290 apud
1868 3205 2000 3280 interos
2017 3213 2109 3283 iuter

82 3305 186 3381 putu,
219 3289 390 3372 dixerim,
419 3315 490 3386 quo
516 3315 536 3362 a
560 3307 687 3364 natissa
713 3317 787 3363 nou
816 3295 913 3364 aliud
938 3293 1071 3363 animal
1122 3291 1265 3360 umbras
1297 3315 1418 3360 caussas
1442 3312 1701 3384 cognoscerent.
1769 3301 1822 3371 De
1850 3305 2109 3385 Mathetuaticis

82 3393 207 3462 melius
221 3404 285 3462 aut
300 3392 543 3482 praestantius,
561 3405 623 3465 aut
637 3395 794 3466 divinius
809 3398 991 3468 conditum
1009 3410 1070 3470 est.
1123 3405 1280 3462 veterum
1304 3392 1476 3464 iudicium
1501 3397 1606 3466 etiam
1624 3399 1754 3472 fabulis
1772 3421 1933 3477 testatum
1952 3427 2018 3498 est,
2046 3420 2106 3510 qut

82 3493 133 3563 Ad
158 3517 267 3588 quern
290 3495 623 3586 contemplandum,
654 3495 856 3576 Medicina,
889 3521 979 3591 quae
1002 3491 1069 3566 hoc
1120 3488 1330 3564 Promethea
1355 3497 1512 3566 nobilem
1537 3521 1620 3570 sane
1640 3498 1928 3579 Mathematicum
1952 3511 2107 3589 Caucaso

83 3595 118 3664 in
136 3597 385 3685 cognoscendo
407 3597 604 3668 accuratior
621 3611 656 3668 et
672 3598 879 3688 diligentior
900 3611 970 3678 est,
998 3623 1069 3690 quo
1120 3595 1328 3684 alligarunt,
1363 3597 1395 3666 ei
1411 3621 1475 3688 pro
1492 3593 1735 3674 honestissuma
1757 3609 1943 3700 dsscsphna
1966 3620 2108 3706 tradita,

81 3697 164 3789 quid
183 3697 415 3768 excellentius
437 3711 472 3768 et
494 3697 645 3768 melius?
678 3723 819 3770 omnem
846 3699 979 3789 ingenii
996 3701 1067 3767 vim
1121 3696 1382 3768 solicitudinem
1399 3713 1435 3770 et
1450 3698 1627 3771 miseriam
1642 3721 1862 3796 reponentes.
1914 3713 2035 3810 Neque
2051 3713 2106 3792 his

82 3813 112 3868 et
135 3799 257 3868 animi,
273 3800 386 3870 robur
406 3801 598 3885 convertit,
624 3825 747 3872 omues
763 3801 836 3872 eius
858 3815 973 3894 partes
987 3825 1068 3892 per-
1121 3798 1234 3886 maiur
1249 3792 1366 3870 honor
1379 3795 1607 3894 Philosophia
1622 3799 1775 3882 habitus.
1827 3809 1920 3884 Hinc
1935 3818 2105 3904 nimirum

80 3899 215 3984 lustrat,
238 3899 377 3990 singula
394 3903 551 3972 membra
566 3925 723 3972 seorsum
740 3903 884 3996 propius
900 3905 1069 3986 intuetur,
1122 3901 1237 3992 palam
1268 3919 1337 3983 est,
1376 3902 1471 3973 inter
1496 3899 1759 3980 honestissimas
1777 3911 1980 4007 disciplinas
2007 3925 2107 4014 prin-

82 4015 111 4070 ct
128 4001 203 4072 acri
219 4001 354 4072 iudicio
372 4001 560 4089 examinat,
586 4004 814 4100 singulosque
830 4006 905 4075 eius
921 4006 1069 4095 angulos
1121 4003 1234 4094 cipem
1258 4003 1376 4073 locum
1396 4019 1529 4075 veteres
1553 4005 1753 4081 Medicinae
1773 4015 1927 4105 dedisse,
1953 4035 1993 4092 ut
2015 4025 2108 4096 intc-

81 4117 256 4194 pcrreptat
271 4117 307 4174 et
322 4104 514 4192 cognoscit,
541 4107 629 4176 etin
647 4107 846 4178 admirabili
864 4108 974 4176 illast
991 4107 1069 4175 viva
1121 4105 1188 4173 rim
1213 4115 1343 4172 taceam
1360 4102 1564 4196 Graeciam,
1592 4133 1671 4180 cum
1690 4114 1789 4182 omui
1807 4137 1934 4206 genere
1949 4124 2107 4222 discipli.

81 4199 401 4298 corporisbumani
417 4207 688 4298 compositione,
714 4207 833 4279 omnia
851 4208 1069 4294 siugulatim,
1120 4229 1247 4275 narum
1274 4205 1423 4275 maxime
1446 4207 1605 4295 floreret,
1633 4207 1842 4306 Hippocrati
1867 4245 1926 4293 eos
1954 4220 2107 4302 bonores

83 4310 187 4380 ueluti
226 4307 446 4380 luculentum
480 4319 514 4380 et
549 4309 687 4380 illustre
720 4311 853 4380 nobilis
886 4305 1068 4379 architecti
1120 4302 1304 4387 habuisse,
1331 4331 1419 4400 quos
1435 4309 1533 4400 prius
1546 4309 1693 4384 Herculi
1708 4333 1863 4392 monstra
1888 4325 2028 4399 tollenti
2045 4334 2107 4402 de·
2151 4333 2154 4340 “

83 4411 278 4490 aedificium
310 4410 484 4503 perquirit
517 4425 552 4482 et
580 4409 741 4504 inspicit,
785 4412 907 4506 ibique
928 4425 1007 4503 apte
1033 4425 1069 4482 et
1120 4411 1257 4480 tulerat
1308 4403 1363 4478 Ex
1385 4435 1455 4502 quo
1479 4409 1681 4484 Medicinae
1706 4418 1859 4509 dignitas
1880 4441 1914 4496 et
1938 4431 2107 4518 splendor

84 4511 257 4601 eleganter
270 4512 439 4603 disposita
455 4512 663 4599 admiratur,
688 4515 823 4608 siquae
837 4514 963 4583 vitium
978 4514 1068 4582 lece-
1119 4509 1296 4582 aestimari
1315 4511 1438 4596 debet,
1463 4537 1544 4582 cum
1566 4538 1606 4585 ea
1624 4519 1737 4607 regio,
1764 4547 1854 4614 quae
1876 4529 1925 4598 sic
1945 4532 2029 4603 viris
2053 4559 2107 4604 sa-

84 4629 179 4698 runt,
205 4626 324 4698 notat,
352 4628 536 4708 totumque
559 4609 626 4686 hoc
650 4617 782 4684 animal
803 4617 907 4685 adeo
930 4615 1067 4706 perple-
1120 4612 1298 4706 pientibus
1316 4616 1530 4702 praestabat,
1554 4617 1604 4688 sic
1625 4621 1840 4710 optimarum
1868 4653 1985 4700 rerum
2012 4636 2108 4705 iudi-

83 4739 159 4785 xum
175 4729 210 4786 et
224 4715 429 4802 sinuosum,
448 4731 579 4788 utnon
601 4717 732 4788 iniuria
750 4717 894 4788 Momus
915 4716 946 4785 ei
971 4719 1069 4799 leue·
1120 4717 1173 4788 cio
1188 4715 1362 4807 pollebat,
1384 4713 1606 4786 Medicinam
1622 4732 1699 4822 tam
1712 4727 1893 4817 exquisitis
1910 4727 2106 4808 bonoribus

84 4831 166 4888 stras
190 4817 374 4888 addendas
392 4819 587 4904 censuerit,
612 4844 683 4913 quo
699 4841 740 4889 ea
756 4819 954 4913 quaeintus
974 4832 1067 4899 suut,
1122 4815 1316 4898 exornarit,
1343 4831 1382 4886 ut
1405 4817 1575 4906 dignitate
1597 4823 1700 4891 ctiam
1716 4821 1904 4900 Herculem
1927 4837 2105 4910 minorum

84 4919 240 5008 cognosci
258 4933 413 5010 possent,
440 4920 573 5014 lynceis
589 4922 701 4990 oculis
716 4920 893 5012 perspicit.
945 4919 985 4993 Si
1000 4920 1066 5010 igi·
1119 4919 1275 5011 gentium
1292 4913 1407 4987 Deum
1428 4922 1650 5013 adaequaret.
1710 4921 1758 4996 Et
1774 4945 1812 5000 ut
1831 4927 2031 5024 honestate,
2058 4944 2105 5012 ita

85 5033 137 5090 tur
159 5019 258 5114 quis,
288 5023 383 5116 quod
416 5016 696 5112 pulcherrimum
724 5035 758 5092 et
782 5017 1067 5091 honestissimum
1120 5035 1155 5091 et
1178 5020 1328 5092 utilitate
1350 5032 1384 5089 ct
1408 5021 1595 5093 dulcedine
1618 5026 1765 5120 reliquis
1783 5033 1979 5126 disciplinis
2004 5067 2105 5128 prae-

84 5137 146 5202 est,
172 5123 399 5215 semetipsum
416 5123 513 5194 intus
527 5139 562 5196 et
576 5125 613 5192 in
633 5137 711 5194 cute
730 5147 938 5214 cognoscere
958 5123 1067 5212 cupit,
1119 5137 1198 5194 stat.
1249 5119 1559 5209 Quemadmodum
1584 5126 1679 5197 enim
1703 5130 1740 5197 in
1756 5130 1902 5204 Platone
1923 5153 1957 5208 et
1973 5139 2107 5216 Desuo.

85 5225 189 5296 ueluti
214 5219 460 5320 labyrinthum
483 5228 724 5317 ingressurus,
757 5225 974 5294 Medicinam
999 5228 1066 5294 du·
1118 5221 1260 5306 sthene,
1301 5235 1336 5294 et
1362 5224 1517 5294 eiusdem
1543 5242 1704 5300 monetae
1736 5235 1837 5304 bouis
1864 5241 2106 5333 scriptoribus,

84 5349 171 5410 cern,
195 5351 259 5398 ceu
274 5322 405 5396 'l'hesei
420 5327 537 5413 filum,
561 5342 744 5421 sequetur,
765 5329 795 5397 si
809 5351 928 5399 errore
945 5325 1066 5416 impli—
1118 5351 1191 5396 non
1213 5337 1350 5395 tantum
1373 5349 1498 5415 magna
1522 5329 1684 5399 maiestas
1714 5346 1749 5404 et
1779 5335 1904 5426 iugens
1936 5351 2108 5420 sermonis

84 5431 150 5496 cari
181 5441 215 5500 et
240 5454 259 5498 a
282 5431 613 5502 serodsduciuon
634 5431 738 5516 velit,
775 5443 809 5499 et
831 5429 981 5500 minimo
1003 5451 1066 5498 ne·
1119 5427 1392 5520 splendor,‘sed
1425 5429 1528 5498 etiam
1552 5427 1812 5522 pulcherrimus
1836 5443 1970 5534 t'ructus
1996 5464 2029 5519 et
2050 5451 2107 5520 iu'-

128 5535 306 5600 Mrusurn.
332 5533 436 5604 Ocra.
465 5523 546 5603 Vos.
575 5535 640 5606 xl.
1448 5529 1493 5598 18
