4718 5828
120 313 124 322 ·
211 279 260 353 ιι
704 267 866 348 ouen
897 265 972 348 uu
1005 269 1760 369 anconiouuoounnrmn
2205 270 2258 347 ss

214 453 299 524 dare
314 449 479 522 debeant.
530 441 649 540 Atque
673 440 732 516 bic
749 440 839 518 mibi
857 445 1120 522 ,velPericleam
1136 446 1210 516 rim
1260 473 1368 544 quam
1396 448 1510 520 multa
1541 447 1694 519 alierum
1733 447 1929 541 improprie
1963 445 2068 520 etiam
2101 443 2259 516 eruditi?

157 641 163 652 ·
216 552 390 646 optarim,
415 553 501 622 dum
524 549 667 620 stultam
692 549 912 622 iuventutern
932 549 971 619 in
991 550 1085 620 viam
1107 573 1213 619 revo-
1262 549 1412 640 Quoties
1426 549 1591 620 absurdis
1608 574 1649 622 ac
1670 549 1800 642 ineptis
1821 545 2040 642 metaphoris
2056 571 2277 618 sermonem.

218 677 297 728 care
330 654 526 738 c'onteudo,
573 674 664 744 quae
700 651 953 740 elegantiorem
990 652 1211 724 literaturam
1261 652 1475 724 obscurant?
1501 649 1594 740 Quis
1610 651 1939 746 enim-Apuleium,
1963 647 2120 724 etbuius
2136 649 2259 719 simias

217 757 348 850 partim
362 778 483 826 errore
505 752 719 833 coutemnit,
746 755 843 846 quod
860 755 904 824 ad
929 753 1085 847 reliquas
1106 754 1213 824 disci·
1262 755 1375 826 serat?
1404 753 1476 826 Sed
1498 767 1591 824 reete
1611 749 1807 846 Apuleius,
1840 753 1903 848 qui
1926 777 2007 824 curn
2033 753 2174 823 asinum
2199 775 2260 821 re·

217 860 336 951 plinas
360 856 615 950 comparandas
639 853 803 924 inutilem
827 878 901 926 esse
924 871 1059 941 censet,
1085 855 1213 946 partim
1264 869 1520 950 praesentaret,
1545 857 1673 926 rudere
1686 879 1794 950 qnam
1810 855 1911 950 loqui
1927 855 2064 925 maluit.
2113 852 2257 923 Postre-

219 961 347 1032 iuertia
362 959 462 1049 fugit.
497 954 562 1028 Est
576 957 671 1026 euim
688 969 724 1026 et
737 957 932 1042 literarum,
947 957 1095 1049 perinde
1109 973 1214 1051 atque
1264 983 1340 1044 mo,
1365 971 1406 1030 ut
1420 959 1528 1030 verba
1545 953 1762 1052 phrasinque
1776 957 1861 1028 satis
1876 957 1992 1042 noris,
2017 955 2259 1026 difficilimum

218 1063 371 1134 aliarum
383 1063 560 1131 bonarum
575 1083 695 1129 rerum
712 1073 904 1144 sanatura,
928 1073 969 1130 ut
985 1061 1062 1130 siue
1075 1083 1214 1130 summo
1264 1076 1382 1132 tamen
1402 1075 1470 1146 est,
1495 1083 1560 1130 auo
1574 1083 1735 1154 quaeque
1752 1061 1832 1130 loco
1849 1059 2082 1141 distribuere,
2108 1056 2178 1126 alia
2195 1058 2260 1126 de-

219 1165 342 1236 labore
357 1163 493 1232 nemini
509 1161 727 1251 contingant.
777 1159 909 1232 Notum
930 1163 1024 1232 euim
1042 1163 1133 1232 illud
1150 1178 1215 1242 est,
1267 1163 1438 1255 primere,
1474 1161 1544 1231 alia
1577 1163 1757 1247 attollere,
1794 1163 1968 1255 quaedam
2004 1160 2161 1231 breviter
2195 1159 2263 1228 ad·

220 1265 381 1338 difficilia
413 1288 504 1348 esse,
546 1286 636 1355 qnae
665 1258 813 1353 pulchra
845 1278 940 1334 sunt.
1000 1263 1214 1358 Quanquam
1265 1265 1456 1355 stringere,
1486 1263 1573 1334 alias
1592 1264 1733 1354 evagari
1757 1263 1925 1346 liberius,
1957 1264 2130 1356 quaedam
2153 1260 2262 1330 dissi-

221 1367 473 1462 quitationem
489 1364 709 1449 subduxerit,
731 1365 905 1460 quantulo
921 1367 1079 1456 negocio,
1102 1389 1216 1459 quan-
1268 1367 1403 1436 mulare
1418 1377 1604 1455 actegere,
1628 1366 1699 1435 alia
1719 1389 1900 1457 promere,
1923 1377 1965 1435 nt
1979 1379 2147 1458 tanquam
2165 1362 2263 1432 inter

221 1469 403 1542 tumlucri
422 1467 542 1551 iaciat,
568 1467 630 1559 qui
647 1471 916 1538 commodorum
934 1469 1215 1558 magnitudinem
1268 1471 1409 1538 umbras
1423 1469 1559 1538 lumina
1577 1481 1694 1538 extent
1709 1491 1750 1537 ac
1766 1467 1958 1540 emineant.
1993 1463 2058 1536 Est
2074 1464 2167 1534 enirn
2184 1464 2264 1532 eln-

223 1573 271 1642 ob
291 1569 413 1643 oculos
436 1568 611 1660 posuerit,
644 1563 741 1640 hunc
767 1569 888 1639 nullae
909 1592 966 1639 res
989 1569 1217 1663 quantumvis
1267 1570 1411 1664 quentia
1433 1570 1582 1640 omnino
1602 1569 1755 1661 amplius
1774 1570 1963 1664 quiddam,
1996 1591 2102 1661 quam
2124 1565 2263 1636 tumul·

221 1674 350 1757 durae,
398 1671 443 1742 ab
479 1666 606 1740 harum
645 1670 775 1740 artium
810 1673 928 1742 studio
964 1672 1217 1756 deterruerint,
1269 1673 1381 1744 tuaria
1397 1673 1587 1742 verborum
1613 1671 1805 1761 congeries.
1857 1669 1991 1740 Verum
2013 1670 2117 1738 video
2140 1689 2263 1736 errore

223 1797 324 1868 quas,
352 1773 422 1842 nisi
437 1771 618 1862 cognoris,
643 1797 688 1841 ne
703 1773 775 1842 dici
791 1773 934 1866 quidem
953 1786 1085 1866 potest,
1110 1797 1217 1868 quam
1269 1773 1341 1844 labi
1368 1775 1611 1858 inventutem,
1650 1797 1741 1868 quae
1768 1797 1848 1844 cum
1878 1773 2011 1842 nesciat
2037 1769 2263 1864 eloquentiae

223 1875 438 1946 infoeliciter
478 1875 631 1967 reliquas
670 1875 876 1964 disciplinas
911 1887 1124 1948 tractaturus
1161 1876 1218 1946 sis.
1268 1899 1348 1946 cum
1372 1875 1444 1944 vim
1467 1888 1543 1946 tum
1567 1888 1753 1960 naturam,
1785 1898 1860 1944 non
1885 1873 2080 1944 arbitratur
2102 1871 2262 1963 precium

224 1975 382 2048 Proinde
405 1975 525 2070 aequis
547 1975 676 2046 animis
698 1977 837 2062 audite,
869 2001 959 2069 quae
983 2003 1039 2048 me
1063 1979 1218 2049 rationes
1270 1978 1414 2070 aliquod
1437 1999 1564 2068 operae
1586 1978 1681 2062 lore,
1710 1999 1774 2048 our
1796 1999 1873 2046 eam
1897 1976 1964 2046 sibi
1986 1974 2120 2045 maiore
2140 1971 2262 2042 studio

166 2134 176 2152 ,
226 2078 457 2162 adduxerint,
500 2102 563 2148 cur
592 2077 842 2168 elegantiorem
868 2079 1087 2151 literaturam
1113 2082 1219 2148 rebus
1270 2078 1565 2172 contentioneque
1587 2091 1703 2170 paret,
1729 2091 1764 2149 et
1785 2077 1926 2148 laudari
1948 2101 1969 2148 a
1994 2076 2100 2146 nobis
2123 2075 2264 2167 proles-

227 2175 393 2250 humanis
419 2181 524 2271 plane
554 2179 783 2248 necessariam
814 2201 886 2250 esse
907 2179 1078 2251 iudicem.
1138 2180 1219 2249 Pri·
1269 2180 1417 2250 surculis
1443 2194 1541 2270 putat
1563 2180 1702 2268 vulgari
1726 2201 1842 2264 more,
1872 2177 2171 2273 quemadmodum
2200 2197 2265 2247 sua

226 2305 345 2368 mum,
371 2305 476 2352 nemo
496 2295 567 2350 tam
585 2305 706 2350 vecors
721 2293 783 2365 est,
809 2281 871 2374 qui
888 2306 963 2352 non
980 2283 1097 2352 videat
1115 2283 1219 2352 nobis
1271 2295 1424 2372 ungenta
1457 2283 1572 2353 solent
1599 2277 1915 2372 pharmacopolae:
1952 2305 2018 2350 nec
2042 2279 2263 2370 optimorum

228 2397 321 2454 certa
337 2385 489 2476 quadam
507 2383 678 2476 loquendi
700 2383 837 2454 ratione
854 2407 944 2475 opus
959 2408 1049 2470 esse,
1074 2408 1143 2478 qua
1163 2385 1220 2453 di·
1272 2383 1700 2477 prudentissimorumque
1723 2379 1911 2453 bominum
1930 2377 2145 2454 authoritate
2164 2403 2263 2449 com-

227 2484 346 2554 lucide
378 2485 606 2577 explicemus
628 2485 829 2554 animorum
866 2499 1070 2556 nostrorum
1109 2508 1220 2570 sensa,
1271 2499 1455 2571 monetur,
1494 2486 1558 2580 qui
1582 2487 1627 2554 ad
1658 2485 1755 2556 illins
1783 2486 1942 2556 studium
1972 2507 2044 2554 una
2064 2507 2149 2552 voce
2173 2483 2267 2550 adu·

229 2609 438 2680 quacunque
452 2587 496 2656 de
510 2609 547 2654 re
562 2586 617 2654 vel
634 2585 775 2676 publice
791 2587 848 2654 vel
861 2587 1029 2678 privatim
1044 2589 1219 2678 agendum
1271 2589 1438 2658 lescentes
1461 2601 1496 2658 et
1517 2587 1699 2657 communi
1717 2587 1860 2657 classico
1875 2587 2039 2660 invitant.
2089 2582 2266 2654 Miseram

228 2701 290 2758 est.
324 2685 487 2758 Fortasse
501 2685 693 2756 ridiculum
707 2687 815 2758 fuerit
830 2683 888 2757 bic
903 2687 1093 2781 disputare,
1113 2713 1219 2782 quarn
1272 2685 1457 2760 homiuum
1480 2689 1743 2790 conditionem,
1769 2691 1940 2782 quando,
1956 2702 1997 2758 ut
2021 2709 2182 2782 quaeque
2208 2705 2266 2754 res

229 2790 445 2859 necessarius
472 2784 612 2858 homini
644 2811 758 2858 sermo
786 2789 842 2858 sit.
894 2787 984 2860 Nam
1013 2793 1075 2884 qui
1102 2791 1220 2860 literas
1270 2792 1404 2883 optima
1429 2805 1496 2873 est,
1524 2792 1571 2860 ita
1597 2791 1800 2880 longissime
1822 2803 2050 2882 aconspectu
2066 2801 2188 2858 nostro
2205 2810 2265 2854 re·

230 2903 475 2976 contemnunt,
499 2889 705 2984 neutiquam
722 2887 1221 2964 viderivolunthominiser-
1271 2894 1382 2982 cessit,
1408 2893 1624 2986 minimeque
1639 2893 1852 2984 agnoscitur.
1889 2889 1964 2962 Nec
1979 2883 2172 2962 dubitarim
2187 2909 2267 2977 ego,

230 3015 371 3062 monem
390 2993 565 3076 adimere,
587 2995 648 3061 sed
665 2994 837 3063 orationis
853 2995 987 3064 cultum
1003 2997 1220 3088 adspernan-
1271 2995 1360 3088 quin
1391 2995 1429 3064 si·
1445 2995 1558 3066 oculis
1578 2996 1675 3066 cerni
1703 3009 1818 3086 posset
1845 2995 2067 3088 eloquentiae
2093 2990 2264 3081 dignitas,

230 3107 300 3164 tur.
351 3093 508 3164 Proinde
529 3107 702 3186 quantum
726 3096 872 3180 referat,
898 3110 1028 3167 certam
1049 3097 1220 3190 loquendi
1273 3095 1471 3183 mirabiles,
1496 3113 1535 3168 ut
1558 3097 1618 3166 ille
1635 3097 1701 3182 ait,
1726 3119 1864 3167 amores
1882 3097 1938 3166 sui
1961 3097 2136 3167 excitaret.
2189 3093 2263 3162 Sed

231 3195 406 3266 rationem
430 3195 563 3275 teneri,
597 3197 716 3287 paucis
739 3197 987 3267 indicabimus.
1045 3197 1135 3269 Nam
1159 3199 1221 3292 qui
1261 3209 1352 3269 'cum
1373 3221 1455 3269 casu
1477 3199 1660 3285 iuventus,
1684 3219 1760 3269 non
1780 3199 1917 3268 ratione
1931 3199 2047 3279 vivat,
2073 3193 2266 3267 temerario

232 3309 325 3368 recte
344 3323 420 3369 rem
442 3297 627 3370 aestimare
650 3299 762 3384 volet,
796 3300 826 3368 is
849 3300 1042 3390 intelliget,
1074 3303 1220 3370 nonita
1273 3301 1426 3394 quodam
1444 3301 1579 3392 impetu
1593 3303 1636 3372 ad
1655 3323 1694 3370 ea
1706 3301 1895 3386 delabitur,
1920 3323 2011 3392 quae
2026 3299 2133 3388 vulgo
2149 3295 2267 3364 maxi-

232 3400 384 3470 mnltum
408 3401 594 3480 interesse,
628 3413 746 3470 mutus
769 3401 816 3471 sis
839 3402 961 3492 plane,
986 3427 1032 3472 an
1050 3416 1159 3474 artem
1176 3404 1221 3472 ad
1274 3427 1329 3472 me
1347 3403 1582 3476 celebrantur.
1622 3401 1743 3491 Quare
1758 3403 1787 3472 si
1804 3403 1884 3496 quis
1897 3415 1949 3472 est
1962 3425 2037 3471 non
2053 3399 2267 3492 imprudens

233 3501 422 3572 dicendum
443 3527 517 3573 non
533 3496 713 3574 adhibeas.
751 3501 875 3597 Neque
893 3503 988 3572 enim
1004 3504 1080 3573 lieri
1096 3515 1221 3596 potest,
1274 3528 1392 3574 rerum
1414 3505 1637 3591 aestimator,
1661 3505 1692 3575 is
1707 3505 1800 3596 apud
1826 3527 1862 3573 se
1884 3506 2078 3597 expendat,
2105 3500 2266 3592 primum

233 3615 274 3674 ut
290 3628 379 3698 quae
391 3606 510 3690 sentis,
532 3602 580 3672 sic
594 3627 748 3695 exponas
763 3619 803 3674 nt
821 3605 972 3697 intelligi
988 3620 1129 3700 queant,
1150 3607 1220 3676 nisi
1257 3602 1364 3676 'nibil
1379 3629 1463 3692 esse,
1488 3607 1588 3678 cuius
1600 3629 1685 3677 usus
1697 3607 1802 3675 latius
1817 3619 1945 3706 pateat,
1968 3629 2073 3700 quam
2088 3599 2267 3673 sermonis

233 3719 308 3776 arte
334 3708 507 3800 loquendi
539 3705 739 3775 facrsltatem
770 3721 805 3776 et
834 3731 935 3798 pares
965 3722 999 3778 et
1025 3710 1220 3779 confirmes.
1273 3710 1469 3780 commoda.
1520 3705 1653 3777 Omnis
1667 3703 1856 3778 hominnm
1878 3707 2041 3792 societas,
2062 3705 2154 3775 ratio
2169 3703 2268 3772 vitae

235 3804 309 3878 Usu
329 3812 425 3878 euim
448 3821 696 3896 compererunt
717 3810 907 3899 prudentes
923 3809 1014 3895 viri,
1039 3804 1131 3878 nihil
1149 3833 1223 3880 esse
1275 3810 1510 3880 instituendae
1539 3811 1681 3901 publice
1708 3833 1748 3882 ao
1781 3810 1967 3903 privatim,
1997 3805 2268 3900 conquirendo-

233 3907 432 3992 dilficilius,
457 3933 563 4005 quam
580 3910 736 3979 dilucide
752 3933 791 3979 ac
813 3909 996 4001 perspicue
1012 3911 1057 3980 de
1079 3934 1116 3979 re
1134 3936 1221 4004 qua-
1274 3935 1424 4005 rumque
1444 3913 1605 3982 omnium
1629 3913 1760 4006 quibus
1781 3913 1889 3984 vitam
1918 3925 2076 3993 tuemur,
2106 3906 2267 3998 deniqne

234 4011 328 4101 piam
351 4013 477 4086 dicere.
529 4009 689 4082 Primum
714 4012 809 4080 enim
830 4011 900 4081 nisi
916 4011 988 4080 viru
1014 4014 1223 4106 pondusque
1273 4014 1480 4084 commercia
1500 4014 1622 4084 omnia
1643 4037 1805 4084 sermone
1831 4013 2070 4084 continentur.
2121 4007 2266 4080 Deinde

235 4113 426 4184 verborum
441 4113 591 4182 dicendo
608 4127 737 4198 tueare,
755 4114 953 4186 orationem
968 4128 1064 4186 tuam
1081 4115 1143 4208 qui
1158 4116 1234 4185 ad-'
1275 4117 1481 4206 persuadeat
1502 4116 1571 4185 sibi
1595 4115 1775 4184 neminem
1801 4115 1960 4208 adposite
1981 4106 2021 4184 ac
2042 4111 2199 4183 dilucide
2219 4109 2267 4178 de

235 4228 402 4308 sequetur
416 4213 582 4286 auditor?
606 4213 696 4284 Nam
711 4241 790 4287 cum
808 4240 888 4301 usu,
913 4217 1136 4303 velutnumi,
1158 4243 1223 4288 vo-
1273 4217 1346 4288 ulla
1361 4241 1400 4287 re
1415 4217 1593 4288 dicturum
1610 4239 1701 4303 esse,
1726 4218 1794 4287 nisi
1810 4217 1874 4311 qui
1893 4231 1969 4288 arte
1984 4218 2153 4311 quadam,
2178 4209 2268 4280 imi·
2314 4301 2321 4314 Ι

234 4317 359 4387 cabula
394 4317 609 4409 probentur,
644 4319 793 4410 receptis
820 4320 992 4389 utendum
1021 4331 1091 4405 est,
1122 4343 1223 4414 qnae,
1273 4321 1475 4413 tationqque
1497 4320 1714 4412 optimorum
1739 4332 1772 4390 et
1800 4329 1929 4410 magua'
1951 4343 2034 4389 cura
2062 4315 2265 4388 orationem

236 4420 318 4513 qnia
337 4419 541 4514 eloquentes
557 4414 738 4504 homines,
763 4421 864 4514 quasi
878 4444 941 4513 per
962 4443 1089 4491 mansas
1106 4429 1222 4512 poste-
1273 4446 1311 4491 ea
1334 4421 1455 4511 lingua
1479 4445 1548 4515 qua
1571 4421 1712 4513 publice
1735 4421 1893 4507 utimur,
1922 4419 2096 4493 formarit.
2152 4415 2265 4506 Quod

235 4521 286 4590 ris
306 4520 502 4606 tradidere,
535 4521 747 4591 obscuritate
766 4535 903 4595 vacant.
955 4519 1146 4614 Superiore
1168 4547 1223 4593 se·
1273 4524 1335 4593 ubi
1350 4523 1656 4606 animadverterit,
1682 4517 1776 4594 haud
1795 4523 1904 4594 dubie
1917 4517 2009 4591 nihil
2025 4523 2143 4614 prius,
2167 4512 2266 4586 nihil

236 4624 328 4709 culo,
353 4647 433 4692 enm
448 4646 510 4692 sua
524 4623 674 4717 quisque
690 4623 796 4693 verba
812 4627 963 4709 cuderet,
989 4641 1024 4694 et
1041 4626 1222 4716 peregrina
1273 4624 1455 4719 antiquius
1470 4619 1616 4698 habebit
1629 4625 1806 4696 discendis
1820 4625 1991 4722 loquendi
2006 4623 2151 4694 artibus.
2177 4617 2265 4690 Sive

235 4721 376 4796 Latinis
397 4726 645 4805 miscerentur,
672 4723 845 4794 eiusmodi
861 4727 1009 4796 conflata
1031 4739 1081 4796 est
1096 4727 1222 4809 oratio,
1273 4727 1367 4796 enim
1384 4727 1533 4797 consilio
1550 4729 1612 4797 alii
1628 4728 1776 4801 iuvandi
1792 4742 1885 4814 suut,
1911 4727 1985 4796 sive
2000 4723 2161 4808 docendi,
2187 4721 2265 4790 sive

236 4849 324 4920 quae
340 4851 386 4896 ne
403 4829 447 4896 ab
470 4827 567 4896 illius
583 4825 727 4920 quidem
746 4829 868 4898 aetatis
890 4822 1096 4898 hominibus
1116 4829 1222 4898 intel·
1273 4831 1445 4899 tuendum
1466 4842 1517 4900 est
1542 4831 1668 4920 dogma
1691 4829 1857 4923 aliquod,
1882 4829 1957 4897 sive
1970 4830 2013 4897 de
2029 4827 2123 4907 iure,
2146 4845 2262 4918 aequo

234 4929 298 5019 ligi
314 4928 441 5021 potuit.
480 4927 637 4999 Tantum
655 4929 771 5014 abest,
796 4942 835 4999 ut
849 4929 1035 5021 posteritas
1051 4932 1221 5024 adsequa-
1272 4955 1312 5000 ac
1327 4931 1673 5001 bonodisserendum
1690 4945 1751 5016 est,
1770 4927 1885 5000 nihilo
1900 4931 1981 5021 plu's
1996 4929 2135 5012 efficias,
2153 4949 2262 5020 quam

235 5043 305 5104 tur.
357 5029 447 5120 Quis
465 5030 560 5100 enirn
577 5029 741 5116 Scotum,
766 5027 1220 5104 authuiuslarinaealium
1273 5033 1310 5101 iu
1334 5032 1446 5104 scenis
1469 5047 1587 5104 mune
1610 5049 1780 5124 personae
1801 5033 1935 5116 solent,
1961 5031 2032 5102 nisi
2052 5029 2263 5101 arteelabo-

236 5133 440 5224 scriptorem
472 5127 540 5202 hoc
565 5145 723 5223 tempore
749 5133 948 5224 intelligat?
996 5130 1134 5204 Deinde
1164 5133 1222 5204 vix
1272 5150 1383 5205 ratam
1402 5135 1598 5206 orationem
1619 5134 1795 5220 attuleris,
1819 5159 1910 5230 quae
1929 5157 1985 5204 res
1998 5135 2167 5204 obscuras
2181 5142 2262 5199 tan-

234 5233 512 5304 exercitatissimi
547 5234 803 5327 praestiterint,
848 5235 975 5305 necubi
1011 5249 1221 5308 structuram
1272 5261 1376 5330 quam
1399 5237 1437 5306 iu
1459 5237 1596 5306 lumine
1620 5237 1777 5311 collocet.
1829 5235 1912 5308 Non
1936 5237 2062 5326 ignoro
2079 5257 2171 5312 esse,
2198 5231 2264 5326 qui

171 5329 173 5360 ³
234 5336 406 5408 orationis
420 5361 460 5406 ac
475 5331 620 5428 phrasin
636 5336 787 5407 violent:
814 5339 947 5432 quaesi
965 5337 1085 5409 vitiata
1103 5339 1222 5424 luerit,
1271 5339 1478 5429 elegantiam
1497 5363 1515 5409 a
1532 5353 1625 5410 recte
1645 5337 1815 5433 loquendi
1836 5339 1973 5410 ratione
1989 5349 2170 5430 separant,
2196 5357 2263 5407 nec

233 5461 374 5510 necesse
388 5451 440 5509 est
455 5439 652 5510 orationem
670 5439 907 5512 obscuriorem
930 5440 1044 5514 reddi.
1096 5436 1147 5512 Αι
1162 5436 1221 5512 hic
1272 5443 1404 5512 referre
1424 5454 1571 5534 putant,
1596 5443 1704 5512 modo
1725 5465 1799 5513 rem
1823 5441 2001 5526 indicent,
2023 5441 2264 5536 qualicunque
