4616 5816
78 301 140 375 461
598 293 764 373 nunu
799 295 877 372 nu
908 261 1181 372 suaanno
1205 227 1563 369 uunsrnno.
1594 318 1601 330 ·
2024 269 2106 380 aaa

75 473 113 542 in'
129 491 192 560 qua
216 493 254 540 re
275 468 462 562 praecipue
484 469 668 560 integritas
691 471 824 562 ipsius,
849 470 1060 540 innocentia
1206 463 1248 534 ld
1271 465 1301 532 si
1315 464 1397 557 quis
1421 464 1460 532 in
1484 487 1590 555 parva
1611 465 1717 538 lande
1737 472 1948 561 ponendum
1967 491 2104 564 censat,

75 583 104 642 et
122 567 256 642 iusticia
280 571 405 642 eluxit:
435 573 628 644 nonenim
650 575 695 641 ad
720 573 954 658 calumniam,
978 595 1052 642 non
1104 569 1134 637 is
1156 562 1247 637 mihi
1269 560 1541 658 haudquaquam
1563 591 1618 636 res
1641 593 1681 637 eo
1708 595 1777 664 quo
1797 588 1978 645 merentur
2004 599 2097 666 pon-

73 676 111 744 ad
126 673 367 756 acerbitatem,
391 696 464 742 non
482 675 525 742 ad
544 673 784 762 cupiditatem,
810 699 884 744 non
900 675 1053 764 denique
1104 672 1186 738 dere
1204 667 1320 736 metiri
1338 668 1488 742 videtur.
1529 665 1619 737 Nam
1636 671 1698 762 qui
1716 674 1856 762 ingenia
1874 691 2099 766 praeparant,

74 776 110 844 ad
126 788 303 866 quaestum
317 775 356 842 id
370 775 528 844 studium
547 775 709 844 contulit.
766 771 848 844 Non
869 776 977 865 igitur
992 773 1053 842 ille
1104 784 1144 840 ut
1167 767 1321 859 Reipub.
1345 769 1482 858 possint
1505 772 1698 856 assensui,
1723 775 1856 866 quique
1881 775 1970 844 illud
1990 779 2096 846 semi-

72 876 174 964 magis
196 873 492 946 Iurisconsultus
515 899 623 968 quam
645 875 805 945 iusticiae
829 877 900 944 dici
925 876 1052 966 potuit,
1104 871 1243 938 narium
1258 869 1420 959 politiae,
1447 893 1594 960 nempe,
1619 872 1836 945 iuventutem
1852 876 1975 946 fovent
1990 891 2099 971 atque

73 977 146 1069 qui,
177 989 215 1044 nt
240 979 284 1044 de
301 975 427 1046 Servio
444 974 568 1046 Cicero
589 977 784 1066 praedicat,
811 1001 900 1069 quae
922 1002 942 1046 a
965 977 1053 1066 legi·
1104 972 1289 1054 excolunt,
1325 971 1619 1061 ut.tempeslivos
1653 974 1902 1046 indc0fructus
1935 979 2098 1050 civitates

71 1080 130 1148 bus
155 1091 231 1152 cta
256 1075 338 1148 lure
358 1076 462 1167 cirili
484 1077 815 1168 proficiscebantur,
847 1099 986 1169 semper
1009 1079 1053 1147 ad
1104 1073 1241 1163 possint
1262 1071 1460 1162 percipere,
1493 1066 1531 1138 hi
1552 1096 1623 1142 non
1648 1077 1755 1164 paulo
1777 1079 1904 1146 melius
1927 1081 2100 1150 derebus

72 1179 265 1262 facilitatem
280 1177 563 1270 aequitatemque
581 1179 763 1262 referebat,
789 1202 905 1271 neque
922 1179 1055 1248 consti·
1105 1171 1271 1244 humanis
1299 1172 1427 1240 mereri
1448 1172 1671 1242 existimandi
1702 1192 1802 1259 snut,
1835 1203 1942 1270 quam
1965 1181 2028 1271 qni
2050 1185 2097 1252 ad

72 1279 647 1358 torrelitiumactionesmalebat,
676 1303 781 1372 quam
798 1280 1055 1350 controversias
1104 1276 1180 1364 ipsa
1201 1297 1318 1342 rernm
1336 1275 1573 1362 gubernacula
1589 1278 1722 1344 sedent.
1772 1277 1955 1362 illenim,
1982 1305 2101 1372 quan·
2125 1253 2150 1302 ⁴

73 1382 197 1454 tollere.
227 1377 334 1454 :Hoc
351 1403 434 1450 nero
459 1381 592 1448 cumin
616 1383 716 1450 omni
734 1380 805 1450 vita
825 1394 901 1451 tum
924 1382 962 1450 iu
981 1395 1055 1450 stu-
1104 1391 1181 1446 tum
1196 1377 1288 1444 forte
1303 1375 1341 1442 in
1356 1373 1586 1444 unoNestore
1600 1389 1663 1456 cst,
1688 1375 1844 1468 Reipub.
1860 1385 2101 1468 commodant,

72 1484 149 1562 diis,
172 1495 206 1552 et
229 1480 293 1552 illo
314 1481 498 1552 doctrinae
524 1504 671 1570 genere,
698 1483 735 1551 in
758 1507 828 1574 qno
853 1484 1057 1552 versabatur
1105 1476 1211 1546 atilli
1227 1478 1346 1544 decem
1363 1476 1526 1566 pluresve
1542 1473 1707 1546 Nestoras
1725 1501 1765 1548 ex
1791 1501 1853 1549 sua
1869 1475 1989 1552 schola
2012 1507 2100 1574 pro-

72 1584 247 1674 praecipue
272 1582 339 1650 sibi
365 1582 585 1670 propositum
612 1577 756 1662 habuit,
790 1589 832 1652 ut
852 1606 907 1666 se,
941 1607 1055 1675 quan·
1105 1581 1251 1648 ducunt.
1284 1571 1698 1664 Regunthiactuentur
1714 1581 1991 1673 unamaliquam
2008 1585 2099 1662 civi-

74 1698 140 1753 tum
172 1695 321 1773 posset,¹
340 1677 593 1772 contraheret,
619 1704 782 1773 suoque,
815 1687 910 1776 quod
944 1685 1056 1769 aiunt,
1106 1692 1233 1756 tatem,
1273 1677 1327 1744 illi
1360 1677 1482 1746 multis
1516 1677 1719 1749 civitatibus
1751 1683 2004 1768 gubernatores
2037 1685 2096 1754 iu-

75 1787 160 1876 pede.
168 1786 373 1868 metiretur,
398 1797 436 1854 et·
449 1787 543 1876 qnod
562 1785 624 1861 ille
638 1787 683 1854 de
698 1783 905 1856 Mecoenate
922 1785 1024 1856 dicit:
1106 1787 1260 1850 struunt.
1313 1775 1477 1869 Denique
1494 1801 1636 1862 eorum,
1661 1780 1723 1871 qui
1739 1778 1947 1874 Rabuspnb.
1962 1786 2100 1858 utiliter

139 1907 256 1986 Parcis,
285 1912 357 1970 etin
373 1920 476 1968 tennes
489 1908 636 1968 humilem
653 1921 683 1967 te
701 1911 819 1988 colligis
834 1910 963 1970 umbras.
1108 1903 1264 1967 limem
1280 1891 1440 1970 P⁰⁵⁸⁰¹¹lt
1466 1878 1566 1948 bstVl
1584 1880 1639 1948 Vel
1659 1881 1810 1962 minuma
1836 1885 1891 1952 vel
1907 1909 2100 1976 perpaucos

13 2071 17 2080 .
75 2021 105 2087 id
130 2021 169 2088 dc
192 2019 346 2113 Doctore
368 2015 521 2086 Sebaldo
545 2018 724 2106 verissimo
742 2017 966 2104 dici-potuit3
992 2039 1056 2086 sua

76 2121 157 2188 enim
189 2133 306 2202 sorte,
338 2122 420 2186 utut'
450 2131 558 2196 esset,
591 2106 727 2186 summe
760 2132 945 2188 contentus
972 2119 1057 2201 init,

77 2222 230 2288 sublimes
259 2213 294 2286 el
319 2219 521 2310 splendidas
547 2219 787 2302 conditiones,
813 2232 854 2287 ut
875 2220 1056 2290 molestia·

76 2345 159 2406 rum,
185 2321 356 2412 periculi,
383 2333 488 2412 atque
511 2319 666 2386 invidiae
691 2320 828 2408 plenas,
854 2319 973 2409 fugere
997 2341 1057 2388 so-

76 2425 172 2505 lebat,
205 2421 361 2490 subinde
382 2416 451 2490 hoc
472 2420 682 2506 subiiciens,
715 2421 811 2512 quod
835 2434 886 2491 est
908 2419 1056 2492 aposta

76 2525 239 2613 sapienter
254 2523 408 2592 dietum:
967 2528 972 2537 '

130 2643 335 2722 credamini,
363 2645 438 2704 bene
455 2647 507 2726 qni
527 2647 632 2722 latuit,
656 2647 731 2705 berre
748 2647 843 2736 uixit,
870 2659 899 2707 et
914 2651 992 2708 intra

164 2747 328 2808 Fortunam
348 2747 435 2806 debet
453 2751 580 2828 quisque
594 2767 713 2806 manere
728 2767 822 2807 suam.

76 2857 179 2926 linins
202 2859 313 2948 igitur
337 2857 410 2925 voli
433 2858 489 2926 sui
517 2857 653 2948 prolixe
681 2881 824 2948 compos
853 2857 1057 2944 factussid

76 2973 271 3029 consecutus
287 2971 350 3044 cst,
369 2957 465 3050 quod
480 2959 699 3048 paucissimis
717 2959 899 3048 contingit,
917 2985 1057 3052 nempe,

76 3078 108 3130 ut
129 3078 159 3130 et
180 3063 217 3127 in
247 3059 403 3150 negociis
429 3060 506 3126 sine
538 3060 716 3150 periculo,
749 3074 783 3130 et
812 3061 851 3129 in
875 3063 953 3130 ocio
975 3086 1056 3131 cum

76 3163 232 3251 dignitate
265 3162 408 3231 viveret.
470 3159 650 3253 Plancque
682 3185 762 3230 eum
790 3161 882 3236 vitae
914 3187 1055 3232 cursum

32 3287 38 3294 ·
76 3263 195 3342 tenuit,
223 3285 435 3354 quomrum
461 3285 583 3328 ornnes
607 3262 702 3330 docti
726 3285 765 3330 ac
789 3265 962 3352 sapientes
988 3263 1057 3332 viri

75 3388 197 3453 semper
212 3363 283 3432 sibi
302 3361 562 3452 exoptaverim,
587 3363 687 3452 pauci
710 3375 828 3432 tamen
850 3379 968 3436 tencre
992 3390 1057 3455 po-

1107 1977 1263 2052 habituri
1290 2002 1459 2064 essemus,
1495 1980 1526 2050 si
1550 1981 1754 2052 docentium
1777 1983 1952 2057 industria
1977 1988 2099 2058 labor-

1107 2107 1175 2174 que
1196 2094 1316 2152 cesset.

1200 2179 1281 2255 Etsi
1297 2182 1406 2272 igitur
1419 2183 1545 2272 vulgus
1559 2185 1666 2256 vilem
1682 2211 1825 2279 operam
1839 2187 1944 2282 Reip.
1960 2216 2017 2263 eos
2033 2217 2100 2266 na·

1109 2307 1192 2352 vare
1216 2295 1334 2374 putat,
1368 2284 1431 2376 qui
1457 2285 1677 2356 iuventutem
1704 2291 1891 2376 erudiunt,
1922 2306 2039 2366 lamen
2069 2295 2101 2366 si

1107 2386 1187 2478 quis
1202 2385 1269 2455 ista
1288 2408 1371 2454 vera
1388 2386 1543 2470 ratione,
1567 2401 1601 2458 ct
1615 2413 1681 2478 pro
1696 2392 1941 2480 magnitudine
1964 2396 2101 2466 utilita-

1107 2489 1152 2556 tis
1174 2487 1364 2576 expeudat‚
1407 2486 1581 2575 intelliget
1604 2489 1746 2560 nullum
1770 2515 1881 2580 genus
1909 2490 2098 2566 hominnm

1042 2611 1046 2620 ’
1107 2613 1181 2658 non
1198 2585 1430 2676 Respublicas
1454 2589 1580 2674 modo,
1606 2591 1665 2658 sed
1684 2605 1719 2662 et
1734 2590 1929 2664 Ecclesiam
1950 2598 2100 2688 perinde

1107 2688 1287 2762 continere
1309 2711 1350 2757 ac
1371 2689 1548 2773 stabilire,
1585 2705 1626 2761 ut
1646 2714 1705 2760 cos
1730 2694 1792 2785 qui
1823 2695 1974 2786 primam
1998 2699 2100 2770 illam

1107 2805 1255 2862 aetatem
1274 2812 1357 2858 sana
1376 2789 1538 2859 doctrina
1559 2803 1593 2859 et
1616 2793 1760 2881 optimis
1776 2797 2008 2887 opinionibus
2028 2800 2099 2871 im-

1107 2893 1240 2975 buunt,
1273 2889 1477 2979 praesertim
1504 2891 1533 2957 si
1559 2892 1639 2982 quis
1666 2917 1746 2962 cum
1779 2899 1915 2990 reliqua
1939 2901 2101 2975 doctrina

1107 2993 1265 3064 studium
1288 3013 1391 3060 verae
1408 2990 1549 3080 pietatis
1570 3015 1611 3061 ac
1628 2993 1810 3084 religionis
1829 2999 2034 3090 coniungit,
2058 3001 2098 3072 id

1107 3096 1203 3188 quod
1228 3089 1418 3162 Ductorem
1444 3091 1637 3164 Sebaldum
1669 3097 1770 3164 enixe
1801 3100 1929 3169 scimus
1956 3103 2098 3178 fecisse:

1106 3219 1183 3266 eam
1205 3193 1300 3262 enim
1317 3193 1536 3278 doctrinam,
1562 3217 1630 3286 qua
1647 3191 1847 3270 Christiana
1863 3202 1989 3292 religio
2012 3229 2101 3274 con-

1106 3297 1258 3377 tinetur,
1290 3293 1516 3384 cupidissime
1548 3298 1845 3387 amplectebatur,
1877 3305 1921 3372 ad
1952 3329 2101 3398 eamque

1106 3411 1140 3467 et
1161 3395 1361 3467 studiorum
1383 3417 1548 3480 suornm,
1574 3410 1608 3468 et
1630 3398 1815 3470 universae
1837 3404 1931 3473 vitae
1955 3430 2100 3476 cursum

75 3479 217 3550 luerunt,
245 3464 421 3554 praeclare
437 3463 532 3530 enim
551 3461 610 3529 ille
627 3463 738 3570 dixit,
753 3463 956 3558 quicunque
972 3467 1055 3536 fnit:

1105 3498 1298 3586 dirigebat,
1331 3519 1350 3564 a
1373 3495 1549 3565 librorum
1571 3521 1750 3569 sacrorum
1773 3503 1924 3574 lectione
1939 3508 2100 3599 quotidie

165 3587 275 3648 Foelix
289 3589 342 3646 ille
356 3588 450 3644 animi
465 3585 601 3667 divisque
618 3589 792 3648 simillimus
806 3590 891 3668 ipsis,

1105 3621 1169 3670 sua
1199 3597 1315 3666 studia
1337 3597 1529 3686 auspicari,
1568 3598 1607 3666 in
1629 3623 1738 3692 eaque
1758 3604 1919 3675 desinere
1949 3621 1984 3676 et
2010 3632 2099 3678 eon-

1105 3699 1283 3793 quiescere
1304 3697 1449 3769 solebat.
1510 3694 1558 3768 Et
1578 3711 1619 3770 nt
1644 3701 1718 3792 ipse
1748 3704 1787 3772 in
1814 3707 1913 3774 omni
1946 3708 2022 3798 vila
2040 3709 2099 3802 pie

1105 3801 1250 3872 affectus
1267 3811 1342 3870 erat
1357 3821 1438 3888 erga
1453 3796 1568 3871 Deum
1584 3824 1623 3870 ac
1641 3798 1835 3886 Christum,
1859 3807 1906 3877 ita
1925 3809 2097 3880 familiam
2119 3815 2125 3826 '
2169 3851 2172 3870 ι

1105 3925 1246 3997 quoque
1262 3923 1381 3981 suam,
1406 3902 1609 3994 liberosque
1624 3927 1664 3974 ac
1681 3905 1874 3996 discipulos
1886 3911 1931 3978 ad
1948 3913 2098 3981 eandem

1104 4003 1246 4096 pietatis
1261 4027 1381 4073 curam
1401 4026 1539 4072 summo
1556 4005 1673 4074 studio
1693 4007 1874 4079 nitebatur
1893 4013 2098 4082 transiecta.

74 4101 155 4176 Cum
169 4106 279 4197 igitur
295 4102 350 4172 illi
367 4103 457 4174 vitae
473 4103 654 4188 instituto,
682 4107 778 4196 qnod
800 4105 869 4174 sibi
887 4116 981 4174 certo
999 4103 1057 4175 iu·
1103 4104 1228 4198 Neque
1250 4103 1288 4172 id
1310 4106 1415 4174 modo
1436 4103 1663 4174 sanctissimis
1684 4105 2008 4197 cohortationibus,
2034 4139 2098 4184 ve·-

77 4207 160 4275 dicio
194 4208 386 4294 delegerat,
421 4205 646 4296 praelegendi
680 4230 720 4275 ac
746 4207 896 4276 docendi
925 4228 1056 4278 munus
1104 4228 1184 4276 rum
1200 4217 1236 4275 et
1249 4205 1407 4295 exemplo
1424 4229 1498 4289 suo,
1523 4205 1754 4300 moribusque
1767 4233 1809 4278 ac
1825 4211 1898 4282 vita
1913 4215 2099 4300 alliciebat,

167 3686 271 3768 Quem
283 3708 345 3747 uon
360 3687 495 3746 mendaci
508 3688 698 3768 resplendens
713 3691 809 3768 gloria
825 3690 898 3750 l'uou

165 3789 335 3866 Sollicitat,
361 3809 425 3848 non
442 3789 547 3848 litstosi
562 3793 640 3850 mela
654 3789 762 3869 gaudia
777 3793 882 3874 luxus,

166 3891 228 3956 Sed
244 3895 350 3952 tacitos
363 3893 435 3950 sinit
449 3893 492 3950 ire
506 3890 587 3968 dies,
615 3905 643 3951 et
660 3913 789 3972 paupere
805 3897 890 3954 cultu

165 3992 274 4075 Exigit
288 3997 434 4058 innocuae
450 3961 610 4075 tranquilla
626 3997 743 4054 silentia
760 3997 849 4056 vilae.

76 4309 214 4376 maxime
238 4305 429 4376 convenire
452 4308 647 4390 statuisset,
673 4308 791 4376 statim
815 4309 859 4376 ad
879 4308 916 4376 id
937 4307 1057 4398 coepit
1105 4329 1211 4400 quam
1227 4330 1306 4375 cum
1322 4307 1391 4398 pie,
1414 4306 1550 4390 sobrie,
1576 4321 1737 4400 casteque
1750 4311 1911 4400 exigeret,
1936 4317 1992 4384 vel
2009 4317 2096 4386 taci-'

75 4409 224 4478 animum
250 4407 447 4499 adplicata,
477 4407 700 4499 multumque
726 4431 765 4478 ca
796 4409 834 4476 in
860 4433 897 4478 re
921 4409 1057 4498 ingenii
1105 4423 1162 4478 tus
1183 4407 1256 4478 suis
1279 4422 1396 4478 tamen
1417 4409 1531 4478 calcar
1554 4409 1706 4484 addebat
1728 4417 1772 4486 ad
1796 4416 1943 4486 eandem
1966 4419 2099 4491 sancti-

77 4511 291 4594 dexteritate‚
314 4509 465 4580 multum
483 4508 577 4595 fide,
595 4507 788 4597 plurimum
803 4534 886 4580 vero
903 4509 1056 4599 diligen-
1104 4509 1261 4580 moniam
1278 4511 1571 4601 amplectendam.

76 4609 118 4678 tia
139 4623 172 4680 ct
193 4610 397 4706 assiduitate
421 4609 635 4680 discentibus
651 4611 796 4700 profuit.
849 4610 930 4681 Non
952 4613 1056 4702 pauci
1203 4608 1312 4682 Dedit
1335 4637 1418 4682 vero
1441 4611 1496 4682 illi
1517 4611 1630 4700 Deus,
1662 4628 1702 4686 ut
1726 4617 1834 4687 vitam
1854 4618 2033 4708 placida·
2055 4643 2098 4692 ac

76 4711 163 4780 velut
180 4713 275 4782 aditu
302 4713 480 4804 ianuaque
494 4713 539 4781 ab
554 4711 630 4801 ipso
654 4711 846 4800 patefacta,
871 4715 916 4782 ad
930 4713 1055 4784 intima
1104 4713 1351 4805 tranquillam,
1374 4715 1423 4784 ita
1442 4713 1601 4784 animum
1620 4717 1664 4785 ad
1685 4741 1829 4788 omnem
1845 4721 2025 4792 fortunam
2042 4721 2098 4792 ta-

77 4814 257 4902 penctralia
275 4815 349 4884 cius
364 4812 532 4886 scientiae
545 4811 718 4882 foeliciter
733 4811 940 4904 introgressi
960 4828 1057 4900 sunt,
1103 4817 1249 4884 rendam
1274 4815 1535 4906 aequissimum.
1599 4814 1735 4888 Solitus
1762 4833 1837 4890 erat
1865 4822 2037 4904 subinde,
2064 4821 2097 4890 si

79 4913 200 5006 quique
221 4914 259 4982 in
283 4909 348 4984 hac
372 4909 491 4984 schola
519 4937 592 4982 non
614 4912 737 4982 intimo
755 4913 835 4984 loco
856 4929 940 4986 sunt
962 4916 1056 4986 inter
1104 4915 1190 5009 qnid
1216 4917 1307 4985 torte
1331 4918 1485 5000 tristius,
1518 4930 1559 4986 ut
1584 4933 1667 4988 sunt
1693 4914 1868 5006 hnmana,
1900 4921 2097 5003 accidisset,

78 5009 338 5096 iureconsultus,
358 5011 397 5084 hi
412 5038 448 5085 se
461 5011 609 5086 Doctori
622 5012 776 5086 Sebaldo
791 5015 930 5100 debere,
950 5017 1056 5109 quid·
1104 5017 1256 5108 seipsum
1280 5012 1345 5087 hac
1368 5041 1455 5086 voce
1483 5017 1678 5104 consolari,
1709 5035 1749 5090 nt
1771 5022 1922 5106 diceret,
1953 5044 1994 5091 se
2011 5021 2097 5104 ista,

82 5115 157 5202 quid
173 5117 209 5184 in
228 5141 266 5187 ea
285 5117 445 5188 doctrina
464 5114 695 5207 profecerint,
720 5117 873 5206 ingenue
889 5119 1056 5204 latentur,
1104 5119 1361 5212 qualiacunque
1382 5131 1497 5188 essem
1504 5167 1517 5202 ,
1543 5119 1631 5188 boni
1652 5122 1855 5207 consulere,
1879 5125 1977 5215 qnod
1991 5123 2098 5198 seirat

81 5215 118 5283 ab
138 5217 244 5306 ipsius
260 5218 355 5288 enim
370 5217 532 5306 diligenti
549 5241 588 5286 ac
606 5217 702 5286 fideli
723 5217 949 5290 institutione
970 5243 1055 5310 pro-
1104 5242 1235 5290 nomen
1257 5243 1360 5290 suum
1382 5219 1597 5310 adscriptum
1624 5243 1698 5290 esse
1721 5245 1873 5294 numero
1892 5237 2096 5299 sanctorum

82 5307 228 5402 gressus,⁴
256 5315 352 5390 haud
385 5317 524 5388 difficili
556 5341 662 5388 cursu
695 5342 734 5390 eo
762 5345 833 5413 quo
860 5321 1057 5408 volueriut,
1105 5320 1269 5393 incoelo.
1323 5317 1494 5392 Ovocern
1510 5321 1627 5416 piam,
1652 5336 1687 5391 et
1704 5347 1809 5415 quam
1834 5324 1973 5398 nullum
1995 5327 2097 5396 aliud
2190 5375 2194 5384 -

83 5421 276 5504 pervenisse.
346 5511 350 5518 ι
772 5454 791 5514 '.
1105 5422 1175 5492 nisi
1190 5417 1516 5523 Christodevotum
1538 5437 1661 5516 pectus
1675 5439 1789 5517 potest
1810 5426 1989 5502 emittere:
2013 5427 2098 5521 qni·
