4718 5828
259 223 309 298 aa
397 323 413 340 N
517 267 520 274 Α
611 313 617 323 ,
992 157 1552 312 nncunucuomus,
1646 295 1652 308 ,
1957 179 1963 194 ’
2059 192 2062 200 ’
2135 213 2139 226 ·
2236 229 2281 302 aa

258 393 344 488 quid
370 407 421 466 est
442 415 587 486 operae,
618 415 637 462 a
663 415 719 466 me
744 405 922 482 sumatur,
948 395 1105 468 studium
1129 421 1247 470 meum
1300 396 1433 468 docebo
1448 395 1613 480 breviter,
1638 395 1745 468 sacris
1761 395 1886 484 literis,
1911 421 1986 468 non
2002 400 2110 470 modo
2127 423 2201 472 non
2218 398 2281 469 im-

260 519 389 593 quaesu
411 495 499 566 boni
522 493 705 568 consulite.
757 495 847 566 Nam
871 522 950 568 curn
975 523 1054 588 pars
1074 503 1247 594 quaedam
1301 498 1444 591 probari
1459 496 1581 568 civiles
1601 498 1711 588 leges,
1736 501 1798 568 sed
1818 499 1974 597 praecipi
1990 499 2116 584 etiam,
2142 517 2182 573 ut
2204 503 2282 570 reli-

259 597 396 690 prrblici
417 595 574 668 muneris
603 597 641 666 in
670 591 735 668 hac
759 592 877 668 schola
901 594 990 668 mihi
1013 601 1170 691 delegata
1193 603 1251 688 sit,
1301 599 1397 690 giose
1417 613 1605 698 sancteque
1627 601 1808 684 colantur,
1833 625 1903 695 qua
1924 602 2029 671 laude
2052 603 2152 672 nulla
2178 615 2283 694 potest

206 733 209 738 ·
261 723 386 794 parum
401 698 602 768 meminisse
619 697 776 782 viderer,
802 723 907 792 quam
923 701 1113 772 sustineam
1130 727 1249 794 perso·
1301 701 1453 790 amplior
1468 701 1604 789 legibus
1621 702 1744 774 tribui.
1779 699 1850 773 Ubi
1867 703 1972 772 fidem
1992 703 2125 788 fecero,
2149 704 2281 774 civilem

261 824 363 885 nam,
392 800 463 869 nisi
486 801 529 868 de
553 800 828 870 adulescentium
852 801 968 871 officio
992 823 1249 898 nonnunquam
1302 803 1445 872 urbium
1469 816 1598 872 statum
1622 798 1716 886 nihil
1739 825 1895 894 pugnare
1927 829 2007 874 curn
2039 805 2210 894 religione
2230 829 2284 874 er-

261 902 425 971 dicerem.
477 899 585 990 Quod
619 926 699 970 cnm
733 925 797 992 pro
825 903 921 972 virili
946 905 1091 992 faciam,
1124 931 1251 1001 easque
1303 928 1430 996 ponam
1461 928 1566 996 quam
1599 906 1791 994 prudenter
1813 930 1832 974 a
1854 905 2049 976 maioribus
2073 907 2203 976 factum
2233 905 2284 985 sit,

263 1003 468 1095 disciplinas
492 1003 667 1074 iuventuti
688 1007 949 1088 commendem,
978 1008 1108 1100 quibus
1131 1009 1252 1098 negle-
1303 1009 1397 1098 quod
1413 1001 1593 1075 Romanas
1609 1005 1700 1092 leges
1718 1005 1939 1096 potissimum
1956 1008 2180 1098 delegerunt,
2205 1029 2285 1099 quas

263 1105 339 1188 ctis,
364 1128 443 1172 curn
454 1103 678 1192 religionem,
702 1116 778 1174 tum
796 1127 850 1175 res
865 1106 977 1176 bonas
994 1108 1080 1178 alias
1096 1109 1252 1180 labefieri
1304 1107 1340 1174 in
1356 1105 1612 1176 constituendis
1633 1107 1833 1178 civitatibus
1854 1119 2022 1204 tanquam
2044 1110 2146 1178 filum
2168 1131 2285 1200 seque-

264 1227 403 1275 necesse
420 1219 487 1286 est,
513 1205 636 1289 facile,
661 1219 702 1275 ut
717 1227 838 1296 spero,
871 1207 1087 1298 impetrabo,
1111 1235 1251 1282 nemea
1303 1222 1445 1292 rentur,
1481 1229 1608 1301 easque
1633 1231 1769 1278 summa
1805 1231 1888 1278 cura
1923 1210 2075 1280 anobis
2102 1210 2283 1302 studioque

265 1301 354 1375 mihi
370 1307 537 1376 sedulitas
551 1307 667 1376 fraudi
683 1306 741 1378 sit.
793 1307 886 1378 Sunt
900 1310 995 1378 enim
1011 1312 1148 1394 favore,
1174 1327 1251 1382 stu·
1303 1311 1560 1380 conservandas
1575 1331 1647 1378 esse
1665 1311 1861 1384 ostendam.
1897 1329 1905 1338 ·

264 1407 404 1501 diisque
418 1409 591 1491 omniurn,
616 1407 764 1478 iuvandi
779 1433 902 1506 eorum
917 1425 1073 1498 conatus,
1094 1413 1155 1506 qui
1171 1415 1252 1484 lite·
1406 1409 1507 1498 Quae
1529 1410 1660 1478 malum
1683 1413 1859 1480 dementia
1880 1411 2023 1480 tandem
2038 1423 2106 1496 est,
2135 1410 2214 1504 quis
2233 1409 2284 1480 fu·

264 1510 314 1578 ris
329 1533 403 1578 non
427 1503 575 1602 pessime
596 1511 797 1580 consultum
813 1511 950 1586 volunt.
1000 1511 1124 1609 Neque
1145 1517 1251 1584 aliam
1303 1536 1381 1595 ror,
1406 1512 1493 1582 falso
1509 1509 1703 1582 Christiani
1730 1511 1885 1580 nominis
1903 1525 2107 1602 praetextu,
2131 1511 2284 1580 civilium

265 1613 312 1680 ub
333 1635 473 1680 causam
496 1613 603 1680 modo
626 1611 742 1680 dicere
763 1613 998 1699 instituimus,
1024 1641 1128 1708 quam
1151 1631 1190 1687 ut
1209 1617 1252 1686 iis
1306 1637 1424 1682 rernm
1439 1626 1568 1683 statum
1586 1613 1779 1682 labefacere
1794 1626 1827 1682 et
1844 1613 2064 1682 convellere?
2091 1611 2195 1700 Quae
2211 1614 2285 1681 har·

265 1711 327 1805 qui
350 1706 407 1780 hic
427 1737 468 1782 ex
493 1737 589 1782 more
611 1711 807 1782 declamare
827 1715 962 1800 solent,
994 1717 1023 1786 si
1049 1719 1108 1810 qai
1132 1719 1251 1788 forsan
1304 1715 1427 1796 baries,
1453 1715 1515 1807 qni
1529 1709 1681 1807 Scythae
1699 1714 1839 1816 iqdicia,
1865 1714 1969 1805 aequi
1986 1729 2019 1784 et
2036 1713 2153 1806 iniqui
2168 1713 2285 1784 atcert-

265 1813 515 1904 imbecilliores
536 1827 637 1903 sunt,
665 1838 742 1882 meo
762 1817 920 1906 exemplo
939 1841 1013 1886 non
1030 1815 1122 1888 nihil
1141 1820 1250 1890 animi
1305 1840 1385 1884 men
1403 1817 1551 1884 emedio
1576 1815 1731 1886 tollunt?
1762 1811 1810 1884 Et
1824 1817 1955 1886 audent
1973 1809 2040 1884 hoc
2054 1812 2197 1886 Christo
2211 1813 2284 1906 qui·

265 1915 411 1992 addam,
438 1929 472 1983 et
487 1929 655 2008 tanquam
672 1916 854 1986 classicum
868 1942 1009 1990 canam:
1034 1917 1186 2004 Deinde,
1212 1935 1252 1992 ut
1305 1919 1406 1994 dam,
1439 1917 1468 1985 oi
1492 1917 1628 2004 superio
1653 1917 1782 2008 placet,
1815 1911 2010 1986 Chiiiiissssi
2033 1913 2204 1986 D⁰⁰i⁰r0⁵
2226 1915 2284 1984 iii·

265 2016 824 2107 eruditosomnespublicavoce
847 2020 1013 2108 rogitem,
1038 2035 1078 2092 ut
1100 2023 1137 2096 in
1163 2019 1253 2094 hanc
1305 2017 1437 2090 buere?
1483 2015 1579 2104 Quid
1610 2031 1678 2096 est,
1714 2019 1743 2086 si
1768 2013 1852 2086 haec
1874 2041 1948 2086 non
1974 2031 2024 2086 est
2053 2015 2285 2088 contumelia?

264 2139 407 2186 arenam
426 2131 459 2187 et
476 2117 541 2208 ipsi
562 2119 753 2210 aliquando
771 2121 1004 2206 descendant,
1029 2147 1108 2194 curn
1134 2125 1252 2216 pueris
1305 2117 1379 2207 Qui
1409 2136 1450 2187 ex
1474 2117 1664 2208 godtilibuo
1686 2112 1913 2208 Philosophia
1936 2118 1974 2186 in
1994 2113 2178 2190 Christum
2200 2117 2284 2210 stylo

265 2219 447 2292 collusori.
500 2217 679 2290 Socratem
705 2215 797 2288 nihil
820 2221 944 2311 puduit
964 2237 1049 2293 natu
1070 2229 1253 2314 grandem,
1304 2213 1508 2290 debacchati
1538 2219 1645 2290 sunt?
1686 2218 1807 2290 Unum
1837 2214 2006 2290 hoc'fere
2036 2219 2285 2302 sensificantur,

265 2343 344 2388 cram
362 2319 479 2410 parvis
493 2319 611 2388 foliolis
627 2319 795 2413 equitare,
813 2323 926 2392 utille
941 2325 1002 2412 ait,
1021 2325 1058 2396 in
1075 2329 1251 2396 arundine
1304 2323 1398 2413 qood
1423 2321 1593 2414 quaedam
1624 2321 1717 2407 logos
1748 2345 1873 2412 porum
1903 2319 2092 2392 videantur
2121 2333 2222 2412 oploo
2244 2319 2284 2388 od

265 2421 390 2509 longae
422 2435 554 2514 quanto
578 2421 696 2492 minus
712 2423 813 2492 vobis
829 2425 915 2494 vitio
935 2427 1062 2516 poterit
1077 2429 1167 2498 verti
1187 2423 1253 2496 ho.
1304 2422 1443 2489 civilem
1470 2421 1776 2506 consuetudinem,
1807 2421 2080 2516 societatemque
2105 2417 2284 2492 bominum

168 2517 170 2522 ’
264 2521 484 2593 nestissimus
509 2537 674 2607 conatus,
701 2522 731 2590 si
753 2549 832 2592 cum
856 2519 923 2594 boc
945 2548 1047 2616 grege
1072 2529 1116 2596 de
1141 2529 1253 2599 literis
1305 2524 1490 2593 tuendama
1535 2547 1650 2615 neque
1689 2530 1833 2594 censent
1872 2523 1947 2592 ullo
1987 2525 2120 2610 probro
2159 2519 2284 2592 Christi

265 2647 524 2716 nonnunquam
542 2625 842 2710 commentemini‚
868 2651 1016 2720 quarum
1034 2652 1136 2698 causa
1151 2629 1252 2723 quic-
1304 2623 1510 2713 dignitatem
1532 2625 1674 2712 gravius
1698 2624 1788 2692 laedi
1820 2647 1929 2716 posse.
1980 2622 2121 2695 Horum
2146 2625 2285 2692 vincunt

265 2725 350 2818 quid
382 2725 593 2816 susceperis,
626 2727 769 2818 quando
792 2728 953 2798 mortalia
981 2725 1074 2798 nihil
1095 2731 1253 2800 divinius
1304 2725 1492 2794 amentiam
1513 2725 1644 2808 nostri,
1671 2725 1731 2816 qui
1751 2726 1788 2794 in
1808 2727 1883 2816 ipso
1905 2739 2108 2822 contemptu
2132 2725 2285 2815 publico·

114 2835 153 2904 ⁶,
267 2821 408 2910 habent,
430 2826 571 2896 landem
591 2840 753 2898 meretur.
783 2825 922 2915 Quaeso
940 2829 1071 2922 itaque,
1093 2845 1134 2902 nt
1149 2827 1253 2902 scho-
1305 2851 1383 2895 rum
1401 2849 1558 2910 monam,
1583 2839 1618 2896 et
1633 2826 1670 2894 in
1688 2829 1877 2896 evertendo
1895 2828 2061 2896 universo
2076 2827 2172 2895 civili
2190 2839 2284 2906 statu,

264 2929 319 2997 lae
343 2949 484 3017 operam
510 2951 609 2998 suam
633 2951 672 2997 ea
697 2927 734 2996 in
759 2953 797 2998 re
822 2931 970 3000 candide
993 2933 1253 3022 impertiantur,
1306 2923 1468 3018 pietatem
1486 2929 1670 2998 collocant.
1724 2924 1824 2996 Adeo
1847 2931 1891 2996 de
1905 2924 2041 2998 Christi
2063 2929 2208 2996 nomine
2230 2947 2284 2994 su·

265 3029 468 3124 quicunque
484 3029 595 3098 literis
609 3029 699 3098 bene
717 3031 876 3120 cupiunt.
927 3031 987 3104 Sic
1009 3034 1105 3102 enirn
1127 3049 1254 3120 statuo,
1306 3029 1477 3120 pernicio,
1503 3029 1613 3120 peius,
1639 3053 1744 3122 quam
1762 3029 1821 3122 qui
1837 3053 1876 3098 ex
1894 3032 2049 3120 professo
2064 3030 2285 3110 insectantur,

264 3130 440 3222 praeclare
461 3131 505 3198 de
526 3131 632 3200 rebus
654 3126 819 3200 humanis
842 3135 989 3218 mereri,
1020 3135 1081 3228 qui
1104 3136 1252 3225 puerilia
1305 3127 1470 3202 meretur·
1520 3128 1611 3198 Nam
1636 3153 1716 3200 cum
1731 3130 1805 3198 vim
1830 3130 1967 3220 pietatis
1987 3131 2145 3220 ignoret,
2170 3143 2202 3200 et
2225 3147 2283 3216 pro

265 3231 380 3303 studia
398 3226 555 3300 honestis
570 3231 737 3322 exemplis
751 3235 958 3304 accendunt.
997 3237 1071 3305 lam
1089 3250 1123 3307 et
1138 3261 1251 3306 meam
1304 3219 1367 3302 siro
1389 3229 1536 3300 arbitrio
1558 3229 1738 3302 sibiDeos
1760 3232 1929 3314 somniet,
1955 3253 2029 3302 non
2050 3233 2159 3301 modo
2178 3223 2284 3297 nihilo

265 3331 467 3403 facilitatem
491 3331 537 3403 ita
561 3335 703 3402 demum
727 3335 868 3424 probari
891 3337 992 3406 vobis
1014 3337 1197 3418 iudicabo,
1222 3337 1251 3406 si
1305 3332 1433 3402 rectius
1451 3333 1495 3400 de
1511 3325 1654 3402 Christo
1674 3331 1799 3418 sentit,
1825 3355 1930 3426 qnam
1945 3329 2111 3417 Ethnici,
2138 3333 2196 3404 sed
2215 3329 2283 3420 pie·

171 3466 173 3481 ν
265 3433 399 3503 imitari
413 3434 616 3525 coeperitis,
643 3459 733 3527 quae
746 3437 777 3526 si
800 3437 940 3504 silentio
954 3455 1070 3508 vestro
1086 3441 1249 3509 damnata
1306 3434 1386 3503 tatis
1410 3433 1515 3502 etiarn
1545 3433 1688 3504 titulum
1712 3435 1785 3502 fere
1814 3434 1961 3524 privatis
1982 3435 2080 3504 vitiis
2113 3429 2285 3525 praetexit,

264 3535 382 3620 fuerit,
409 3533 628 3620 boncDeus,
655 3561 759 3630 qoam
776 3537 842 3628 ipsi
860 3539 962 3606 nobis
978 3541 1251 3630 displicebimus.
1305 3559 1376 3628 quo
1409 3535 1591 3623 sacrilegio
1622 3529 1715 3603 nihil
1744 3535 2021 3606 abominabilius
2049 3535 2136 3625 fingi
2168 3542 2284 3624 potest.

367 3637 497 3708 Siamus
524 3651 640 3706 autem
671 3639 715 3706 de
745 3640 878 3727 legibus
900 3639 1046 3724 dicturi,
1077 3646 1190 3735 deque
1211 3667 1252 3711 eo
1305 3633 1352 3706 Et
1365 3637 1447 3729 quia
1461 3637 1570 3706 vetuit
1585 3633 1682 3706 Deus
1697 3629 1852 3704 humano
1869 3637 2017 3708 artifieio
2031 3637 2218 3726 imaginem
2235 3627 2283 3698 soi

264 3739 361 3818 iore,
387 3741 483 3832 quod
498 3739 535 3806 in
553 3734 682 3807 scholis
700 3734 767 3808 hoc
788 3753 963 3829 tempore,
992 3755 1025 3810 et
1043 3743 1079 3810 in
1102 3743 1253 3827 indiciis,
1305 3737 1408 3826 tingi,
1433 3759 1539 3830 seque
1555 3760 1574 3804 e
1588 3757 1651 3806 suo
1667 3759 1828 3826 sermone
1844 3739 2005 3828 cognosci
2022 3739 2152 3822 voluit,
2177 3733 2284 3806 obiso

266 3840 303 3908 in
327 3842 420 3908 bona
444 3835 609 3930 Europae
634 3853 732 3929 parte
750 3853 882 3929 regnat.
935 3839 1023 3909 Nam
1047 3865 1106 3912 eae
1132 3843 1252 3912 literae
1305 3836 1408 3908 nobis
1431 3838 1527 3907 velut
1551 3838 1589 3908 in
1614 3838 1733 3908 tabula
1757 3839 1960 3925 deliniavit,
1992 3853 2152 3932 petemus
2175 3851 2207 3908 et
2226 3853 2284 3902 not

266 3965 340 4010 non
360 3965 473 4031 nuper
491 3942 580 4010 male
600 3941 724 4010 audire
740 3955 948 4032 coeperunt,
972 3967 1053 4012 cum
1070 3943 1149 4014 aliis
1169 3967 1253 4036 pro·
1304 3963 1323 4007 e
1346 3938 1452 4008 sacris
1471 3939 1602 4022 literis,
1629 3939 1715 4031 quid
1741 3939 1784 4008 de
1808 3939 1973 4010 civilibus
1996 3941 2132 4030 legibus
2148 3937 2283 4009 divinus

266 4037 464 4133 phanarum
482 4044 597 4130 legum
615 4067 737 4134 parum
754 4044 811 4134 pia
831 4043 1012 4135 professio,
1037 4043 1253 4138 indignaque
1304 4037 1458 4130 Spiritus
1479 4040 1690 4110 decreverit:
1724 4063 1811 4132 quas
1836 4065 1914 4112 cum
1935 4042 2186 4112 coelestianae
2208 4059 2283 4128 pro-

266 4139 479 4215 Christianis
497 4144 653 4222 videtur,
679 4145 739 4214 alii
756 4146 864 4214 salins
881 4145 1034 4226 (lacerant,
1059 4159 1099 4216 ut
1122 4147 1251 4216 iudicia
1307 4141 1381 4210 bari
1394 4141 1558 4227 audietis,
1584 4165 1647 4232 par
1660 4141 1777 4224 fuerit,
1803 4155 1836 4212 et
1850 4165 2060 4234 cognoscere
2074 4137 2282 4232 diligentius,

267 4269 341 4315 non
365 4245 566 4336 improbent
587 4269 745 4336 prorsus:
774 4272 855 4315 naam
879 4247 921 4315 id
939 4271 1001 4315 nec
1017 4243 1168 4341 Scythae
1193 4273 1250 4338 so·
1304 4251 1338 4313 et
1357 4245 1545 4312 observare
1566 4243 1731 4314 sanctius.
1782 4242 1865 4315 Sese
1890 4246 1983 4314 enim
2002 4244 2182 4316 contemni
2195 4240 2283 4311 Deus

241 4393 249 4416 ·.
267 4349 360 4430 lent,
385 4337 440 4418 res
457 4369 497 4415 ex
514 4371 625 4440 aequo
642 4362 675 4416 et
694 4349 786 4416 laorro
803 4335 878 4416 sine
892 4349 1030 4439 scriptis
1045 4349 1180 4439 legibus
1196 4351 1251 4420 iu-
1304 4344 1507 4428 iudicabit,‘
1523 4343 1553 4412 si
1577 4344 1697 4413 civiles
1729 4345 1828 4435 leget¹
1853 4359 2035 4436 tantopere
2066 4346 2169 4414 nobis
2193 4363 2283 4412 com-

266 4449 393 4519 dicare.
443 4445 582 4516 Horum
598 4449 791 4516 calumnias
810 4473 875 4540 pro
890 4450 1002 4518 nostri
1021 4451 1252 4541 ingeniime-
1303 4447 1483 4517 mandatas
1506 4445 1766 4519 violaverimus.
1817 4445 1888 4518 Sed
1918 4471 2081 4518 recenseo
2109 4447 2204 4516 locos
2226 4435 2281 4532 qui

267 4549 470 4633 diocritate,
496 4551 653 4620 refellere
671 4551 895 4634 currahimnc,
920 4565 960 4622 ut
976 4575 1035 4621 eos
1051 4553 1111 4647 qui
1130 4554 1173 4621 ad
1193 4577 1253 4642 ge·
1303 4547 1438 4637 legibus
1462 4547 1746 4638 patrocinantur,
1771 4549 1968 4642 docentque
1994 4551 2032 4620 in
2047 4549 2152 4620 relius
2170 4539 2280 4637 publi·

266 4653 413 4722 rendam
434 4649 611 4742 Psempub.
636 4651 721 4722 olim
751 4653 920 4724 accessuri
944 4667 1045 4736 sunt,
1078 4657 1121 4724 ad
1145 4650 1251 4725 hnins
1303 4650 1352 4720 cis
1369 4649 1500 4719 iudicia
1514 4671 1588 4719 esse
1603 4651 1859 4733 constituenda,
1883 4651 2045 4744 legesque
2060 4647 2189 4720 rationi
2203 4663 2282 4714 coo·

267 4753 474 4844 disciplinae
498 4753 654 4823 studium
680 4754 879 4827 invitemus.
928 4753 1165 4846 Praegravant
1188 4781 1251 4828 au·
1304 4763 1486 4820 senlaneat
1500 4735 1545 4818 (ie
1564 4752 1669 4822 rebtts
1687 4747 1944 4835 herciscundis,
1972 4755 2016 4822 de
2033 4752 2188 4822 sontium
2204 4767 2281 4838 poo-

266 4871 337 4929 tem
361 4850 452 4926 hanc
473 4877 611 4924 causam
628 4855 773 4924 mirifice
791 4849 857 4924 hac
874 4869 1030 4948 tempore
1048 4855 1250 4928 Doctorculi
1304 4853 1377 4939 nis,
1403 4867 1437 4923 et
1451 4853 1531 4922 aliis
1546 4847 1613 4922 hoc
1629 4875 1738 4942 genus
1754 4853 1837 4922 ferri
1854 4874 1967 4942 posse.

266 4957 423 5053 quidam,
449 4957 509 5051 qni
527 4981 605 5026 eum
620 4957 692 5026 fere
706 4957 778 5028 sint
791 4955 910 5038 didam,
935 4970 1052 5028 tamen
1067 4954 1252 5050 Evangelii
1406 4951 1566 5024 Primum
1580 4954 1636 5024 iuo
1652 4955 1786 5024 fotioot
1808 4955 1911 5022 nobis
1930 4977 2047 5026 sacrae
2063 4953 2205 5038 iborae,
2229 4942 2280 5012 iti

266 5073 445 5152 praetextu
463 5059 685 5155 tyrannidem
698 5073 844 5149 gerunt,
868 5073 902 5130 et
918 5083 983 5150 pro
1004 5060 1250 5132 libidinatum
1303 5057 1495 5148 gentilibus
1515 5056 1571 5124 vel
1587 5053 1750 5126 mosaicis
1764 5055 1900 5144 legibus
1922 5055 1960 5126 in
1976 5050 2169 5148 prophanis
2181 5051 2280 5164 rebus

267 5159 459 5248 humanas,
492 5176 566 5232 turn
594 5159 734 5230 divinas
761 5161 853 5252 leges
878 5161 991 5250 figunt
1019 5185 1059 5232 ac
1088 5163 1251 5253 refigunt.
1302 5159 1503 5232 iudicandis
1521 5157 1601 5240 uti,
1636 5153 1780 5229 Etcum
1803 5157 1933 5228 iudicia
1953 5156 2169 5248 amplissimo
2189 5161 2280 5236 testr-

158 5253 161 5260 ’
267 5262 454 5359 Aquibus
482 5263 512 5333 si
540 5263 721 5356 impetrari
745 5262 894 5356 poterit,
918 5277 959 5334 ut
981 5262 1087 5334 nobis
1109 5265 1250 5336 dicendi
1301 5263 1423 5334 monio
1448 5271 1597 5343 ornant,
1628 5257 1703 5330 t'urn
1724 5254 1910 5340 πολιτείας
1933 5258 2121 5328 mosaicam
2149 5269 2182 5326 et
2200 5271 2279 5342 gen·

267 5377 472 5462 potestatem
501 5365 650 5449 faciant,
682 5379 765 5438 sunt
790 5367 886 5436 enim
911 5387 1082 5458 perquam
1105 5365 1251 5455 morosi,
1301 5364 1400 5438 tilem
1431 5365 1528 5436 iuxta
1560 5362 1726 5455 probant.
1791 5360 1883 5436 Corn
1918 5358 2112 5453 Baptistam
2145 5353 2280 5432 milites,
