4614 5820
94 288 159 370 ast
563 282 725 404 usco.
776 247 853 362 uu
887 275 1292 362 luennavosu
1325 275 1576 372 orsaorsa
1609 277 1638 356 1.
2051 279 2126 360 sao

94 475 307 556 nequaqnam
320 453 409 535 hese
422 454 587 534 Rouana
601 472 639 530 et
658 459 842 532 barbarica
862 459 1014 530 arvitus
1038 459 1078 530 in
1129 457 1308 548 imperiis,
1334 475 1415 526 cum
1436 451 1535 527 nulla
1553 452 1590 526 in
1609 476 1647 527 re
1664 454 1743 550 plus
1763 454 1873 550 possit
1893 477 1967 531 esse
1982 455 2124 530 virtutis

88 562 233 638 Ecclesia
250 562 434 635 toleranda
450 575 551 644 esset.
572 586 664 656 quae
679 576 771 634 vetat
787 562 941 634 discerni
958 585 1076 634 veram
1099 597 1102 666 f
1126 575 1161 630 et
1185 559 1340 648 gloriae,
1378 584 1485 653 quam
1513 573 1562 629 est
1598 559 1637 628 in
1664 563 1825 631 ornanda
1851 576 1886 632 et
1911 563 2122 635 illustranda

91 665 279 740 doctrinam
312 664 359 736 ab
390 664 613 749 adulterina,
644 689 743 757 quae·
765 665 919 736 uchrios
946 666 1076 736 abusus
1124 657 1260 736 Christi
1274 660 1446 751 Ecclesia,
1498 662 1742 732 Lucereenim
1765 687 1804 764 ea
1821 665 1859 732 in
1883 688 1922 734 re
1941 667 2123 736 fortitudi-

89 769 281 852 confirmat‚
312 790 405 860 quae
432 789 570 838 amunta
595 767 788 839 acerbitate
818 767 1074 860 suppliciorum
1124 787 1205 833 nem
1233 777 1268 834 et
1295 764 1580 854 magnitudinem
1603 765 1715 834 animi
1740 765 1948 859 Principum
1970 769 2121 840 omnino

90 870 238 942 defendit
270 867 532 940 invocationem
565 882 788 956 sauctorum,
819 865 1074 963 prophanatio·
1123 889 1263 950 necesse
1285 881 1355 951 est,
1382 869 1477 962 quod
1500 867 1579 937 sine
1599 865 1763 938 maximis
1785 868 1951 960 periculis
1974 883 2010 940 et
2040 874 2121 962 plu-

88 999 159 1045 nem
177 995 308 1044 coenae
325 969 545 1055 dominicae,
575 972 855 1042 nundinationes
876 975 1075 1057 missarum,
1122 969 1295 1039 rimorum
1310 970 1404 1040 odiis
1421 983 1579 1061 receptae
1593 969 1784 1062 religiones
1797 971 1898 1042 nullo
1913 973 2019 1042 modo
2040 997 2121 1045 mu-

87 1077 236 1168 impuros
258 1073 453 1146 coelibatus
476 1085 514 1144 et
533 1073 701 1168 pleraque
722 1074 791 1144 alia
806 1074 936 1146 scelera
954 1075 1074 1167 ponti·
1122 1085 1254 1147 tentur‘.
1313 1071 1386 1144 Sed
1412 1072 1500 1166 quid
1526 1070 1652 1145 attinet
1679 1075 1723 1142 de
1749 1068 1816 1142 hac
1842 1097 1880 1142 re
1906 1097 2121 1167 magnopere

86 1179 199 1260 ficum,
221 1175 355 1270 quibus
369 1199 406 1246 se
422 1174 600 1266 principes
615 1176 729 1248 nostri
745 1189 929 1269 tantopere
943 1179 1073 1248 adiun-
1121 1177 1349 1260 contendere,
1374 1200 1481 1270 quam
1498 1199 1602 1244 nemo
1621 1188 1737 1265 negat,
1763 1174 1833 1246 nisi
1850 1176 1928 1270 quis
1942 1174 2120 1248 Constan-

86 1293 165 1370 gunt
180 1273 247 1350 hoc
261 1293 437 1369 tempore,
464 1293 505 1348 ut
520 1281 711 1350 sententias
727 1293 761 1350 et
775 1281 934 1370 linguam
950 1280 994 1350 ’ris
1008 1281 1073 1349 ad·
1120 1275 1250 1361 tinum,
1276 1275 1462 1362 Davidem,
1487 1277 1728 1363 Salomonem,
1751 1273 1953 1364 Ezechiam,
1979 1277 2119 1365 loriam,

85 1381 190 1452 dicere
211 1405 286 1452 non
311 1393 518 1465 vereantur,
543 1381 671 1462 nescii,
698 1385 794 1474 quod
824 1382 1069 1474 turpissimum
1120 1379 1243 1450 fecerit
1263 1379 1429 1469 ignavos,
1458 1383 1555 1474 quod
1576 1380 1747 1450 acerrime
1773 1379 2034 1474 fortissimeque
2053 1405 2117 1474 pro

14 1517 16 1532 =
86 1483 146 1554 sibi
166 1483 229 1564 sit,
261 1495 361 1556 tanto
387 1483 558 1554 assentari
576 1485 832 1576 depeculatori,
866 1485 929 1580 qui
950 1484 1017 1554 etsi
1034 1485 1071 1552 in
1119 1477 1277 1550 Ecclesia
1292 1483 1548 1573 pugnaverint,
1574 1505 1664 1576 quos
1678 1505 1749 1552 una
1767 1505 1847 1552 cnm
1865 1478 2003 1554 Ottone
2019 1498 2115 1554 vete-

86 1584 310 1676 possessiones
326 1585 487 1676 ipsorum
503 1600 622 1676 aperta
644 1587 681 1654 vi
698 1610 772 1656 non
789 1588 926 1669 veniat,
953 1601 1073 1657 tamen
1118 1583 1219 1653 ribus
1249 1583 1356 1654 etiam
1382 1581 1555 1657 Romanis
1582 1585 1688 1674 longe
1716 1583 1837 1654 iudico
1867 1587 2116 1676 praeferendos

85 1688 259 1758 fraudibus
281 1687 482 1758 innumeris
498 1711 646 1759 suorum
664 1689 930 1761 coniuratorum
947 1689 1071 1760 itare-
1120 1707 1212 1770 esse,
1238 1687 1300 1779 qui
1326 1698 1410 1757 suut
1432 1683 1598 1771 Camilli,
1624 1684 1742 1771 Decii,
1768 1685 1973 1778 Scipiones,
2001 1688 2115 1759 Fabii.
2233 1689 2238 1698 '

86 1789 164 1860 tinet
183 1812 241 1860 eos
264 1790 544 1875 circumventos,
576 1803 617 1861 ut
643 1804 678 1862 et
700 1792 922 1884 principibus
943 1815 1069 1883 parum
1119 1781 1197 1857 Etsi
1213 1789 1308 1856 enirn
1322 1785 1421 1858 Decii
1439 1803 1553 1860 morte
1571 1811 1633 1860 sua
1648 1811 1769 1881 pacem
1786 1785 1944 1859 Deorum
1969 1791 2115 1861 immor-

14 1913 15 1916 ’
85 1891 201 1984 reliqui
226 1891 292 1978 sit,
317 1893 348 1962 si
371 1891 524 1962 subditis
545 1892 763 1983 stipendium
790 1894 1009 1965 remiserint:
1036 1907 1071 1964 et
1117 1889 1242 1960 talium
1266 1891 1439 1960 redimere
1460 1915 1534 1961 non
1555 1891 1816 1975 dubitaverint,
1840 1889 2012 1962 Camillus
2030 1917 2114 1964 vero

82 1994 223 2066 subditis
246 1994 348 2066 domi
368 1993 442 2064 fece
465 1989 560 2064 nihil
581 1995 646 2078 sit,
671 2019 743 2089 quo
769 1997 918 2067 tolerare
940 1996 1070 2066 famem
1117 2003 1214 2061 tanta
1232 1992 1364 2062 virtute
1381 2017 1446 2084 pro
1460 1995 1572 2065 salute
1588 1993 1721 2085 patriae
1737 1993 1976 2078 dimicaverit,
2002 2012 2042 2066 ut
2056 2019 2113 2065 so-

86 2096 223 2186 possint,
266 2097 296 2166 si
315 2097 563 2187 dependerint.
615 2095 721 2168 Unde
742 2100 915 2192 consequi
940 2099 1070 2169 deinde
1116 2092 1866 2186 cundusRomaeconditoreitappellatus:
1892 2099 2113 2168 tamenillu-

14 2217 15 2224 ¹
85 2198 248 2289 oportuit,
274 2200 371 2292 quod
387 2199 555 2270 omnibus
572 2213 732 2291 apertum
750 2214 818 2286 est,
843 2215 904 2286 ut,
929 2215 1068 2293 postea·
1117 2197 1280 2266 striorem
1306 2197 1452 2290 reliquit
1466 2199 1511 2268 de
1535 2223 1571 2268 se
1589 2197 1750 2283 virtutis,
1773 2212 1809 2268 et
1827 2199 1974 2268 bellicae
1998 2202 2113 2272 laudis

85 2323 177 2392 mam
191 2321 310 2390 reges,
337 2299 527 2392 principes,
551 2301 644 2370 cives
662 2303 810 2392 pecunia
827 2303 876 2374 ita
892 2303 1069 2396 despolia-
1116 2299 1343 2390 opinionem,
1372 2296 1483 2384 Otto,
1510 2302 1606 2395 quod
1631 2323 1705 2370 non
1722 2313 1859 2370 tantum
1885 2303 2053 2392 patriam,
2077 2301 2112 2374 et

14 2403 16 2414 '
85 2401 162 2473 verit
185 2397 273 2471 haec
293 2397 459 2472 Romana
483 2401 607 2488 factio,
634 2427 773 2474 necesse
795 2405 842 2476 sit
864 2405 947 2475 illos
963 2405 1068 2474 vicis·
1115 2398 1320 2472 Romanum
1351 2401 1561 2493 imperium,
1600 2403 1660 2472 sed
1689 2399 1883 2473 Ecclesiam
1911 2419 1949 2475 et
1978 2399 2110 2477 Christi

85 2503 151 2587 sim,
175 2505 248 2572 sive
267 2504 417 2596 pessimo
437 2505 598 2595 exemplo
619 2505 753 2591 induci,
779 2507 853 2578 sive
864 2507 1068 2580 necessitate
1116 2502 1266 2592 gloriam
1283 2503 1411 2574 acriter
1426 2504 1715 2596 propugnaverit,
1742 2527 1807 2575 nec
1822 2507 1974 2576 eundem
1988 2507 2124 2578 casum'

85 2607 150 2694 cogi
164 2607 263 2698 (licet
275 2631 350 2674 non
365 2605 409 2676 sit
424 2629 507 2677 vera
525 2603 734 2704 necessitas)
750 2610 794 2678 ad
809 2611 1001 2680 auferenda
1018 2634 1070 2695 ea,
1115 2607 1224 2686 ferre,
1257 2620 1319 2677 aut
1343 2626 1407 2696 pro
1431 2603 1590 2678 Ecclesia
1612 2607 1704 2677 mori
1722 2617 1933 2694 recusasset,
1968 2609 2110 2703 siquid

85 2723 257 2800 quaesunt
274 2703 464 2782 Ecclesiae.
1113 2707 1265 2799 pervim
1286 2709 1478 2779 accidisset.
1534 2708 1804 2781 Decertautibus
1819 2711 1914 2779 enim
1941 2732 2005 2802 pro
2025 2714 2110 2782 reli-

14 2883 15 2890 ,
172 2809 310 2892 Taceo,
343 2813 440 2905 quod
473 2832 697 2906 nequaquam
725 2811 831 2884 etiam
861 2814 931 2884 iam
964 2813 1068 2887 annis
1114 2809 1219 2898 gione
1234 2833 1307 2878 non
1324 2833 1403 2879 cum
1419 2825 1555 2882 armato
1574 2807 1674 2882 hoste
1688 2824 1839 2898 tanturn,
1858 2815 1918 2882 sed
1932 2836 2013 2888 cum
2030 2835 2110 2907 pet-

14 2953 15 2960 1
85 2909 209 2984 circiter
231 2913 405 2983 sexcentis
426 2907 514 2982 haec
529 2911 693 2986 Romana
718 2916 881 3010 tyrannis
897 2915 989 2986 bella
1008 2917 1066 2986 in·
1114 2913 1229 3003 petuis
1256 2914 1538 2984 devastatoribus
1563 2911 1741 2985 Ecclesiae
1769 2911 1934 2986 Diabolis
1960 2939 2016 2987 res
2044 2933 2109 3004 est,

85 3013 207 3087 tulisset
224 3015 358 3110 pacatis
380 3015 539 3108 populis:
573 3030 607 3088 et
631 3017 727 3086 inter
750 3017 909 3090 civitates
926 3015 1068 3088 Princi-
1113 3039 1266 3108 quorum
1292 3015 1428 3084 viribus
1444 3040 1545 3108 pares
1559 3029 1651 3091 certe
1670 3016 1764 3086 nulli
1780 3014 2013 3109 Imperatores
2033 3021 2108 3090 sine

83 3137 199 3210 pesque
212 3117 411 3187 discordias
424 3119 599 3204 saevisset,
625 3143 740 3214 neque
756 3113 824 3190 hoc
839 3135 961 3192 nostro
976 3137 1067 3192 tem·
1113 3117 1237 3186 divino
1256 3117 1390 3186 auxilio
1406 3141 1480 3188 esse
1497 3141 1655 3214 unquam
1674 3131 1881 3210 potuerunt.
1930 3117 2108 3194 Ecclesiae

84 3241 157 3307 pore
179 3221 314 3314 ubique
337 3234 521 3310 tantopere
545 3223 709 3292 arderent
730 3222 834 3314 impii
858 3236 892 3295 et
907 3223 1067 3294 scelerati
1112 3220 1217 3288 etiam
1233 3220 1405 3292 autoritas
1426 3223 1593 3292 anteferri
1608 3222 1768 3291 omnium
1792 3223 1926 3312 patriae
1943 3227 2108 3296 eodebe-

14 3381 15 3384 ,
84 3315 309 3414 Principesin
328 3323 477 3392 delenda
499 3321 662 3392 funditus
680 3319 892 3417 Germania,
920 3315 1066 3418 propter
1111 3323 1184 3402 bit,
1211 3323 1325 3414 quod,
1352 3343 1433 3392 cum
1451 3319 1614 3416 Christus
1628 3337 1663 3395 et
1679 3320 1836 3394 Ecclesia
1850 3349 1963 3396 unum
1980 3351 2107 3421 corpus

83 3415 305 3513 Evangelium
319 3417 472 3510 Christi,
498 3424 527 3494 si
548 3417 942 3514 Ottonislmperatoris
964 3443 1067 3499 auto-
1112 3424 1202 3507 sint,
1228 3425 1394 3495 omnibus
1409 3427 1567 3496 studium
1586 3427 1835 3522 propugnandi
1854 3423 2045 3500 Ecclesiam
2068 3431 2106 3500 in

14 3563 16 3576 =
83 3523 156 3594 ritas
175 3528 320 3602 valeret.
372 3521 462 3598 Otto
486 3539 599 3612 certe,
633 3531 728 3620 quod
750 3528 820 3598 rivi
837 3531 948 3599 amari
969 3542 1066 3614 sunt,
1111 3527 1231 3617 priore
1262 3527 1380 3595 tabula
1404 3528 1449 3597 sit
1473 3533 1697 3599 mandatum:
1729 3529 1863 3618 patriae
1885 3533 2105 3601 verodefen-

84 3623 203 3698 fontem
226 3627 416 3700 iudicasset
439 3629 696 3698 obstruendum
721 3654 813 3712 esse,
850 3623 947 3726 quod
974 3632 1066 3700 rami
1112 3629 1304 3698 sioeorum
1320 3651 1470 3697 numero
1493 3626 1683 3715 habeatur,
1709 3654 1797 3724 quae
1821 3632 2026 3722 posterioris
2052 3647 2105 3704 ta-

14 3721 15 3752 ³
84 3744 154 3800 sunt
167 3731 358 3816 immundi,
378 3731 530 3800 eradico
545 3731 774 3802 intellexisset
787 3733 916 3804 vitium
932 3733 1066 3818 venire,
1112 3731 1217 3800 hulae
1240 3751 1314 3798 esse
1339 3730 1519 3824 dicuntur.
1579 3731 1711 3803 Merito
1733 3733 1852 3826 itaque
1872 3737 1966 3825 apud
1995 3729 2104 3807 Otto-

84 3833 166 3920 quod
184 3855 297 3902 massa
314 3847 432 3903 sancta
453 3846 612 3918 nonest,
638 3835 888 3904 delibationem
910 3849 1066 3936 putasset
1112 3856 1194 3901 nem
1216 3833 1328 3902 valuit
1349 3834 1520 3905 autoritas
1540 3831 1737 3920 Ecclesiae,
1770 3849 1810 3906 ut
1834 3861 1936 3906 verae
1958 3840 2104 3929 patriae.

14 3965 15 3968 ¹
85 3935 348 4004 abominandam
373 3957 463 4005 esse:
502 3948 556 4018 et,
581 3949 621 4005 ut
640 3937 748 4004 semel
766 3936 899 4024 dicam,
924 3937 1065 4008 Princi-
1111 3932 1160 4005 Et
1186 3935 1274 4028 quid
1301 3930 1430 4004 Ottoni
1457 3938 1567 4028 magis
1600 3937 1723 4008 fuisset
1750 3937 1965 4028 gloriosum,
1996 3963 2102 4035 quam

85 4047 192 4120 patum
213 4037 393 4126 potentiae
416 4037 550 4130 papalis
579 4061 654 4105 non
678 4061 717 4106 ex
733 4033 824 4123 Deo,
845 4041 905 4108 sed
922 4064 962 4108 ex
975 4037 1064 4110 Dia·
1111 4039 1279 4107 omnibus
1293 4038 1348 4105 sui
1365 4037 1506 4129 imperii
1525 4040 1643 4109 nervis
1661 4038 1752 4109 tueri
1768 4043 1970 4112 venerabile
1984 4046 2104 4113 conci-

14 4173 15 4180 *
85 4135 156 4205 bolo
174 4139 349 4230 originem
371 4134 504 4210 habere
527 4137 734 4224 indicasset,
765 4143 860 4232 quod
884 4155 1062 4214 tantorum
1111 4141 1200 4208 lium
1216 4139 1305 4208 illud
1320 4141 1561 4222 credentium,
1588 4143 1645 4211 cui
1660 4155 1795 4232 praeest
1809 4139 1876 4212 Dei
1893 4143 2004 4230 filius,
2024 4147 2103 4217 Do

14 4281 15 4286 κ
85 4238 260 4326 scelerum,
302 4255 554 4336 tantorumque
578 4243 696 4310 omnis
726 4243 864 4331 generis
887 4243 1062 4313 malorum
1110 4239 1663 4328 minusnosterlesusChristns,
1689 4267 1856 4314 unacum
1873 4250 2103 4337 praestantis-

86 4358 228 4413 temeret
244 4367 383 4414 causam
402 4367 476 4414 esse
492 4347 531 4412 in
551 4342 739 4425 Pontifice,
767 4346 917 4434 superbe
933 4357 966 4415 et
982 4370 1065 4415 cru·
1112 4343 1210 4410 simis
1232 4341 1418 4427 Patribus,
1446 4340 1653 4437 Prophetis,
1679 4343 1880 4437 Apostolis,
1913 4350 2103 4445 multisque

14 4477 15 4480 ¹
86 4441 199 4514 deliter
214 4445 423 4538 imperante.
474 4445 619 4536 Quanto
641 4447 769 4516 rectius
793 4445 903 4537 igitur
918 4445 1064 4516 Princi-
1111 4441 1320 4514 hominibus
1333 4445 1418 4536 piis,
1444 4447 1697 4519 excellentibus
1715 4449 1945 4520 donisaDeo
1959 4455 2103 4534 ornatis,

85 4565 137 4632 pes
154 4541 282 4619 horum
302 4551 503 4640 teinporum
524 4547 635 4620 secuti
657 4548 792 4620 fuerint
809 4544 955 4642 Ottonis
983 4573 1063 4619 sen·
1113 4561 1152 4617 nt
1174 4551 1300 4617 docere
1325 4545 1519 4631 Ecclesias‚
1555 4564 1588 4621 et
1618 4575 1738 4640 regere
1768 4551 1916 4642 imperia
1945 4556 2104 4645 possint?

85 4648 238 4735 tentiam,
262 4663 367 4745 atque
386 4646 451 4721 hos
472 4651 762 4743 depopulatores,
788 4647 1062 4741 Magistratuum
1111 4647 1219 4718 Hunc
1240 4649 1498 4720 sanctissimum
1521 4665 1659 4724 coetum
1676 4653 1793 4723 decuit
1816 4657 1979 4724 venerari
1995 4651 2103 4727 Otto-

86 4751 352 4836 possessiouibus
375 4755 514 4844 pulsos,
548 4765 601 4823 tot
623 4751 800 4845 tantisque
822 4753 957 4845 rapinis
980 4779 1064 4845 pro·
1111 4777 1214 4834 nem,
1240 4752 1447 4846 docebitque
1469 4777 1609 4840 omnes,
1635 4767 1809 4849 quotquot
1825 4780 1865 4824 ex
1890 4752 1955 4826 hac
1976 4757 2102 4827 misera

86 4841 270 4940 hibuerint,
294 4858 529 4951 dederintque
545 4879 707 4948 operam,
734 4877 779 4922 ne
800 4867 852 4925 tot
874 4851 1064 4926 horrendis
1112 4855 1183 4924 vita
1210 4854 1248 4921 in
1271 4867 1455 4925 aeternum
1482 4851 1616 4929 Christi
1640 4880 1787 4947 regnum
1810 4859 1971 4949 cupimus
1988 4863 2104 4930 trans-

85 4957 246 5027 scaudalis
259 4959 507 5030 obscuraretur
522 4955 684 5028 doctrina
699 4951 851 5042 Christi,
877 4960 922 5028 de
937 4958 1063 5027 remis-
1111 4957 1207 5030 ferri.
1260 4954 1355 5032 Dixi.

87 5051 174 5125 sione
194 5075 438 5150 peccatorum,
476 5075 510 5132 et
535 5061 608 5130 vita
636 5058 803 5130 aeterna?
839 5059 933 5131 Sunt
966 5061 1061 5129 enirn

87 5159 220 5231 omuino
253 5163 329 5233 sine
362 5164 524 5247 cerebro,
565 5173 740 5255 quotquot
773 5158 959 5255 Principes¹
991 5185 1063 5232 esse
1130 5241 1133 5247 ¹

89 5256 220 5348 ignavos
242 5265 455 5360 opinantur,
481 5265 597 5359 quiin
620 5262 853 5354 religionibus
871 5267 1063 5334 emendan-

88 5359 136 5432 dis
153 5365 230 5454 plus
250 5391 377 5462 operae
405 5381 546 5440 sumant
570 5387 676 5459 quam
705 5363 745 5436 iu
773 5366 1063 5440 administrandis

131 5569 301 5642 streame.
320 5573 423 5644 Osee.
451 5575 534 5641 Vos.
551 5576 615 5648 Xl.
