4688 5826
145 227 152 236 ’
262 275 337 352 aot
460 281 464 288 ·
702 255 1837 372 ‚oncnoottrnaanetntcosuuntcos.
2222 267 2289 340 eoa

266 451 304 524 in
337 471 374 520 ee
404 457 520 529 nnn,
559 435 787 532 Magistratus
812 435 966 508 debebat
994 435 1261 530 impudentiam
1306 431 1470 508 homines
1499 449 1654 518 constat,
1694 451 1730 511 et
1754 432 2100 530 Polita‘signibcarlt
2129 463 2212 512 cnm
2240 439 2290 510 io-

267 557 416 630 istorum
435 541 638 628 cohercere,
665 538 866 632 praesertim
880 563 960 609 cum
979 540 1088 610 multa
1104 539 1253 611 crimina
1279 496 1283 580 l
1309 540 1412 634 quit:
2230 573 2232 580 ι

268 661 306 728 in
333 677 406 726 uno
432 652 560 732 insint,
593 666 746 738 qnorum
768 641 948 736 quaelibet
970 665 1099 734 poenas
1123 637 1256 712 habent
1279 591 1283 698 l
1443 643 1551 710 Foslix
1566 648 1620 731 qul
1636 650 1738 730 potuit
1752 671 1851 712 nrum
1867 671 2046 732 cognoscere
2059 671 2174 716 nuru.

241 755 404 848 ‚legibus
426 748 642 822 constitutas.
694 739 743 816 Et
766 745 959 834 prudenter
981 743 1020 812 in
1044 743 1255 840 quibusdam
1307 739 1355 814 Et
1377 739 1480 814 Plato
1499 743 1635 838 inquit:
1660 742 1832 816 Naturam
1858 740 2014 818 hominis
2033 747 2110 816 sine
2131 742 2290 816 Philoso-

267 855 468 934 civitatibus
492 853 583 921 bene
604 845 804 918 constitutis
827 845 1008 937 provisum
1026 861 1091 932 est,
1117 845 1256 939 nequis
1334 839 1391 913 hia
1412 867 1573 916 mancam
1600 857 1706 940 atque
1731 846 1895 918 inutilem
1919 861 2003 923 esse.
2063 847 2157 918 Vere
2180 859 2289 918 antem

268 971 422 1036 exerceat
442 949 661 1024 Medicinam
687 947 763 1016 sine
790 941 1004 1018 authoritate
1025 948 1164 1038 collegii
1189 949 1255 1016 do·
1307 869 1376 1016 boc
1390 945 1558 1015 allirmari
1574 961 1703 1038 potest:
1730 945 1891 1020 Medicos
1906 945 2020 1020 adhuc
2031 949 2067 1018 in
2080 948 2290 1042 possessione

267 1080 403 1134 ctormn
429 1053 640 1126 Medicinae.
700 1048 806 1137 Quod
831 1049 861 1118 si
886 1049 1019 1142 cultique
1043 1063 1254 1131 servaretur,
1309 1047 1435 1118 veteris
1458 1047 1554 1116 illius
1573 1050 1754 1120 doctrinae
1771 1073 1863 1136 esse,
1889 1077 1995 1145 qttntn
2012 1076 2119 1122 unam
2136 1063 2172 1120 et
2189 1051 2290 1118 solam

268 1163 393 1236 melius
417 1157 617 1228 consultum
642 1166 730 1222 esset
751 1145 937 1220 hominnm
962 1151 1086 1232 saluti,
1112 1175 1191 1222 cum
1217 1151 1253 1219 in
1309 1144 1471 1218 homines
1502 1149 1773 1240 sapientissimi,
1806 1153 1870 1246 qui
1900 1168 1974 1222 tum
2005 1157 2097 1248 apud
2130 1150 2290 1234 Graecos,

268 1262 400 1336 morbis
415 1283 489 1329 uon
505 1251 714 1328 adhiberent
730 1253 799 1322 nisi
815 1254 928 1322 bonos
943 1251 1058 1337 viros,
1085 1267 1119 1323 et
1135 1256 1256 1322 doctos
1309 1263 1384 1320 turn
1407 1251 1501 1341 apud
1524 1249 1690 1338 Latinos,
1723 1265 1799 1323 tum
1823 1256 1916 1344 apud
1941 1252 2075 1326 Arabes
2097 1255 2290 1336 extiterunt,

269 1367 441 1440 Medicos.
501 1357 605 1428 Nunc
628 1356 778 1424 salutent
799 1378 896 1423 suzam
919 1355 1147 1425 committunt
1163 1354 1257 1422 eius·
1281 1361 1284 1374 '
1308 1375 1426 1421 veram
1457 1345 1719 1444 philosophiam
1747 1377 1821 1424 esse
1850 1357 2110 1428 iudicaverunt.
2181 1353 2292 1444 Quare

269 1467 365 1540 modi
384 1459 644 1538 nebulonibus,
671 1457 800 1549 quibus
817 1477 890 1524 non
908 1456 1079 1526 auderent
1096 1457 1255 1546 exiguam
1290 1477 1447 1538 ,neeesse
1471 1467 1521 1522 est
1539 1449 1622 1538 hos,
1648 1479 1799 1546 qnorum
1815 1458 1925 1526 animi
1942 1483 2014 1528 non
2030 1460 2219 1550 capiuntur
2234 1454 2290 1524 hae

268 1567 454 1662 pecuniam
480 1558 711 1632 committere.
764 1554 811 1628 Et
833 1571 951 1627 tamen
968 1556 1028 1627 isti
1044 1559 1089 1626 ad
1104 1558 1256 1627 curatio·
1308 1555 1492 1640 doctrina,
1518 1555 1574 1624 vel
1592 1579 1611 1625 a
1630 1571 1752 1627 natura
1768 1552 1953 1629 hominnm
1971 1563 2216 1650 degenerasse,
2242 1559 2288 1628 vel

270 1699 350 1744 ‘¹⁰¹¹'
382 1663 473 1737 ’Μ
506 1663 612 1732 ‘llam
636 1661 819 1742 mumma
851 1657 920 1726 ”isi
943 1659 1200 1750 impudentiam
1224 1673 1257 1729 el
1309 1669 1478 1750 tanquam
1510 1671 1667 1726 monstra
1697 1683 1716 1728 a
1746 1673 1872 1730 natura
1895 1657 2081 1732 inchoatos
2104 1687 2195 1744 esse,
2225 1683 2288 1728 non

269 1771 449 1846 audaciam
482 1765 701 1858 plectendam
729 1761 881 1850 legibus:
924 1761 982 1830 sed
1015 1755 1105 1830 hane
1136 1785 1255 1832 curam
1309 1759 1498 1832 absolutos.
1552 1755 1611 1828 An
1637 1783 1708 1829 non
1735 1765 1887 1853 portenti
1910 1766 2108 1848 simileest,
2138 1761 2288 1833 homines

268 1875 421 1966 Reipnb.
448 1866 712 1956 Magistratibus
741 1863 1063 1936 commendemuss
1099 1859 1171 1932 Vos
1201 1862 1258 1932 in·
1309 1875 1505 1930 exercentes
1523 1858 1752 1946 Medicinam,
1779 1877 1812 1934 et
1829 1861 1867 1933 in
1888 1859 1954 1936 hoc
1971 1867 2089 1936 studio
2108 1879 2288 1940 versantes,

269 1977 372 2050 terim
391 1970 575 2064 privatim,
600 1965 787 2058 siquando
804 1986 893 2056 opus
908 1961 993 2048 erit,
1020 1963 1165 2055 periculi
1183 1990 1257 2034 ma·
1281 1915 1284 2059 l
1308 1977 1424 2034 tamen
1440 1963 1536 2032 uelut
1554 1960 1694 2056 Ulysses
1710 1965 1886 2036 obstruxit
1901 1991 2022 2053 aures,
2050 1993 2093 2036 ne
2109 1981 2213 2037 cantu
2229 1964 2288 2058 Sy-

269 2077 418 2170 gnitudo
441 2073 647 2154 admoneat,
673 2068 793 2160 quales
810 2063 970 2136 Medicus
994 2067 1178 2136 consulere
1195 2069 1257 2136 de·
1281 2062 1284 2158 Ι
1308 2088 1434 2134 renum
1462 2065 1697 2152 detineretur,
1729 2067 1920 2158 praeterire
1939 2071 2128 2140 obstructi,
2152 2067 2287 2138 auriga,

269 2181 389 2253 beatis.
443 2171 574 2242 Tutius
591 2183 641 2242 est
657 2168 753 2240 enlm
769 2163 938 2238 adhibere
953 2169 1067 2238 bonos
1084 2168 1197 2252 viros,
1224 2181 1257 2237 et
1280 2161 1284 2206 ¹
1307 2179 1412 2258 atque
1437 2167 1567 2247 oculis,
1600 2167 1798 2238 doctrinam
1820 2171 1980 2240 omnium
2004 2173 2108 2262 longe
2130 2169 2286 2240 suavissi-

210 2292 212 2299 '
269 2283 330 2378 (ptri
353 2291 463 2352 artem
481 2263 586 2368 qnam
603 2284 764 2342 exercent
781 2269 1000 2350 didicerunt,
1028 2293 1132 2364 quam
1149 2271 1256 2340 levis·
1280 2231 1284 2370 l
1309 2291 1401 2334 mam
1422 2293 1462 2338 ac
1479 2268 1787 2339 liberalissimam?
1840 2268 2023 2344 Delectant
2041 2269 2206 2342 homines
2220 2269 2287 2340 ludi

268 2389 376 2456 simos
413 2379 622 2469 impostores
654 2387 689 2442 et
725 2367 968 2444 histrionicam
1006 2373 1115 2460 magis
1151 2389 1256 2464 quam
1280 2377 1283 2474 ζ
1307 2382 1341 2438 et
1365 2370 1572 2458 spectacula.
1632 2367 1738 2458 Quod
1763 2385 1879 2442 autem
1905 2375 2037 2464 gratius
2059 2373 2285 2466 spectaculum

268 2483 480 2560 medicinam
503 2489 712 2548 exercentes.
763 2469 839 2562 Ego
862 2495 944 2542 vero
969 2473 1006 2540 in
1030 2468 1096 2541 hac
1111 2498 1165 2550 re,
1192 2472 1256 2540 etsi
1280 2491 1282 2498 ’
1307 2469 1494 2558 excogitari
1512 2474 1649 2562 potest?
1675 2495 1780 2564 quam
1795 2473 1859 2544 ista
1877 2477 2011 2566 pictura
2027 2477 2137 2548 totius
2154 2475 2286 2545 nniver-

270 2586 425 2680 pericnln
441 2579 581 2672 publico
594 2576 744 2646 maxime
759 2595 919 2658 moveor,
945 2588 1062 2644 tamen
1079 2589 1256 2666 praeterea
1279 2529 1283 2612 l
1307 2573 1417 2641 sitatis
1448 2594 1585 2656 rerum,
1623 2595 1713 2665 quae
1742 2589 1834 2646 extat
1864 2575 1901 2644 in
1931 2581 2061 2648 nostris
2093 2577 2283 2648 autoribus:

268 2683 469 2760 incredibili
499 2679 622 2750 dolore
653 2673 806 2760 allicior,
839 2689 983 2767 propter
1005 2677 1256 2752 contumeliam
1280 2678 1282 2692 ‘
1307 2669 1408 2762 Quae
1431 2675 1540 2764 possit
1562 2669 1698 2742 homini
1722 2677 1871 2766 sapienti
1894 2679 2011 2750 maior
2031 2681 2193 2768 voluptas
2209 2699 2284 2745 con·

268 2789 355 2864 Μὴ
384 2801 418 2856 ²²
446 2781 639 2854 dmm·
691 2773 804 2848 D⁰¹⁸⁰
834 2773 929 2846 enlm
954 2777 1086 2868 nefingi
1112 2791 1145 2848 ‘l
1170 2801 1257 2846 ⁰⁰¹¹·
1306 2774 1459 2864 tingere,
1492 2799 1598 2868 quam
1628 2775 1739 2846 oculis
1768 2790 1873 2872 atque
1902 2779 2022 2850 animo
2048 2779 2284 2850 admirabilem

248 2891 380 2981 ‚renat
396 2900 527 2959 tantam
546 2878 729 2954 scientiam
743 2873 1061 2970 pulcherrimarum
1077 2880 1114 2948 in
1133 2892 1258 2948 natura
1307 2875 1571 2961 oeconomiam,
1597 2877 1780 2964 ordinem,
1806 2879 1898 2952 vices
1920 2905 2037 2952 rernm
2056 2883 2206 2952 maxime
2221 2879 2285 2948 dis.

269 3015 411 3073 rernnt,
434 3009 541 3072 quam
564 2977 730 3057 authores
746 2979 857 3050 nostri
874 2979 1047 3072 complexi
1062 2995 1156 3052 sunt.
1187 2979 1258 3050 Ne·
1306 2977 1475 3047 similium
1500 2977 1537 3046 in
1562 2994 1687 3050 natura
1710 2980 1867 3051 intueri?
1916 2983 1966 3054 At
1988 2985 2072 3053 istos
2092 2979 2283 3058 histriones,

269 3119 338 3189 que
361 3087 571 3170 verisimile,
598 3097 731 3154 tantam
756 3081 959 3152 varietatem
976 3082 1142 3152 scientiae
1158 3106 1257 3172 repe-
1307 3103 1420 3172 neque
1450 3081 1584 3150 utilitas
1611 3076 1738 3150 harum
1764 3107 1903 3168 rerum,
1935 3109 2049 3178 neque
2073 3087 2226 3156 suavitas
2246 3084 2283 3150 ad

270 3197 335 3266 riri
363 3191 535 3285 potuisse,
561 3187 630 3256 nisi
653 3182 750 3255 Detts
771 3183 922 3254 istorum
943 3183 1102 3254 virorum
1124 3199 1258 3252 mentes
1307 3179 1513 3252 discendnm
1530 3189 1730 3273 permovet,
1757 3185 1979 3279 quiquidem
1999 3181 2283 3278 hocrnagisodio

269 3292 441 3386 singulari
474 3289 595 3360 afflatu
624 3285 791 3386 movisset
816 3285 859 3353 ad
890 3308 1011 3356 earum
1039 3285 1257 3356 observatio·
1307 3283 1405 3370 «ligni
1429 3296 1528 3365 sunt,
1555 3285 1649 3377 qttod
1673 3285 1776 3354 etiam
1800 3287 1959 3378 exemplo
1981 3302 2121 3362 nocent,
2174 3287 2285 3358 Plures
2327 3337 2328 3346 ,

269 3422 368 3482 ⁰0¹⁰·
392 3393 454 3488 (lul
471 3413 527 3462 ²³⁸
544 3400 770 3482 repererunt,
795 3399 829 3458 et
847 3385 1013 3480 pleraque
1031 3401 1259 3457 monstrasset
1307 3383 1401 3452 enim
1418 3397 1519 3470 sunt,
1544 3399 1583 3454 ut
1597 3385 1637 3455 lit
1651 3385 1744 3456 inter
1757 3381 1937 3473 homines,
1963 3391 2023 3482 qui
2041 3386 2131 3460 hane
2151 3384 2283 3460 histrio·

248 3503 441 3592 abstrusa,
466 3517 555 3586 quae
569 3487 728 3562 humano
746 3487 889 3578 ingenio
905 3487 982 3558 erni
998 3512 1071 3560 non
1087 3501 1259 3582 poterant.
1309 3487 1444 3570 nicam,
1468 3511 1548 3556 cum
1572 3481 1697 3558 habeat
1720 3490 2020 3580 compendiariam
2039 3491 2130 3562 viam
2151 3495 2283 3580 adopts

251 3602 374 3693 Quae.
393 3599 535 3670 tandem
558 3609 704 3666 naturae
721 3613 801 3682 pars
814 3589 1053 3688 desideratur,
1080 3615 1169 3682 quoe
1184 3615 1257 3662 non
1306 3590 1501 3681 parandas,
1526 3588 1658 3658 imitari
1676 3589 1798 3672 velint,
1824 3615 1928 3684 quarn
1946 3592 2006 3686 qni
2024 3595 2211 3685 perlectam
2225 3593 2283 3660 do·

248 3706 315 3778 .sit
332 3703 501 3795 patefacta
516 3709 620 3788 atque
635 3694 808 3762 illustrata
823 3686 952 3762 horum
970 3691 1107 3762 literis?
1148 3690 1259 3761 Gem-
1306 3691 1457 3760 etrinam
1487 3703 1670 3780 expetant,
1702 3715 1791 3784 quae
1822 3693 1914 3762 nulli
1947 3708 2061 3783 potest
2090 3695 2282 3782 contingere

269 3823 372 3889 mae,
401 3803 563 3892 plantae,
593 3792 786 3866 animantia
813 3805 847 3862 et
871 3807 986 3886 partes
1010 3793 1258 3873 animantium,
1307 3791 1382 3860 sine
1407 3791 1576 3860 acerrimo
1599 3792 1733 3862 studio:
1767 3793 1812 3862 ita
1838 3794 2007 3886 paulatim
2034 3821 2113 3867 vera
2138 3821 2195 3866 ara
2214 3815 2281 3864 cor-

271 3914 631 3998 temperamentorum
660 3893 863 3978 varietates,
897 3915 1020 3964 causae
1041 3895 1259 3980 morborum,
1307 3892 1504 3984 rumpitur,
1540 3894 1701 3964 doctrina
1724 3895 1878 3984 neglecta
1903 3897 2070 3986 paulatim
2095 3899 2281 3968 collabitur.

272 4030 395 4079 causae
410 4001 666 4084 remediorum,
691 3995 876 4088 multiplex
891 3993 981 4066 ratio
999 4009 1033 4067 at
1047 4019 1259 4066 conservan-
1308 3989 1383 4084 Ego
1414 4018 1496 4064 sero
1530 3997 1613 4088 quia
1644 3996 1745 4067 doleo
1769 3997 1879 4066 vicem
1903 3997 2057 4090 optimae
2080 3999 2186 4080 artis,
2219 4017 2281 4068 nou

271 4114 337 4182 dae
362 4103 521 4178 sanitatis
543 4115 577 4172 et
598 4099 875 4192 recuperandae,
900 4099 1079 4192 quomodo
1103 4097 1185 4167 inde
1198 4122 1258 4170 us-
1309 4119 1449 4186 possum
1468 4119 1542 4166 non
1559 4119 1763 4168 succensere
1776 4099 1852 4168 istis
1870 4100 2045 4189 pestibus,
2071 4126 2162 4194 quae
2176 4121 2280 4170 veram

272 4235 341 4305 qne
362 4233 382 4280 a
400 4218 570 4296 conceptu
586 4205 630 4272 ad
649 4216 842 4272 extremum
862 4197 953 4274 vitae
968 4213 1107 4282 actum,
1132 4215 1257 4271 natura
1306 4192 1595 4292 Philosophiam,
1620 4223 1689 4293 qua
1707 4199 1847 4272 nullutn
1863 4196 1995 4273 habent
2009 4197 2172 4274 homines
2186 4223 2281 4272 orna·
2325 4255 2326 4258 ,

271 4313 422 4384 fovenda
446 4322 480 4379 et
503 4309 669 4376 adversus
692 4303 835 4372 morbos
857 4303 1049 4372 munienda
1075 4301 1138 4386 sit,
1170 4315 1259 4398 tem·
1307 4313 1465 4370 mentum
1497 4299 1626 4381 maius,
1662 4301 1870 4395 opprimunt
1899 4315 1933 4373 et
1962 4304 2183 4395 extinguunt,
2238 4299 2280 4372 Aa

151 4473 153 4478 .
274 4425 475 4506 perementa
497 4409 771 4503 elementorum,
799 4401 907 4487 aeris,
932 4427 1061 4496 aquae,
1088 4403 1260 4488 locorum,
1309 4403 1489 4472 videamus
1513 4401 1618 4470 etiam
1640 4403 1719 4472 aliis
1739 4405 1978 4494 temporibus,
2006 4402 2073 4476 hoe
2094 4429 2204 4501 genus
2224 4405 2281 4470 iut-

272 4539 358 4611 quas
378 4510 549 4597 habeant,
575 4531 713 4594 causas,
735 4527 825 4598 qnos
844 4504 1005 4586 effectus,
1032 4530 1121 4598 quae
1139 4506 1184 4574 sit
1199 4529 1259 4574 co·
1309 4518 1490 4596 postorum
1514 4503 1674 4574 nocuisse
1696 4505 1781 4592 arti;
1809 4503 1967 4577 Galenus
1982 4509 2075 4576 enim
2091 4509 2191 4578 ealda
2205 4527 2281 4598 que-

271 4617 384 4710 gttitio
409 4612 619 4708 qualitatum
643 4609 681 4676 in
702 4606 912 4696 corporibus
934 4606 1161 4677 inferioribus
1178 4632 1258 4690 cum
1309 4607 1400 4675 citur
1431 4605 1571 4674 sceleste
1600 4621 1800 4698 corruptam
1825 4631 1898 4677 esse
1921 4636 1940 4678 a
1964 4608 2115 4680 Servttlo
2140 4610 2280 4703 qnodattt

272 4713 673 4804 coelestiumcorporum
685 4707 852 4788 motibus,
876 4703 1260 4779 undeexistantomnes
1310 4703 1412 4776 nihili
1440 4703 1602 4794 bomine,
1629 4705 1816 4796 Thessalo;
1843 4711 1902 4779 sed
1917 4707 2077 4782 Galenus
2094 4712 2282 4796 divinaope

273 4822 312 4890 in
333 4815 541 4907 corporibus
565 4811 798 4893 mutationes,
833 4833 923 4902 qnae
946 4805 1099 4882 habeant
1120 4823 1257 4882 tantum
1310 4809 1542 4880 collabentem
1593 4834 1635 4879 eo
1681 4823 1837 4902 tempore
1882 4813 2079 4882 doctrinam
2130 4807 2279 4884 restituit.

273 4924 310 4992 in
343 4915 487 4990 nrateria
513 4935 650 4996 causas,
683 4935 770 5004 quae
792 4912 898 4981 etiam
921 4905 1073 4984 habeant
1095 4913 1260 4998 coelestes
1309 4909 1412 4982 Nunc
1437 4937 1509 4980 nnn
1535 4927 1585 4981 est
1609 4909 1927 4998 ttntrs'lhessalus,
1952 4919 2012 4985 sed
2037 4915 2168 5009 ubique
2189 4914 2281 5006 plena

273 5047 412 5106 causas;
454 5017 607 5088 breviter
634 5026 707 5082 tota
738 5035 854 5102 rerum
886 5027 1029 5095 natura,
1063 5014 1102 5082 in
1130 5013 1261 5084 nostris
1309 5027 1391 5082 sunt
1414 5013 1646 5105 impostorum
1670 5013 1810 5099 omnia,
1839 5030 1871 5084 et
1886 5015 2002 5086 fatalis
2018 5019 2187 5112 quaedam
2202 5011 2283 5082 cala·

274 5125 374 5194 libris
389 5121 486 5214 quassi
503 5121 592 5216 picta
611 5113 779 5186 cernitur.
807 5111 923 5204 Quem
940 5129 1057 5186 autem
1074 5139 1145 5186 non
1165 5116 1260 5186 iuvet
1311 5117 1431 5198 mites,
1463 5129 1573 5184 artem
1593 5137 1717 5204 urgere
1740 5115 1891 5188 videtur.
1948 5114 2001 5190 Ac
2024 5113 2113 5188 nabi
2135 5115 2282 5188 conside·

275 5227 338 5294 ista
372 5225 503 5310 legere,
536 5239 761 5310 cognoscere,
795 5215 1051 5306 contemplari?
1103 5215 1193 5288 Nam
1216 5221 1260 5288 ad
1311 5217 1403 5288 renti
1428 5217 1606 5286 interdum
1630 5218 1961 5311 alias.ilisciplinas,
1987 5221 2152 5306 videntur
2167 5244 2205 5288 ex
2222 5214 2283 5284 illis

274 5321 400 5394 harum
433 5348 548 5392 rerum
581 5317 844 5412 inquisitionem
875 5331 980 5410 atque
1013 5319 1262 5408 coguitionem,
1311 5321 1415 5390 etiam
1440 5317 1603 5410 plurimi,
1635 5311 1770 5390 tantum
1796 5307 2079 5402 aenarititulos,
2113 5325 2155 5392 ad
2179 5335 2283 5388 osten-

275 5425 447 5516 prncreati
482 5438 586 5513 atque
621 5419 730 5520 geniti
769 5441 910 5504 snmus,
952 5432 992 5490 ut
1029 5417 1121 5496 inter
1159 5445 1260 5492 sanos
1310 5422 1732 5514 tationemetquaestum.
1787 5421 1915 5494 Veram
1927 5439 1958 5494 et
1970 5418 2284 5516 perlectatudoettl-
