4616 5816
183 264 260 346 sto
756 257 917 340 DECL
970 261 1045 340 DE
1074 254 1355 345 nttCOMto
1388 254 1659 344 SUllVlAE.
1757 325 1760 332 »
2153 269 2231 350 did

187 443 312 514 cedere
330 436 480 517 debent,
506 434 570 530 qni
588 456 673 504 suae
697 433 841 506 virtutis
864 436 1010 527 vestigia
1035 437 1185 530 impres-
1236 431 1491 527 scientiamque
1506 433 1560 506 rei
1575 435 1742 511 militaris
1755 439 1981 534 praecipuam
1994 442 2114 516 fuisse.
2163 438 2234 516 Et.

187 556 311 616 serum
331 541 370 609 iu
391 539 543 608 mediam
561 533 738 618 Galliam,
764 551 800 608 et
814 539 978 608 maximis
999 543 1107 630 gestis
1129 565 1185 612 re·
1238 535 1334 606 enim
1356 549 1397 608 ut
1418 538 1720 627 praetermittsm,
1748 558 1879 636 quanta
1904 545 2018 636 gentis
2045 546 2234 637 frugalitas

189 649 277 732 bus,
301 639 1029 734 etquidcmexutilitatepublicanomen
1046 641 1187 714 Galliae
1237 639 1368 724 fuerit,
1407 638 1493 732 quia
1515 641 1641 712 vinum
1668 643 1854 735 importari
1876 661 1998 718 contre
2026 649 2119 739 leges
2148 662 2237 733 erat,

190 771 324 820 novum
343 745 563 814 indiderunt.
616 739 755 812 Nostris
771 767 855 814 vero
879 746 1100 836 temporibus
1122 750 1189 816 do·
1240 765 1330 836 quae
1363 741 1630 814 exercitationes
1663 744 1858 820 iuventutis
1892 751 2024 824 suerint
2049 751 2088 822 in
2114 751 2241 836 armis,

192 850 367 922 ctissimos
388 871 428 916 ea
448 846 546 936 regio
569 839 734 916 homines
757 847 898 936 genuit,
925 847 964 915 in
982 849 1112 942 quibus
1131 849 1189 919 vel
1240 857 1375 938 quanto
1390 843 1512 914 labore
1528 848 1654 918 durata
1670 873 1834 940 corpora,
1856 865 1890 922 et
1905 853 2017 924 animi
2032 855 2077 926 ad
2093 854 2238 946 patien-

193 953 381 1026 obscuram
396 947 533 1043 alioqui
546 972 639 1018 unus
656 947 807 1020 loannes
823 945 966 1041 aRegio
981 949 1106 1022 Monte
1122 977 1191 1022 no-
1241 947 1328 1018 tiam
1349 947 1560 1034 adsuefacti,
1592 963 1669 1018 tum
1696 947 1786 1022 mihi
1812 977 1956 1044 prorsus
1974 957 2094 1028 videre
2118 979 2240 1050 qnan-

195 1056 338 1126 bilitare
361 1066 494 1144 posset,
515 1052 571 1120 vir
594 1048 730 1120 Graece
748 1050 943 1147 Latineque
967 1077 1041 1123 non
1066 1055 1191 1126 leviter
1242 1051 1324 1120 dam
1341 1047 1500 1122 Platonis
1515 1051 1692 1122 civitatem
1707 1054 1841 1140 videor,
1862 1081 1941 1128 curn
1955 1058 2032 1148 lego
2050 1054 2145 1128 nihil
2162 1059 2239 1128 illis

197 1159 338 1240 doctus,
365 1168 399 1224 et
419 1154 606 1224 universae
621 1147 876 1246 Philosophiae
899 1157 946 1225 ita
971 1158 1127 1249 peritus,
1151 1170 1191 1230 ut
1244 1152 1373 1244 privati
1388 1151 1462 1242 agri
1477 1152 1596 1238 fuisse,
1622 1157 1682 1224 sed
1697 1156 1774 1226 sine
1792 1159 1985 1250 cupiditate
2000 1161 2242 1234 communiter

197 1282 293 1331 unus
318 1257 512 1328 restituerit
543 1254 771 1348 disciplinas,
812 1281 902 1352 quae
929 1259 978 1329 sic
1010 1276 1194 1344 vocantur,
1244 1254 1411 1340 coluisse,
1435 1279 1526 1348 quae
1542 1257 1675 1350 quique
1690 1259 1766 1330 loca
1783 1275 2029 1352 occupassent,
2054 1287 2124 1356 qua
2142 1263 2184 1332 in
2202 1287 2242 1333 re

199 1362 383 1452 collapsas,
397 1373 431 1430 et
445 1361 490 1430 ab
506 1357 653 1429 interitu
667 1358 868 1434 vindicarit.
895 1356 1062 1434 Austriae
1076 1387 1193 1457 quan·
1245 1361 1412 1449 adparet,
1438 1357 1577 1430 animos
1596 1361 1711 1447 gentis
1725 1385 1853 1432 vacuos
1871 1365 2021 1438 avaricia
2048 1378 2082 1436 ct
2105 1364 2243 1436 simili·

199 1479 276 1540 tnm
298 1463 486 1544 dehemus,
520 1484 610 1556 quae
634 1485 714 1530 cnm
737 1461 826 1534 alios
849 1461 1033 1556 Principes
1056 1489 1194 1537 summa
1246 1461 1313 1530 bns
1338 1459 1516 1551 pestibus,
1552 1465 1648 1532 unde
1674 1463 1712 1532 in
1742 1464 1944 1536 civitatibus
1974 1489 2096 1556 graves
2120 1481 2244 1538 motus

200 1569 351 1652 virtute,
376 1579 452 1638 tum
475 1563 763 1638 Maxirnilianum
785 1565 915 1651 edidit,
947 1569 1082 1640 nemini
1100 1568 1195 1660 opti·
1247 1563 1393 1632 existere
1409 1563 1545 1648 solent,
1567 1587 1704 1634 summa
1730 1566 1900 1656 religione
1921 1569 2097 1640 iusticiam
2114 1594 2156 1638 ac
2178 1591 2244 1660 pa·-

201 1693 344 1742 morum
372 1665 632 1759 imperatorum
659 1671 967 1759 postponendum,
1008 1671 1069 1766 qui
1098 1673 1194 1742 iuxta
1247 1689 1321 1736 cem
1339 1665 1499 1734 coluisse.
1550 1663 1652 1736 Plato
1678 1668 1747 1753 ait,
1773 1669 1820 1738 ita
1838 1669 2245 1744 foelicissimnmcivits-
2306 1712 2307 1744 r

201 1772 302 1844 domi
319 1795 360 1840 ac
377 1771 467 1840 loris
488 1769 709 1840 continentia
739 1771 910 1860 singulari
940 1775 1027 1860 luit,
1058 1773 1197 1846 iusticia
1247 1769 1293 1838 tis
1314 1781 1444 1838 statum
1466 1767 1559 1852 iore,
1585 1769 1615 1838 si
1640 1795 1746 1862 quam
1770 1771 1928 1862 proxime
1952 1785 2100 1844 conetur
2122 1775 2238 1864 expri-

201 1873 424 1958 incredibili,
450 1872 697 1962 magnitudine
714 1875 824 1944 enimi
841 1875 973 1954 divina.
1002 1875 1099 1966 Quid
1117 1876 1199 1948 Fri·
1248 1867 1591 1958 merehanclegem,
1617 1874 2026 1964 quaedcamicisextat,
2050 1869 2099 1947 τὰ
2118 1873 2242 1972 φίλων
2306 1879 2307 1964 Ῑ

201 1979 271 2058 sia,
294 1976 377 2071 quia
394 1975 597 2066 Agricolam
618 1975 759 2066 genuit,
784 1993 957 2069 quantum
981 1980 1099 2050 landis
1122 2003 1198 2048 me·
1248 1963 1367 2044 κοινά.
1428 1969 1546 2060 Quam
1579 1989 1696 2046 autern
1729 1970 1819 2046 mihi
1846 1973 2018 2050 Graecam
2051 1978 2242 2061 civitatem,

202 2079 326 2152 retur?
377 2076 532 2151 Batavos
552 2101 635 2150 suos
656 2074 828 2150 Erasmus
848 2105 955 2175 quam
972 2083 1085 2154 claros
1107 2081 1198 2152 lecit.
1250 2096 1336 2168 quas
1357 2068 1537 2162 Athenas,
1561 2101 1666 2169 qnam
1686 2075 1869 2170 Spartam,
1894 2079 2101 2152 antLocros
2123 2079 2241 2152 nomi·

203 2183 273 2258 Sed
300 2181 388 2276 quid
412 2205 476 2272 ego
496 2181 647 2251 aliarum
664 2182 852 2254 nationum
873 2183 997 2255 laudes
1022 2208 1200 2270 recenseo,
1250 2176 1351 2248 nabit
1365 2175 1514 2270 aliquis,
1541 2176 1579 2246 in
1596 2203 1666 2272 qua
1684 2181 1831 2270 perinde
1845 2181 1922 2272 agri
1937 2206 2143 2254 communes
2159 2206 2243 2275 pos·

203 2310 285 2360 cum
309 2287 354 2358 de
373 2282 501 2356 suevis
516 2284 632 2356 oratio
655 2283 817 2358 instituta
836 2285 907 2358 sit?
960 2285 1093 2360 Verum
1112 2283 1198 2358 haec
1249 2279 1492 2370 sessionesque
1516 2280 1667 2364 luerint,
1700 2296 1740 2352 ut
1764 2285 1858 2374 apud
1881 2281 2040 2354 Suevos?
2077 2285 2140 2379 qui
2172 2284 2242 2356 nisi

204 2389 286 2460 ideo
304 2389 483 2481 praelatus
498 2410 598 2470 sum,
617 2399 658 2458 ut
674 2387 920 2478 intelligeretis
937 2415 1013 2475 me,
1038 2415 1117 2460 cum
1141 2390 1200 2458 ni·
1251 2380 1456 2450 admirabili
1470 2380 1607 2450 iusticia
1624 2384 1786 2472 praediti,
1809 2399 1843 2455 ct
1856 2407 1982 2476 magna
2000 2386 2094 2458 inter
2107 2409 2144 2456 se
2160 2382 2244 2456 cha-

205 2488 259 2562 hil
282 2491 322 2562 iu
344 2483 412 2562 hac
433 2513 537 2560 causa
560 2490 605 2558 de
626 2490 852 2581 amplissimis
873 2493 1092 2562 ornamentis
1112 2492 1201 2585 alia·
1252 2484 1356 2556 ritate
1380 2482 1538 2554 devincti
1562 2485 1731 2569 luissent,
1757 2487 1857 2558 nullo
1881 2489 1988 2558 modo
2005 2489 2104 2560 illam
2123 2511 2244 2560 rerum

205 2619 286 2669 curn
310 2593 499 2664 nationum
514 2585 717 2677 detraham,
743 2591 835 2665 vacis
850 2593 1017 2666 laudibus
1033 2594 1200 2666 Sucviam
1251 2585 1540 2656 communionem
1557 2587 1803 2662 exercuissent.
1857 2587 2041 2678 Quasdam
2063 2606 2184 2682 gentes
2198 2591 2245 2662 ab

204 2709 417 2773 ornaturum
438 2717 523 2764 esse.
572 2690 713 2780 Quaeso
733 2705 851 2766 autem
874 2719 955 2782 vos,
980 2710 1020 2768 ut
1045 2721 1108 2788 pro
1130 2691 1201 2768 hu-
1252 2688 1331 2760 Diis
1346 2711 1381 2758 se
1397 2701 1493 2758 ortas
1507 2711 1581 2760 esse
1597 2692 1814 2780 praedicant,
1839 2688 1930 2762 mihi
1944 2717 2018 2764 non
2033 2695 2152 2764 minor
2168 2696 2245 2764 laus

204 2799 374 2872 munitate
389 2811 504 2880 vestra
519 2817 576 2864 me
591 2795 745 2886 henigne
762 2797 933 2885 audiatig;
960 2823 1043 2870 nam
1066 2801 1202 2870 candor
1252 2791 1395 2860 videtur
1415 2791 1460 2860 ad
1486 2789 1572 2862 tales
1599 2791 1711 2877 viros,
1733 2795 1853 2888 quales
1873 2795 1979 2864 fuisse
2001 2809 2133 2868 veteres
2151 2795 2245 2868 Sue·

207 2913 259 2974 est
283 2914 486 2972 exterorum
507 2897 701 2968 virtutibus
727 2911 762 2968 et
792 2923 915 2972 earum
945 2924 1201 2972 commemora·
1253 2917 1315 2966 vos
1333 2891 1549 2981 intelligitis,
1577 2917 1657 2962 vere
1676 2919 1777 2986 posse
1797 2895 1972 2986 originem
1994 2899 2143 2985 referre,
2174 2922 2245 2992 qua

205 3003 297 3076 tioui
311 3003 441 3088 favere,
466 3021 553 3094 quas
570 2999 714 3092 quidem
730 3023 808 3086 nos,
833 3001 916 3095 quia
934 3003 1029 3076 iuter
1045 3003 1202 3074 eruditos
1252 2995 1297 3065 ad
1315 2992 1506 3064 Herculem
1521 3008 1583 3066 aut
1603 2994 1768 3072 Martem.
1818 2996 1901 3068 Non
1917 3012 1969 3072 cst
1990 3000 2143 3074 instituti
2161 3001 2246 3088 mei,

206 3105 378 3186 dicimus,
404 3103 512 3193 paulo
534 3101 676 3191 longius
691 3101 795 3172 etiam
819 3103 903 3174 inde
918 3127 1031 3198 usqne
1046 3107 1092 3176 ab
1108 3105 1202 3176 anti.
1253 3097 1376 3168 laudes
1397 3095 1547 3166 aliarum
1569 3097 1606 3166 in
1623 3096 1818 3172 Germania
1840 3101 2027 3172 nationum
2045 3115 2246 3188 extenuare,

206 3205 343 3299 quitate
359 3216 567 3296 repetemus.
621 3201 836 3297 Quanquam
853 3219 970 3278 autem
987 3207 1061 3278 sola
1078 3207 1203 3290 virtus,
1254 3213 1373 3272 tamen
1391 3193 1459 3268 hoc
1473 3197 1512 3266 in
1528 3199 1689 3272 confesso
1704 3216 1773 3287 est,
1799 3203 1936 3276 nullius
1951 3205 2102 3276 maiores
2114 3229 2247 3276 monu-

207 3330 328 3377 veram
343 3319 378 3378 et
393 3305 543 3376 solidam
561 3305 702 3376 laudem
722 3306 833 3396 parit,
859 3321 978 3380 tamen
994 3321 1028 3380 et
1045 3309 1203 3403 antiqui·
1253 3301 1384 3372 mentis
1411 3299 1613 3388 literarum,
1653 3305 1803 3395 perinde
1826 3319 1866 3378 ut
1887 3305 2024 3377 Suevos
2050 3307 2246 3380 celebratos

208 3422 261 3482 tas
276 3407 435 3498 generis,
462 3407 545 3501 quia
565 3402 734 3478 nonnihil
750 3411 923 3482 momenti
940 3411 1054 3486 adlert
1068 3415 1112 3484 ad
1129 3413 1203 3482 vir·
1254 3425 1340 3488 esse,
1363 3404 1459 3496 quod
1477 3403 1622 3496 quidem
1635 3422 1882 3496 argumentum
1897 3431 1971 3478 esse
1986 3403 2076 3478 mihi
2091 3409 2247 3496 videtur,

210 3511 296 3584 tutis
311 3510 491 3590 studium,
515 3532 615 3580 snam
633 3509 774 3580 laudem
791 3525 957 3588 meretur.
1255 3509 1387 3576 virtute
1409 3505 1514 3576 etiam
1538 3529 1597 3576 eos
1627 3508 1774 3603 reliquis
1797 3509 1964 3582 omuibus
1986 3509 2026 3580 in
2051 3507 2246 3582 Germania

1255 3607 1463 3680 nationibus
1478 3609 1703 3698 praestitisse.
1754 3609 1949 3706 Pleraeque
1970 3612 2116 3684 nomine
2133 3614 2247 3684 veteri

1255 3710 1404 3795 amisso,
1435 3711 1649 3803 nequidem
1674 3714 1912 3786 coniecturam
1934 3737 2058 3805 capere
2087 3729 2250 3806 possunt,

1256 3813 1443 3906 exquibus
1464 3813 1535 3884 orti
1556 3813 1628 3886 sint
1650 3815 1855 3891 maioribus.
1906 3811 1957 3888 Et
1970 3811 2064 3888 haud
2080 3818 2174 3902 scio,
2200 3843 2249 3890 an

1256 3916 1325 3988 soli
1343 3914 1452 3988 Suevi
1474 3939 1606 3986 nomen
1630 3931 1729 3990 vetus
1754 3917 1984 4003 retinuerint,
2010 3921 2172 3990 sedtum
2198 3921 2248 3992 ita

1257 4029 1395 4090 mutent
1409 4030 1529 4107 gentes
1543 4019 1707 4105 nomina,
1729 4021 1759 4090 si
1775 4021 1830 4091 vel
1845 4021 1960 4114 patria
1971 4021 2082 4113 pulsi,
2106 4023 2162 4092 rel
2177 4023 2248 4092 im·

214 4123 334 4213 Quare
348 4129 428 4194 cum
441 4120 808 4197 veterumSuevorum
825 4146 961 4196 summa
972 4124 1084 4198 virtus
1098 4125 1206 4198 fuisse
1257 4121 1357 4215 perio
1378 4120 1526 4200 deiecti,
1555 4121 1681 4192 amissa
1701 4123 1883 4203 libertate,
1910 4123 1949 4192 in
1970 4123 2121 4196 aliorum
2146 4137 2248 4216 pote-

215 4221 463 4318 perbibeatur,
493 4226 664 4306 credibile
686 4229 804 4298 estad
829 4240 987 4319 posteros
1015 4242 1205 4320 propagata
1258 4238 1382 4296 statem
1404 4222 1568 4308 veniant,
1601 4224 1792 4296 verisimile
1813 4238 1864 4298 est
1886 4223 2043 4313 Suevos,
2074 4227 2157 4322 quia
2180 4251 2249 4298 no·

217 4351 290 4398 esse
310 4327 445 4398 semina
466 4329 638 4420 quaedam
662 4327 821 4414 virtutis;
855 4348 889 4400 et
906 4333 1206 4424 quemadmodum
1259 4351 1342 4398 men
1364 4324 1609 4412 retinuerunt,
1647 4326 1847 4398 libertatem
1875 4349 1974 4398 suam
2000 4351 2248 4401 summarum

214 4430 350 4500 formae
377 4451 567 4520 corporum
596 4429 634 4498 in
660 4429 752 4501 natis
779 4430 968 4504 imitantur
991 4445 1127 4523 patres,
1158 4433 1207 4504 ita
1257 4430 1390 4502 virtute
1403 4428 1604 4513 defensam,
1628 4451 1813 4524 uunquam
1828 4429 1996 4505 amisisse.
2045 4427 2137 4502 Nam
2149 4433 2249 4526 quod

96 4579 98 4584 ·
216 4544 438 4624 posterorum
465 4531 608 4622 ingenia
637 4555 712 4600 uon
734 4554 836 4623 saepe
862 4547 1010 4604 naturae
1032 4535 1206 4606 maiorum
1258 4533 1357 4602 sedes
1371 4543 1573 4615 mutarunt,
1599 4545 1633 4604 et
1649 4557 1668 4600 a
1686 4527 1842 4604 Balthici
1860 4532 1967 4602 maris
1986 4531 2121 4619 littore,
2150 4533 2248 4627 qnod

216 4634 402 4706 dissimilia
434 4645 528 4703 sunt.
586 4631 743 4704 Proinde
767 4657 843 4706 non
872 4635 1032 4726 exiguam
1066 4639 1206 4708 laudem
1259 4634 1346 4706 olim
1363 4645 1573 4718 tenuerunt,
1600 4634 1746 4726 propius
1761 4631 1931 4708 Rhenum
1948 4647 2185 4720 accesserunt,
2212 4635 2249 4706 id

219 4737 389 4812 Suevicae
406 4729 670 4808 nationishanc
687 4737 886 4823 esseducn,
911 4739 1008 4832 quod
1026 4764 1045 4808 a
1062 4738 1208 4810 maiori·
1259 4735 1403 4819 accidit,
1442 4735 1526 4828 quia
1556 4735 1709 4807 lacessiti
1732 4735 1906 4810 Romanis
1939 4737 2068 4819 amris,
2105 4737 2145 4807 in
2171 4737 2250 4830 ripa

220 4842 287 4912 bus
309 4837 514 4910 incredibili
528 4836 678 4924 virtute,
701 4839 841 4933 fideque
864 4841 1050 4930 praeditis,
1075 4841 1209 4936 quique
1258 4833 1381 4913 Rheni
1398 4839 1506 4908 domo
1528 4839 1635 4910 accita
1660 4839 1833 4930 praesidia
1847 4841 2003 4932 primum
2020 4839 2252 4926 collocarunt,

220 4942 383 5012 maximis
399 4940 505 5031 gestis
519 4941 625 5010 rebus
636 4963 719 5012 suae
733 4942 928 5032 posteritati
943 4943 1209 5034 praeluxerunt,
1259 4956 1379 5035 postea
1397 4941 1490 5033 capti
1507 4943 1598 5012 airis
1615 4941 1776 5036 coelique
1794 4939 2001 5025 clementia,
2024 4935 2081 5012 his
2102 4941 2142 5012 in
2162 4941 2252 5012 locis

220 5045 292 5116 orti
313 5057 408 5118 sunt.
457 5041 603 5114 Habent
625 5057 742 5116 autem
766 5057 900 5117 veteres
913 5043 1024 5118 Suevi
1044 5047 1211 5138 gravissi·
1258 5045 1515 5127 consederunt,
1538 5057 1573 5116 et
1595 5055 1814 5134 occuparunt
1836 5067 1913 5114 earn
1932 5040 2147 5116 Germaniae
2168 5068 2252 5136 par-

220 5169 320 5216 mum
342 5161 465 5220 testem
489 5167 632 5218 suarum
657 5145 824 5234 landum,
851 5143 892 5221 C.
911 5145 1115 5235 Caesarem,
1146 5149 1209 5244 qni
1259 5161 1346 5234 tem,
1371 5147 1476 5236 longe
1492 5145 1666 5238 promotis
1680 5145 1831 5231 tinibus,
1854 5169 1945 5240 quae
1960 5145 2054 5242 inter
2066 5141 2252 5234 Rhenum,

219 5247 270 5318 sic
285 5248 453 5320 describit
468 5273 539 5334 eos,
559 5261 599 5318 ut
612 5249 790 5341 adpareat,
811 5249 959 5320 etdomi
973 5250 1107 5343 optime
1122 5275 1210 5326 con·
1258 5245 1387 5341 Alpes,
1417 5247 1553 5344 Lycum
1579 5263 1614 5322 et
1634 5246 1807 5319 Moenum
1830 5261 1901 5333 est,
1931 5243 1969 5317 hi
2002 5261 2086 5322 sunt
2110 5247 2251 5322 Suevo-

219 5347 359 5420 stitutas
374 5347 537 5440 Respub.
565 5350 865 5445 domesticamque
893 5351 1119 5443 disciplinam
1144 5349 1210 5424 ha-
1258 5377 1339 5422 rnm
1352 5352 1439 5421 fines
1454 5351 1522 5436 hoc
1538 5365 1708 5444 tempore.
1742 5349 1866 5445 Neque
1881 5374 1964 5422 vero
1979 5351 2253 5441 degenerarunt,

221 5449 360 5535 buisse,
383 5464 416 5522 et
431 5447 519 5522 foris
535 5452 784 5526 incredibilem
803 5475 927 5524 mum
951 5452 1235 5544 tortitudinem.
1259 5466 1394 5526 mutato
1417 5454 1516 5526 coelo
1538 5479 1557 5526 a
1579 5453 1729 5548 pristina
1751 5453 1905 5536 virtute,
1929 5455 1990 5526 sed
2014 5445 2072 5526 his
2093 5454 2251 5549 primum

262 3669 366 3732 Fortes
379 3661 518 3754 (inquit
532 3657 725 3754 Horatius)
742 3683 878 3730 creentur
889 3671 1020 3734 fortibus
1033 3687 1061 3738 et
1077 3677 1174 3738 bonis.

260 3767 314 3834 Est
327 3775 360 3832 ln
375 3773 526 3846 iuvencis,
553 3773 641 3830 estin
657 3773 743 3852 equis
758 3783 877 3851 petrum

261 3871 389 3952 Virtus,
415 3895 470 3934 nec
489 3873 641 3932 imbellem
655 3873 771 3933 feroces

262 3973 464 4060 Progenersut
480 3979 599 4059 aliquae
616 3977 799 4037 columbum.

185 5741 316 5792 ,A
