4646 5824
61 281 144 356 aas
423 272 582 350 neca.
619 273 692 348 na
722 269 928 399 nrcros
954 267 1193 344 reosur
1225 271 1642 366 UNUSQvtthJE
1669 296 1752 352 nc.
2029 291 2130 364 aso

61 452 334 527 tumultibue'et
348 446 618 522 confusionibus
634 443 842 538 gubernatio
859 443 1064 536 impeditur,
1115 443 1282 516 omnibus
1297 445 1407 516 variis
1417 447 1598 518 scandalis
1613 451 1741 537 studet,
1767 467 1807 524 ut
1821 479 1901 526 cum
1915 457 1955 529 iu
1971 465 2102 552 populo

61 555 225 626 servabit
239 567 360 624 tamen
382 553 574 624 clementer
591 543 720 618 harum
737 546 922 636 regionum
939 541 1063 616 Eccle-
1116 545 1225 620 lsrael
1246 548 1351 618 multi
1373 548 1535 621 viderent
1558 549 1714 621 filiorum
1734 554 1883 628 Davidis
1903 563 2092 651 parricidia

61 657 158 742 sias,
184 669 219 726 et
234 655 442 726 ardentibus
460 652 552 723 votis
566 675 649 720 cum
663 671 825 732 oramus,
851 661 892 718 ut
909 647 1061 739 filiosuo
1115 649 1324 720 seditionem
1348 651 1619 743 praecipuorum
1645 655 1814 726 ordinum
1834 673 1869 731 et
1884 619 2105 756 Principum,

61 755 227 828 Domino
242 771 364 828 nostro
380 754 461 828 lesu
478 749 621 824 Christo
640 745 892 838 haereditatem
907 750 1063 820 celebra·
1115 765 1150 822 et
1163 753 1311 822 incestas
1326 752 1508 839 libidines,
1523 754 1737 828 dubitabant
1749 773 1843 830 certe
1858 787 1903 831 an
1919 757 2003 835 baec
2020 721 2105 858 gens

61 874 187 930 turam
215 859 331 951 ipsum
362 859 402 926 iu
432 855 531 926 omui
561 853 784 937 aeternitate,
825 864 994 942 perpetuo
1022 852 1062 920 iu
1113 850 1271 924 Ecclesia
1292 851 1358 924 Dei
1380 869 1485 934 esset,
1528 857 1659 950 quain
1691 864 1957 948 perturbatione
1985 882 2104 939 tamen

62 955 126 1030 his
150 960 356 1050 regionibus
378 959 530 1048 colligat.
590 949 639 1026 Et
662 948 745 1024 huic
767 953 848 1045 piae
868 952 1063 1044 precationi
1115 956 1191 1048 pios
1209 957 1329 1024 videre
1344 979 1483 1026 necesse
1497 959 1577 1040 fuit,
1604 959 1666 1029 ubi
1681 985 1748 1030 vox
1764 963 1886 1035 divina
1899 991 1982 1038 vere
1998 995 2105 1042 sona-

63 1063 304 1151 „diungamus
320 1060 516 1132 orationem
532 1055 769 1127 Dominicam.
1114 1072 1178 1129 ret.
1233 1057 1286 1128 lta
1301 1082 1397 1128 nunc
1420 1061 1583 1150 populus¹
1598 1062 1641 1130 ad
1663 1055 1756 1132 banc
1777 1087 1893 1136 arcem
1913 1072 2105 1162 confugiat,

171 1177 263 1252 Cum
292 1190 410 1250 ,utem
440 1177 479 1246 in
509 1171 565 1244 hi,
590 1171 836 1263 congressibus
860 1161 973 1262 915³st
995 1169 1061 1238 ali.
1114 1161 1201 1230 sciat
1215 1160 1266 1230 ibi
1281 1183 1362 1229 vere
1377 1183 1449 1229 esse
1457 1159 1525 1231 Dei
1533 1159 1745 1249 Ecclesiam,
1764 1169 1826 1237 ubi
1842 1195 1910 1239 vox
1918 1168 2104 1264 Evangelii

64 1306 177 1374 quam
218 1279 593 1354 commonefactiouem
633 1275 757 1344 utilem
800 1271 971 1364 proponi,
1028 1283 1063 1340 et
1115 1275 1216 1332 sonat
1233 1264 1455 1352 incorrupta,
1480 1265 1669 1334 utdictum
1689 1280 1757 1337 est:
1791 1269 1830 1341 si
1851 1273 1937 1366 quid
1959 1277 2004 1344 ab
2025 1277 2105 1347 aliis

63 1407 168 1453 nunc
193 1379 370 1452 Ecclesiae
401 1394 542 1452 nostrae
570 1390 604 1447 et
625 1398 691 1444 nos
716 1395 839 1444 omues
864 1374 903 1441 iu
927 1373 1063 1462 magnis
1114 1363 1153 1432 in
1184 1364 1504 1434 deliberationibus
1536 1366 1688 1456 publicis
1717 1382 1833 1441 actum
1862 1387 1933 1459 est,
1964 1380 2104 1470 dequo

64 1484 256 1554 doloribus
284 1484 416 1567 simus,
458 1493 602 1572 propter
634 1489 822 1547 venenatas
855 1475 1061 1554 calumnias,
1114 1465 1269 1551 dubites,
1296 1466 1331 1535 id
1350 1469 1392 1535 ad
1409 1480 1443 1534 le
1459 1463 1551 1536 nibil
1568 1467 1732 1559 pertinet,
1759 1495 1838 1542 cum
1856 1448 2105 1551 necsisairtor

65 1609 162 1679 quae
185 1597 307 1654 contra
326 1607 392 1652 nos
411 1595 643 1674 sparguntur,
669 1601 807 1648 necesse
831 1589 883 1646 est
905 1575 1061 1644 remedia
1115 1591 1180 1636 nec
1196 1569 1421 1659 approbator,
1448 1582 1481 1638 et
1499 1594 1577 1638 cum
1595 1591 1651 1638 res
1667 1576 1839 1646 nonsatis
1855 1594 1939 1648 uota
1955 1594 2021 1665 est,
2048 1607 2105 1652 re.

64 1688 200 1756 idonea
218 1681 274 1755 his
288 1685 418 1755 nostris
435 1683 620 1754 doloribus
634 1675 814 1749 adhibere.
862 1673 1062 1746 Audiamus
1114 1669 1231 1758 gulam
1247 1671 1420 1762 sequaris:
1440 1667 1560 1742 Nolite
1575 1672 1745 1758 iudicare,
1766 1699 1832 1749 nec
1845 1673 2105 1760 iudicabimini.

64 1789 190 1880 itaque
212 1785 376 1879 Apostoli
398 1786 505 1855 verba
531 1787 576 1854 ad
601 1779 763 1852 Galatas:
796 1777 930 1849 Probet
951 1800 1062 1847 unus-

65 1890 221 1984 quisque
236 1911 340 1958 suum
355 1912 461 1980 opus,
486 1883 590 1957 etsie
612 1883 706 1975 apud
731 1904 804 1950 sese
824 1879 972 1971 gloriam
997 1873 1060 1948 ha·
1129 1917 1136 1931 ·

65 1991 194 2075 bebit,
216 2014 290 2060 nou
307 1991 352 2059 ab
370 1989 459 2058 aliis.

175 2105 463 2178 Consolatiouem
482 2105 591 2195 igitur
608 2100 766 2186 institui,
799 2123 844 2168 ue
863 2093 919 2168 bis
942 2097 1062 2169 crimi-

67 2209 290 2280 nationibus'
303 2209 423 2293 fracti,
449 2205 652 2276 existimetis
676 2225 737 2272 vos
754 2197 931 2271 Ecclesiae
952 2199 1063 2269 socie-

66 2325 178 2382 tatem
196 2311 371 2396 amisisse,
396 2333 461 2379 nec
478 2307 592 2377 excuti
609 2305 709 2374 vobis
732 2303 838 2372 fidem
860 2316 895 2372 et
916 2302 1063 2371 invoca-

67 2413 205 2484 tionem
223 2413 365 2497 sinatis,
392 2409 475 2480 Non
499 2409 654 2491 ferr'um,
679 2429 754 2476 nun
774 2404 844 2474 tela
866 2404 960 2490 ulla,
985 2428 1062 2473 ma-

67 2515 148 2584 iora
171 2513 319 2585 vulnera
343 2514 380 2581 in
408 2513 514 2582 corde
538 2509 692 2588 faciunt,
726 2519 833 2600 quam
857 2505 940 2574 illae
965 2505 1063 2574 dirae

67 2640 192 2700 voces,
217 2615 354 2686 etiamsi
369 2613 476 2683 falsae
498 2624 600 2694 sunt,
626 2609 664 2677 in
682 2608 813 2700 quibus
830 2607 985 2677 clamant
998 2629 1063 2676 uos

68 2717 252 2786 adversari
268 2715 427 2800 veritati,
450 2729 484 2783 et
501 2711 629 2803 impios
647 2710 762 2780 cultus
776 2708 973 2782 restituere.

117 2891 122 2902 ·
175 2849 255 2924 Etsi
281 2851 376 2920 euim
411 2846 626 2918 conscientia
657 2857 771 2914 rectae
803 2832 998 2914 voluntatis
1030 2854 1064 2910 et

68 2956 214 3046 piorum
229 2952 458 3022 consiliorum
474 2948 563 3018 lenit
574 2945 680 3016 nobis
694 2945 923 3031 moesticiam,
944 2959 1062 3014 tamen

69 3067 220 3149 propter
236 3051 414 3124 Ecclesiae
435 3050 702 3119 dilacerationes
723 3048 827 3116 valde
851 3047 1062 3118 cruciamur.

70 3158 294 3248 Quaeramus
309 3154 419 3244 igitur
437 3148 682 3221 convenientia
697 3149 862 3222 remedia.
916 3145 970 3218 Ac
987 3146 1062 3236 pri-

71 3283 171 3329 mum
198 3257 330 3348 populo
352 3267 387 3323 et
413 3255 579 3336 caeteris,
615 3251 675 3342 qui
701 3273 720 3318 a
746 3247 1063 3319 deliberationibus

71 3360 227 3453 publicis
243 3360 391 3440 absunt,
417 3350 502 3424 haec
522 3351 715 3422 consolatio
736 3351 820 3420 satis
843 3351 976 3418 mederi
998 3373 1065 3440 po·

71 3478 158 3545 test,
184 3485 267 3530 suos
283 3459 432 3552 quisque
448 3455 586 3538 oculos,
613 3475 693 3521 suas
711 3472 811 3520 aures
825 3466 927 3520 testes
946 3450 1062 3522 faciat.

71 3563 164 3635 Cum
187 3557 304 3632 adbuc
327 3583 447 3628 vorem
463 3555 647 3645 Evangelii
667 3553 908 3641 incorruptam
933 3551 1064 3636 audiat,

72 3683 106 3737 et
128 3665 248 3734 videat
267 3665 305 3731 in
329 3683 438 3730 coena
461 3653 610 3727 Domini
637 3654 771 3723 unllam
795 3653 872 3722 fieri
896 3653 1062 3724 mutatio·

73 3793 179 3849 nem,
204 3789 269 3834 nec
284 3764 377 3834 ullos
393 3761 522 3852 impios
538 3760 654 3827 cultus
677 3757 855 3825 restitutos
877 3779 966 3838 esse,
991 3768 1060 3824 sta-

74 3881 153 3940 tuat
176 3891 249 3936 sese
263 3861 441 3935 Ecclesiae
465 3861 579 3929 civem
604 3881 695 3940 esse,
729 3871 763 3928 et
787 3881 867 3926 vere
889 3879 925 3926 se
950 3853 1061 3926 aDeo

73 3967 256 4052 exaudiri,
281 3981 315 4036 et
338 3978 430 4034 recte
451 3985 488 4032 se
511 3956 638 4032 harum
655 3955 893 4028 Ecclesiarum
916 3958 1063 4028 societa-

75 4087 147 4144 tem
163 4068 271 4140 tueri:
292 4055 376 4160 quia
391 4078 523 4135 certum
543 4075 604 4146 est,
630 4061 682 4128 ibi
700 4051 773 4128 esse
782 4059 848 4129 Dei
858 4057 1063 4145 Ecclesiam,

74 4174 139 4243 ubi
163 4184 266 4241 sonat
290 4169 495 4256 incorrupta
518 4188 585 4233 vox
601 4159 807 4251 Evangelii,
843 4175 877 4230 et
896 4183 980 4232 usus
997 4159 1064 4231 Sa-

76 4285 342 4345 cramentorum
359 4268 537 4356 legitimus
557 4265 750 4344 retinetur,
784 4277 819 4333 et
842 4287 916 4331 non
940 4263 1062 4332 defen·

77 4381 215 4446 duntur
246 4370 474 4466 pertinaciter
507 4367 623 4447 idola,
672 4365 763 4436 sicut
793 4365 963 4456 scriptum
996 4378 1062 4434 est:

76 4477 291 4568 Ubicunque
304 4473 376 4542 duo
392 4485 452 4540 aut
467 4483 538 4538 tres
554 4467 754 4557 congregati
768 4482 851 4538 sunt
866 4467 903 4535 in
918 4466 1064 4534 nomine

77 4602 176 4662 rneo,
200 4577 238 4646 in
256 4574 374 4644 medio
389 4595 511 4642 eorum
529 4593 618 4642 sum.
668 4569 802 4640 L'uccre
826 4581 944 4638 antem
961 4567 1064 4658 agni·-

77 4682 211 4751 tionem
232 4678 299 4772 lilii
313 4675 380 4747 Dei
403 4675 442 4743 in
465 4669 521 4743 bis
538 4669 724 4749 Ecclesiis,
751 4694 832 4740 curn
851 4671 1065 4741 fundamen-

76 4797 152 4854 tum
169 4794 260 4852 recte
277 4791 456 4860 teneatur,
481 4798 555 4846 non
571 4773 720 4843 dubium
736 4784 798 4844 est.

179 4901 283 4974 Hanc
297 4894 576 4972 consolationem
592 4897 743 4988 populus
757 4907 902 4979 teneat,
937 4907 972 4966 et
990 4918 1084 4981 non·

79 5019 273 5098 aucupetur
293 5003 440 5074 fabellas
461 5013 495 5069 et
518 4998 729 5081 calumnias,
755 5009 983 5088 quae-contra
1001 4991 1066 5066 bas

79 5105 252 5178 Ecclesias
266 5117 497 5198 sparguntur,
523 5114 562 5172 ut
578 5113 662 5170 suut
676 5099 783 5170 multi
795 5099 909 5184 leves,
935 5099 1066 5192 quibus

82 5209 254 5300 voluptati
270 5219 339 5292 est,
365 5203 524 5274 convicia
545 5203 656 5289 legere
670 5215 703 5272 et
719 5201 855 5275 audire·
1072 5242 1075 5250 ·

1116 1769 1222 1840 ltem:
1247 1769 1329 1879 Nou
1345 1772 1391 1839 sis
1406 1795 1551 1842 susurro
1567 1775 1605 1842 in
1620 1775 1766 1866 populo.

1216 1905 1320 1976 Nunc
1336 1909 1380 1976 de
1395 1907 1500 1978 nobis
1515 1911 1621 1981 etiam
1635 1911 1770 1999 dicam,
1796 1915 1857 2008 qui
1875 1917 2102 1994 deliberatio-

1113 2008 1222 2078 nibus
1241 2009 1479 2080 interfuimus.

1217 2142 1379 2215 Primum
1415 2147 1459 2215 de
1492 2145 1653 2216 doctrina
1683 2162 1718 2220 et
1748 2149 1853 2222 rebus
1887 2158 2103 2238 necessariis,

1115 2268 1189 2314 non
1212 2247 1327 2316 solum
1348 2247 1562 2318 conscientia
1584 2261 1698 2319 rectae
1721 2252 1933 2341 voluntatis,
1967 2269 2001 2326 et
2024 2259 2104 2348 pio·-
2172 2327 2173 2334 ,

1115 2372 1195 2417 rum
1227 2349 1477 2434 consiliorum,
1515 2373 1580 2418 nos
1608 2353 1831 2440 consolatur,
1866 2358 1928 2426 sed
1958 2375 2104 2432 eventus

1116 2450 1232 2519 etiam.
1283 2448 1374 2520 Nam
1399 2474 1455 2522 res
1474 2451 1646 2537 ostendit,
1672 2477 1737 2524 nec
1763 2439 1964 2530 doctrinam
1986 2476 2104 2534 muta·

1116 2565 1187 2632 tarn
1202 2575 1293 2638 esse,
1318 2576 1384 2624 nec
1398 2577 1501 2623 usum
1517 2552 1838 2632 sacramentorum.

1217 2683 1286 2755 Hic
1300 2711 1381 2756 cum
1398 2686 1561 2778 publicae
1577 2689 1765 2760 conciones
1789 2704 1823 2762 et
1844 2691 1950 2781 ritus,
1963 2739 1967 2752 ι
1980 2699 2042 2790 qui
2063 2699 2102 2768 in

1115 2787 1237 2856 oculos
1260 2788 1467 2872 incurrunt,
1503 2788 1746 2860 testimonium
1770 2795 1815 2862 de
1838 2794 1943 2865 nobis
1970 2801 2103 2886 dicant,

1115 2889 1339 2959 manifestum
1355 2904 1425 2974 est,
1451 2891 1537 2960 falso
1553 2904 1588 2960 et
1602 2915 1668 2962 nos
1684 2905 1718 2962 et
1734 2889 1798 2964 has
1812 2891 1985 2968 Ecclesiae
2000 2925 2103 2973 accu-

1116 2989 1204 3074 sari,
1230 3015 1269 3058 ac
1291 2990 1322 3060 si
1343 2992 1424 3084 quis
1446 2992 1640 3062 delectatur
1659 2995 1733 3064 illis
1750 3000 1965 3086 mendaciis,
2003 3027 2101 3074 suam

1116 3092 1293 3162 levitatem
1319 3106 1353 3162 et
1375 3093 1660 3164 malevolentiam
1689 3099 1854 3182 declarat.
1918 3099 2102 3191 Diabolus,

1116 3207 1156 3262 ut
1167 3217 1299 3262 nomen
1312 3194 1462 3274 indicat,
1490 3195 1642 3286 impellit
1658 3199 1853 3295 multorum
1876 3204 2031 3289 animos,
2063 3223 2104 3282 ut
2120 3181 2123 3186 ⁶

1116 3308 1150 3364 et
1163 3307 1298 3380 serant,
1325 3309 1358 3364 et
1374 3297 1477 3366 avide
1493 3298 1642 3368 audiant
1657 3303 1865 3376 calumnias.
1918 3304 2002 3376 ldeo
2027 3332 2102 3380 non

1116 3396 1322 3466 inusitatum
1338 3409 1406 3480 est,
1430 3397 1535 3467 etiam
1559 3401 1743 3472 manifesta
1764 3407 1947 3476 mendacia
1972 3403 2102 3480 habere

1117 3498 1358 3616 applausum,
1398 3521 1488 3592 quae
1514 3513 1633 3590 postea
1664 3527 1811 3594 magnos
1837 3510 2012 3581 tumultus
2042 3535 2102 3582 ex-

1116 3612 1236 3670 citant.

1218 3716 1432 3811 Quanquam
1446 3719 1557 3808 igitur
1570 3722 1723 3794 iniuriae
1741 3727 1901 3796 dolorem
1924 3731 2029 3802 uobis
2049 3735 2101 3803 af-

1115 3819 1251 3903 ferunt,
1278 3835 1395 3890 tamen
1404 3817 1479 3891 Deo
1496 3823 1606 3893 iudici
1619 3838 1789 3922 utrosque
1803 3835 2102 3922 commendemus,

1116 3933 1150 3990 et
1165 3921 1316 3992 sciamus
1335 3945 1399 3992 uos
1417 3939 1561 4015 propter
1578 3921 1706 3998 horum
1725 3930 1877 4011 iudicia,
1900 3957 1965 4003 nec
1989 3939 2101 4006 socie-

1115 4037 1221 4091 tatem
1236 4020 1411 4094 Ecclesiae
1426 4028 1598 4114 amisisse,
1624 4053 1691 4099 nec
1710 4029 1822 4102 aDeo
1839 4034 1992 4105 abiectos
2015 4061 2099 4111 esse.

1116 4123 1205 4192 Nam
1229 4121 1345 4194 adhuc
1365 4151 1433 4195 vox
1457 4129 1639 4200 doctrinae
1661 4135 1782 4202 eadem
1806 4148 1878 4220 est,
1916 4151 1950 4208 et
1973 4161 2102 4231 magno

1116 4226 1237 4296 labore
1252 4231 1390 4317 magnis
1405 4229 1570 4319 periculis
1588 4256 1607 4300 a
1622 4235 1726 4304 nobis
1743 4253 1997 4328 propugnatur.

1217 4357 1267 4434 At
1280 4364 1553 4437 inconstantiam
1570 4353 1674 4440 nobis
1689 4373 1853 4444 tribuunt
1867 4375 1987 4469 aliqui,
2005 4382 2102 4470 quod

1117 4467 1160 4534 de
1177 4465 1306 4535 vestitu
1322 4479 1356 4536 et
1372 4468 1416 4535 de
1439 4469 1517 4538 aliis
1539 4471 1750 4563 quibusdam
1775 4476 1953 4548 similibus
1974 4481 2102 4550 ritibus

1117 4592 1191 4636 nou
1204 4569 1422 4640 tumultuose
1436 4593 1652 4660 pugnamus,
1679 4598 1753 4644 non
1771 4577 1981 4650 minitamnr
1994 4579 2102 4650 Prin·
2170 4557 2172 4562 λ

1117 4669 1254 4760 cipibus
1278 4671 1486 4758 seditiones,
1511 4698 1583 4744 uon
1607 4675 1770 4748 iubemus
1789 4681 1903 4750 deseri
1918 4678 2106 4768 Ecclesias,

1118 4773 1240 4841 dicunt
1256 4767 1313 4840 his
1326 4772 1440 4842 initiis
1455 4775 1650 4861 servitutis,
1672 4781 1760 4849 strui
1773 4781 1921 4854 insidias
1936 4786 2079 4874 populo.

1223 4905 1264 4976 ln
1279 4902 1345 4980 hac
1361 4909 1609 4981 criminatione
1623 4913 1768 5004 plausus
1784 4931 1819 4986 et
1832 4919 1947 4988 studia
1972 4915 2105 4992 liabent

1119 5010 1368 5083 multitudinis.
1410 5010 1480 5083 Sed
1496 5028 1614 5084 nostra
1629 5018 1787 5086 defensio
1805 5020 1843 5087 in
1860 5015 1923 5089 bac
1940 5046 1977 5090 re
1992 5017 2105 5092 huuc-

1118 5111 1286 5184 stisssima
1302 5127 1363 5186 est.
1414 5110 1493 5185 Etsi
1509 5131 1602 5186 tanta
1621 5131 1678 5194 est,
1690 5121 1820 5188 malitia
1838 5121 1956 5212 vulgi,
1983 5140 2021 5194 ut
2047 5129 2104 5194 ni-

1119 5209 1172 5284 bil
1194 5214 1324 5284 mirum
1343 5215 1388 5314 sit
1408 5218 1661 5304 gubernatores
1684 5222 1734 5292 de
1753 5247 1791 5290 ea
1813 5224 1984 5294 frenanda
2007 5231 2106 5318 cogi-

184 5321 494 5419 ScmperEcclesia
510 5319 619 5387 variis
636 5319 750 5389 modis
767 5334 1005 5411 oppugnatur,
1032 5333 1067 5388 et
1117 5331 1210 5400 tare,
1242 5329 1278 5386 et
1300 5330 1415 5388 vetera
1431 5320 1642 5407 disciplinae
1666 5323 1805 5392 vincula
1830 5328 2025 5419 requirere,
2052 5347 2105 5400 ta-

83 5429 245 5500 diabolus
279 5429 489 5498 labefactare
525 5423 629 5492 fidem
664 5438 698 5493 et
732 5423 993 5494 invocationem
1026 5422 1064 5528 in
1116 5413 2108 5518 menuosinhacdeliberationeoptareumsnuncmue-
2158 5423 2167 5436 ⁵

132 5529 318 5606 Munera.
346 5533 450 5598 Orsa.
478 5529 561 5596 Vos.
588 5527 649 5593 xl.

1403 5517 1528 5594 64.
