4718 5828
210 225 305 304 ae
414 239 415 242 κ
645 315 647 322 s
762 222 1765 320 uncaousruunsrnrouoorcrs.
1877 177 1878 180 Ὺ
2238 255 2287 332 ιι

253 405 383 500 inquit.
433 399 482 476 Et
503 401 542 472 in
557 396 654 472 hunc
672 401 816 498 quidem
836 403 941 473 finem
957 403 1002 474 ab
1020 403 1122 473 initio
1138 427 1245 474 mun·
1296 405 1498 494 beatitudo,
1523 409 1561 478 in
1577 403 1646 483 hoc
1660 425 1732 485 tota
1747 415 1800 487 vis
1815 433 1866 491 cst
1881 418 2056 510 infinitae,
2083 425 2289 513 immensae,

253 512 312 594 di,
344 507 492 578 verbum
516 529 619 576 suum
642 504 740 576 dedit
763 501 879 590 Deus,
911 506 950 574 in
979 501 1045 576 hoc
1070 507 1242 598 scriptura
1296 519 1329 578 ει
1346 522 1508 580 aeternae
1519 515 1791 601 consolationis,
1815 535 1849 592 et
1868 524 2089 614 foelicitatis,
2115 534 2286 627 adquam

253 625 372 682 sancta
397 609 537 702 prodita
558 619 628 689 est,
659 621 699 678 ut
719 607 879 701 quotidie
895 609 932 675 in
957 608 1159 698 cognitione
1175 605 1243 677 Dei
1296 604 1458 679 homines
1484 615 1638 702 conditi,
1671 633 1705 688 ει
1729 643 1750 690 a
1773 617 1848 692 Deo
1870 629 1984 697 vocati
2012 655 2154 714 sumus,
2180 649 2222 706 ιιι
2247 637 2285 706 in

253 736 466 797 crescamus,
498 723 538 780 ut
553 707 729 802 subinde,
749 711 844 802 quod
862 709 966 779 toties
980 709 1133 780 inculcat
1149 707 1243 780 Pau-
1296 705 1361 781 hac
1381 712 1452 782 vita
1474 717 1584 784 animi
1606 720 1719 790 nostri
1742 725 1950 798 erudiantur
1972 753 2034 821 per
2058 735 2227 822 verbum,
2253 751 2288 810 et

252 818 326 902 lus,
353 813 463 904 magis
483 835 523 880 ac
544 811 655 900 magis
671 809 891 902 proficientes
911 810 948 879 in
962 811 1164 902 cognitione
1179 836 1242 881 vo·
1293 828 1464 906 concepto
1495 815 1635 909 Spiritu
1670 835 1808 906 sancto,
1851 827 2101 906 illuminentur
2133 841 2287 910 subinde

251 917 400 989 luntatis
424 914 585 996 divinae,
615 911 786 982 laetemur
817 913 854 980 in
876 909 972 993 Deo,
1006 913 1240 1007 praesentiam
1294 915 1405 1003 magis
1419 917 1600 1013 magisque
1614 947 1695 992 vera
1711 926 1912 1014 cognitione
1924 930 2008 1015 Dei,
2036 952 2072 1007 ιιι
2088 934 2145 1008 bic
2160 925 2203 1010 in
2215 939 2287 1014 Ec-

156 998 165 1008 ³
251 1021 326 1091 eius
355 1019 392 1086 in
421 1013 777 1110 mirificis‘operihus
802 1015 989 1084 adoremus
1016 1029 1049 1086 et
1081 1039 1241 1084 reverea—
1293 1016 1397 1088 clesia
1421 1017 1567 1112 incipiat
1599 1027 1783 1096 renovatio
1813 1043 1848 1100 et
1878 1039 2085 1108 restauratio
2110 1043 2287 1138 collapsae

250 1145 350 1204 mur,
376 1135 416 1190 ut
431 1141 494 1210 per
509 1118 613 1186 iidem
630 1107 665 1185 ει
684 1117 867 1208 spiritum,
902 1129 1041 1206 gustum
1062 1121 1239 1208 quendam
1293 1131 1460 1206 naturae,
1493 1145 1640 1212 regnum
1664 1127 1863 1218 coelorum,
1896 1150 1931 1207 ει
1958 1137 2114 1228 iusticia,
2146 1163 2180 1216 et
2209 1149 2285 1220 vita

249 1223 485 1318 percipiamus
506 1219 599 1286 vitae
622 1229 802 1302 aeternae,
829 1232 870 1288 ut
885 1221 1028 1288 tandem
1047 1218 1240 1288 eluctantes
1292 1235 1451 1290 aeterna:
1477 1239 1517 1294 ut
1533 1228 1676 1295 tandem
1691 1228 1729 1296 in
1745 1231 1866 1302 futuro
1879 1241 2017 1322 seculo,
2044 1247 2196 1334 perfecte
2211 1251 2286 1320 lae.

249 1352 289 1398 er
312 1337 365 1395 tot
388 1321 554 1392 fluctibus
575 1333 610 1389 et
631 1319 795 1412 periculis
810 1321 929 1410 regni,
954 1321 1079 1390 mortis
1097 1333 1131 1389 ει
1150 1317 1240 1391 Dia'-
1292 1334 1409 1391 temur
1440 1324 1478 1391 in
1508 1323 1603 1409 Deo,
1645 1329 1782 1400 laeticia
1810 1339 1960 1428 quadam
1992 1343 2222 1420 inenarrabili
2251 1369 2287 1427 et

244 1427 340 1510 boli,
373 1445 592 1512 emergamus
616 1423 660 1490 ad
689 1421 878 1513 perlectam
900 1422 1139 1511 cognitionem
1161 1419 1240 1508 Dei,
1291 1423 1500 1512 glorificata,
1534 1428 1708 1498 ineffabili
1733 1445 1888 1507 torrente
1913 1445 2074 1516 omnium
2103 1453 2283 1526 bonorum

247 1545 356 1624 utque
372 1528 515 1597 tandem
532 1523 606 1594 Deo
622 1523 718 1613 ipso,
743 1525 837 1615 quod
862 1517 976 1594 maius
992 1524 1162 1616 quiddam
1177 1537 1240 1609 est,
1291 1523 1378 1610 Dei,
1408 1529 1567 1622 adeoque
1597 1533 1748 1621 perlecta
1769 1537 1948 1636 κοινωνίᾳ
1974 1561 2008 1617 ει
2031 1559 2285 1632 communione

246 1655 353 1726 quarn
390 1625 545 1698 humana
576 1639 692 1694 mente
726 1625 865 1716 concipi
895 1619 954 1695 hic
983 1638 1114 1716 potest,
1155 1625 1239 1710 vita,
1290 1623 1398 1720 (quae
1421 1628 1460 1696 in
1484 1624 1552 1699 hoc
1583 1644 1742 1724 ternpore
1767 1661 1872 1730 super
1896 1668 2037 1716 oannem
2064 1670 2203 1745 raptam
2230 1677 2283 1736 est

248 1732 381 1826 gloria,
413 1727 590 1811 claritate,
619 1749 659 1794 ac
683 1725 903 1796 beatitudine
918 1741 1060 1796 aeterna
1077 1727 1237 1817 perlrua-
1291 1724 1527 1800 humanarum
1568 1738 1758 1836 mentium)
1793 1743 2002 1824 divinitatis
2045 1759 2282 1844 perfruamur.

247 1857 340 1906 mur.
389 1829 439 1902 Et
462 1825 519 1899 hic
539 1828 682 1922 quidem
706 1828 787 1895 finis
810 1829 1072 1914 esthonornm,
1099 1825 1166 1898 hoc
1186 1841 1238 1898 est
1290 1827 1451 1900 Sciamus
1491 1855 1573 1922 ergo
1609 1829 1842 1929 Theologiam
1885 1871 1956 1917 nou
2000 1875 2074 1924 esse
2108 1861 2284 1936 eiusmodi

246 1937 339 2007 illud
363 1955 540 2003 summurn
563 1933 716 2014 bonnm,
742 1930 804 1998 illa
831 1953 913 2000 vera
938 1945 971 2000 ει
986 1930 1153 2000 omnibus
1169 1955 1237 2000 nu·
1290 1934 1468 2024 qua'ndarn
1491 1935 1812 2027 cognitiunculam,
1846 1970 1935 2040 quae
1957 1946 2040 2024 huie
2064 1965 2205 2032 mortali
2227 1969 2284 2037 vi.

247 2037 354 2109 meris
375 2034 536 2104 absoluta
566 2031 738 2124 sapientia
771 2056 876 2126 quarn
908 2033 1142 2126 requirimus,
1175 2033 1236 2101 illa
1289 2046 1345 2102 tae
1368 2045 1507 2104 tanturn
1530 2037 1736 2127 ancilletur,
1767 2045 2004 2122 cuiuscemodi
2023 2075 2106 2131 sunt
2122 2065 2283 2160 reliquae

245 2141 322 2212 sola
345 2151 379 2208 et
403 2137 554 2228 perlecta
577 2133 777 2218 beatitudo,
811 2135 855 2202 de
877 2159 947 2229 qua
969 2149 1065 2203 extra
1087 2135 1236 2204 verbum
1289 2147 1401 2221 artes,
1427 2159 1517 2228 quae
1540 2162 1639 2208 suam
1656 2155 1774 2212 tamen
1789 2145 1949 2237 laudern,
1980 2159 2131 2233 durante
2145 2160 2212 2237 hac
2226 2173 2283 2240 vi-

245 2237 314 2314 Dei
339 2237 577 2332 inquisierunt
598 2229 808 2326 Philosophi
840 2249 875 2306 et
899 2237 1075 2330 sapientes
1097 2235 1236 2306 mundi.
1289 2247 1344 2317 ta,
1367 2232 1516 2324 habent,
1541 2243 1601 2309 sed
1617 2241 1791 2314 eiusmodi
1811 2255 1989 2341 quandam
2006 2262 2179 2338 divinitus
2194 2297 2284 2362 pro-

247 2343 317 2416 Sed
331 2339 428 2412 Deus
445 2363 567 2431 passus
582 2350 633 2408 est
650 2361 709 2408 eos
730 2361 848 2408 errare
862 2339 966 2428 longe
982 2363 1001 2407 a
1018 2339 1098 2409 Deo
1117 2339 1154 2405 in
1170 2338 1236 2408 viis

246 2446 338 2535 suis,
363 2458 403 2514 ut
415 2441 547 2512 Paulus
562 2436 708 2510 indetis
722 2441 851 2533 inquit.
902 2439 994 2510 Vere
1006 2453 1123 2510 autem
1140 2439 1237 2508 illius

246 2547 434 2636 religions,
460 2557 493 2614 et
509 2539 748 2633 Theologiae,
775 2554 809 2612 ει
831 2543 964 2612 solidae
981 2543 1077 2612 illius
1096 2543 1237 2632 sapien-

245 2649 314 2723 tiae
329 2649 495 2718 inventor
518 2657 553 2714 et
575 2657 694 2727 autor,
719 2667 793 2712 non
816 2658 866 2716 εει
881 2643 1083 2714 Mercurius
1096 2644 1235 2738 aliquis,

245 2775 320 2821 non
346 2746 449 2818 heros
475 2746 650 2840 quispiam
673 2746 806 2826 clarus,
831 2771 906 2816 non
922 2739 1160 2837 Philosophus
1176 2769 1235 2814 ex-

246 2853 394 2938 cellens,
420 2851 479 2919 sed
496 2849 569 2940 ipse
585 2863 721 2918 creator
734 2849 894 2919 omnium
909 2873 1027 2920 rerum
1043 2845 1155 2934 Deus,
1181 2847 1235 2915 vi-

244 2979 311 3026 vus
328 2968 500 3036 etvetus,
525 2963 566 3020 nt
581 2949 703 3020 Esaias
721 2951 854 3044 inquit:
890 2949 964 3040 Qui
980 2951 1140 3020 condidit
1156 2973 1236 3018 coe-

245 3058 343 3141 lum,
378 3069 412 3125 et
428 3053 599 3126 stabilivit
615 3065 742 3121 terram
758 3067 822 3126 etc.
872 3049 919 3122 Et
936 3047 1132 3141 Theologia
1150 3045 1236 3121 haec

246 3182 349 3246 vera,
388 3179 462 3225 non
491 3167 543 3223 εει
572 3154 746 3222 eiusmodi
778 3155 951 3244 cognitio,
991 3167 1052 3224 ειιι
1079 3153 1236 3237 scientia,

245 3271 447 3350 comparata
478 3257 591 3324 sultam
625 3257 668 3324 ad
698 3256 805 3324 vitam
834 3251 926 3326 hanc
952 3269 1234 3325 momentaneam

244 3353 449 3456 ἡμερόβιον
472 3357 657 3450 strepitum
679 3381 817 3440 rerum,
850 3371 884 3428 et
902 3359 1094 3428 umbratile
1111 3363 1235 3454 σχῆμα
1268 3429 1281 3456 .

245 3459 353 3534 huius
367 3460 507 3532 mundi.
567 3456 877 3546 Quemadmodum
895 3455 1150 3547 architectura,
1175 3473 1236 3531 aut

245 3565 379 3636 similes
400 3577 508 3646 artes,
540 3573 677 3631 tantum
703 3562 746 3629 ad
769 3555 876 3631 huius
898 3562 989 3632 vitae
1011 3583 1112 3632 usum
1138 3587 1236 3632 com·

246 3681 388 3760 paratae
415 3677 515 3746 sunt,
547 3686 633 3754 quas
648 3663 749 3752 pauci
765 3663 908 3756 quidam
926 3665 1148 3754 perdiscunt,
1174 3667 1235 3734 sed

246 3772 291 3841 ad
307 3763 400 3838 hane
424 3763 661 3854 cognitionem
682 3787 800 3838 veram
816 3763 903 3848 Dei,
926 3767 969 3833 ad
990 3760 1081 3834 banc
1096 3767 1237 3857 sapien-

247 3871 332 3942 tiarn
349 3867 631 3961 percipiendam,
656 3888 779 3934 omnes
799 3861 960 3935 homiues
977 3879 1237 3958 superterram,

246 3985 431 4064 totumque
449 3991 559 4059 genus
574 3962 770 4037 humanum
787 3981 941 4037 creatum
958 3980 1027 4052 εει,
1052 3981 1157 4061 atque
1175 3969 1236 4039 illa

247 4075 369 4144 divina
396 4095 496 4141 mens
520 4067 693 4155 bominis,
725 4069 788 4137 illa
808 4069 1063 4158 elegantissima
1081 4071 1237 4162 corporis

247 4173 417 4254 humani,
461 4173 621 4242 omnium
668 4193 881 4260 organorum
917 4196 957 4242 ac
996 4173 1236 4242 membrorum

248 4275 481 4360 constructio,
507 4295 579 4342 non
597 4273 634 4340 in
651 4269 719 4341 hoc
734 4286 786 4342 est
801 4273 962 4353 condita,
988 4286 1028 4342 ut
1043 4273 1157 4342 solum
1179 4299 1237 4346 ar-

248 4393 300 4451 tes
317 4379 414 4458 illas,
442 4401 531 4470 quae
556 4399 627 4442 non
650 4375 719 4442 nisi
737 4368 820 4444 huic
838 4374 980 4444 mortali
998 4375 1089 4444 vitae
1107 4389 1140 4446 et
1159 4401 1237 4446 cor-

1288 2339 1399 2406 ditam
1418 2341 1648 2431 sapientiam,
1673 2348 1716 2414 ad
1735 2367 1842 2440 quam
1860 2357 2144 2454 percipiendam,
2170 2365 2281 2446 homo

1288 2438 1393 2509 initio
1417 2443 1599 2530 conditus,
1634 2461 1780 2539 propter
1806 2477 1911 2546 quarn
1935 2460 2078 2535 divinae
2108 2475 2282 2561 particula

1288 2565 1394 2611 aurae
1415 2539 1472 2638 (ut
1492 2543 1601 2618 Poe’ta
1628 2548 1761 2646 inquit)
1786 2567 1819 2624 ει
1834 2555 1924 2626 illud
1941 2579 2059 2654 pectus
2076 2571 2280 2648 coelestium

1287 2667 1407 2713 rerum
1431 2669 1557 2736 capax,
1591 2649 1655 2719 illa
1682 2675 1781 2722 rnens
1809 2659 1906 2728 coelo
1936 2667 2067 2740 ducens
2093 2675 2281 2768 originem,

1288 2747 1394 2816 nobis
1410 2745 1523 2819 indita
1539 2763 1602 2822 est.
1662 2749 1704 2821 ln
1719 2779 1950 2856 quaecunque
1965 2791 2047 2858 ergo
2065 2774 2157 2844 vitae
2171 2803 2281 2869 gene-

1287 2871 1327 2916 ra
1351 2847 1447 2918 varia
1470 2863 1656 2942 tempestas
1680 2849 1785 2926 huius
1808 2861 1900 2931 vitae
1919 2870 2083 2943 coniiciat
2104 2871 2282 2971 homines,

1288 2949 1361 3018 sive
1388 2947 1480 3019 luris
1502 2955 1731 3044 prudentiae,
1762 2959 1837 3030 sive
1858 2964 1910 3032 rei
1934 2967 2112 3058 Medicae,
2134 2982 2208 3052 sive
2226 2989 2281 3057 rei

1287 3051 1435 3154 militari
1461 3057 1546 3125 dent
1570 3079 1732 3148 operam,
1764 3061 1837 3132 sive
1861 3065 1899 3134 in
1919 3065 2169 3168 Philosophico
2187 3089 2282 3176 ocio,

1287 3153 1361 3222 sive
1379 3150 1517 3243 Repnb.
1532 3173 1734 3243 versemur,
1758 3176 1876 3234 tamen
1891 3170 1960 3238 nisi
1976 3199 2033 3260 ea,
2061 3203 2139 3249 cum
2155 3183 2282 3259 Theo-

1288 3253 1380 3343 logia
1396 3257 1584 3328 coniuncta
1603 3255 1775 3348 habeant,
1801 3267 1912 3340 sciant
1924 3295 1960 3340 se
1977 3299 1996 3344 a
2012 3279 2133 3352 diviua
2149 3299 2182 3356 et
2197 3315 2282 3361 coe-

1288 3355 1365 3426 lesti
1389 3357 1526 3446 origine
1555 3361 1790 3450 degenerasse.
1849 3365 2173 3478 Quantumcunque
2194 3415 2282 3484 ergo

1288 3458 1328 3526 in
1351 3473 1586 3549 tempestuoso
1614 3465 1704 3534 mari
1727 3461 1835 3538 huius
1861 3473 1954 3544 vitae
1975 3479 2283 3584 circumerremus,

1289 3583 1390 3650 saepe
1414 3561 1519 3630 etiam
1543 3565 1810 3655 naufragemur,
1843 3573 1929 3643 dum
1953 3572 2011 3650 bic
2036 3585 2282 3668 sollicitudine

1288 3663 1402 3730 victus
1429 3675 1633 3756 torquetur,
1667 3662 1725 3736 hic
1747 3670 1804 3740 siti
1826 3673 1976 3762 gloriae,
2004 3695 2123 3757 tamen
2148 3693 2187 3762 in
2211 3693 2282 3772 hoc

1288 3777 1394 3855 portu
1408 3765 1700 3856 acquiescendum
1715 3783 1782 3855 est,
1803 3786 1920 3845 tamen
1935 3781 2003 3852 nisi
2018 3787 2181 3886 initium,
2204 3825 2284 3869 me-

1289 3862 1407 3944 dium,
1430 3865 1511 3932 finis
1526 3861 1761 3940 humanarum
1778 3899 1895 3946 rerum
1912 3882 1957 3952 sit
1972 3883 2185 3981 theologia,
2208 3901 2282 3973 iarn

1290 3961 1454 4034 homines
1476 3990 1549 4036 esse
1572 3971 1761 4059 desiimus,
1792 3990 1826 4046 et
1850 3981 1922 4050 vita
1945 4001 2086 4060 estnon
2110 3989 2285 4091 hominis,

1290 4069 1350 4136 sed
1379 4067 1577 4144 beluarum.
1641 4070 1748 4144 Nulla
1788 4101 1935 4173 usquam
1973 4111 2055 4180 ergo
2093 4107 2283 4192 occupatio

1290 4169 1433 4259 dignior
1453 4165 1614 4259 humine,
1647 4176 1746 4245 nulla
1776 4177 1975 4274 liberalior,
2010 4195 2109 4265 nulla
2133 4203 2284 4280 scientia

1290 4285 1349 4342 aut
1374 4272 1528 4360 cognitio
1545 4276 1786 4364 excellentior,
1819 4307 1924 4376 quam
1945 4295 2100 4382 cognitio
2115 4325 2195 4374 vera
2210 4305 2284 4380 Dei

1291 4388 1323 4442 et
1340 4373 1534 4462 religionis.
1590 4375 1740 4470 Propter
1755 4376 1846 4454 hanc
1862 4387 1965 4460 initio
1980 4392 2095 4467 Adam
2112 4409 2285 4482 conditus
2342 4439 2343 4448 ¹

247 4482 326 4575 pori
345 4479 520 4561 serviunt,
546 4490 719 4559 exerceat,
744 4478 803 4544 sed
820 4489 861 4545 ut
876 4475 1050 4544 infinitam
1066 4478 1163 4545 illam
1181 4501 1237 4547 sa·
1290 4488 1343 4545 est
1365 4498 1405 4542 rx
1427 4475 1527 4563 gleba
1552 4489 1584 4546 et
1608 4480 1752 4570 pulvere
1769 4499 1898 4558 terrae:
1933 4513 2078 4588 propter
2094 4497 2184 4577 hanc
2200 4505 2281 4584 Eva

247 4583 417 4678 pientiam
434 4594 467 4650 ει
484 4579 677 4648 honitatem
696 4575 765 4647 Dei
783 4591 986 4666 cognoscat,
1012 4593 1046 4648 et
1059 4581 1237 4668 magnitu-
1290 4577 1400 4668 ipsius
1415 4577 1477 4646 Dei
1494 4582 1660 4654 creatoris
1675 4585 1822 4656 mirifico
1843 4615 1950 4680 opere
1964 4621 2004 4666 ex
2022 4615 2116 4674 costa
2130 4616 2282 4685 masculi
2341 4599 2342 4606 ἵ

248 4686 368 4756 dinem
384 4695 418 4751 ει
434 4680 637 4750 varietatem
654 4693 688 4751 ει
703 4679 885 4748 mirificam
903 4679 1001 4747 iilam
1018 4679 1056 4747 in
1071 4681 1238 4751 omnibus
1290 4679 1424 4768 sculpta
1449 4691 1483 4747 et
1512 4682 1689 4754 aedificata
1717 4701 1768 4757 εει
1795 4689 1832 4757 in
1858 4693 2048 4769 formosam
2074 4705 2282 4794 foeminam.
2340 4765 2341 4790 ι

248 4787 321 4856 vim
346 4799 451 4877 atque
474 4782 666 4874 potentiam
695 4781 873 4872 operantis
896 4778 964 4849 Dei
985 4783 1238 4873 contemplans,
1291 4777 1367 4849 Etsi
1391 4781 1511 4848 forsan
1534 4784 1688 4872 primum
1710 4789 1909 4862 auditorem
1930 4793 2198 4898 scholasticum,
2232 4819 2284 4890 si.

248 4889 288 4958 in
304 4885 380 4958 Deo
397 4899 431 4956 et
446 4885 612 4954 omnibus
628 4884 796 4974 operibus
812 4882 879 4953 Dei
899 4881 1065 4963 laetetur,
1093 4898 1127 4953 et
1141 4907 1237 4954 surn-
1292 4881 1366 4951 rnul
1393 4894 1427 4951 et
1455 4879 1646 4955 Ductorem
1672 4883 1888 4982 Theologiae
1918 4903 2150 4998 requirimus,
2180 4911 2283 4992 hunc
2339 4939 2340 4958 ¹

249 5015 307 5060 ma
336 4987 549 5058 exrrltatione
579 4999 614 5054 et
642 4984 819 5054 alacritate
854 4985 981 5074 gratias
1012 4998 1109 5073 agat,
1149 4987 1239 5058 sicut
1290 4984 1440 5053 sciamus
1463 5007 1629 5073 magnum
1654 5007 1834 5082 parentem
1856 4997 1963 5070 fuisse
1985 5003 2183 5098 Adamum,
2216 5023 2284 5114 qni
2338 5057 2339 5092 a

248 5087 412 5162 Christus
436 5090 510 5180 ipse
530 5085 707 5157 Dominus
731 5099 849 5156 noster
867 5085 966 5156 brevi
987 5099 1020 5156 et
1035 5087 1237 5176 gravissima
1292 5087 1406 5177 ipsum
1420 5084 1537 5154 Deum
1561 5092 1768 5180 magistrum
1788 5092 1933 5188 babuit,
1958 5108 2020 5198 qui
2040 5125 2121 5182 ante
2140 5117 2282 5212 lapsum
2338 5095 2339 5131 a

250 5194 422 5262 sententia
446 5191 547 5260 dicit:
582 5187 678 5258 Haec
699 5203 751 5258 est
773 5201 913 5258 aeterna
935 5187 1025 5272 vita,
1052 5203 1091 5258 ut
1108 5213 1237 5280 cogno·
1291 5189 1452 5278 perinsus
1485 5186 1622 5282 Spiritu
1655 5209 1797 5282 sanctu,
1835 5193 1916 5272 vere
1949 5206 2169 5288 illuminatus
2211 5225 2284 5299 suit

250 5275 345 5366 scant
360 5307 394 5362 ιι·
407 5317 528 5361 verum
544 5291 674 5371 Deum,
702 5304 736 5360 et
750 5289 992 5382 quemmisisti
1005 5287 1118 5359 lesum
1132 5287 1239 5362 Chri·
1290 5285 1513 5378 Tireologns,
1546 5318 1615 5385 quo
1651 5297 1729 5366 viro
1758 5294 1816 5370 hic
1844 5305 1896 5374 sol
1927 5303 2019 5380 nihil
2044 5321 2176 5406 aspexit
2201 5343 2285 5415 post

250 5413 360 5480 stnm;
398 5396 432 5463 id
457 5409 525 5464 est:
560 5387 646 5462 haec
670 5405 721 5463 est
751 5393 824 5462 vita
850 5391 931 5478 illa,
964 5391 1058 5462 salus
1088 5391 1171 5480 itta,
1205 5409 1239 5466 et
1291 5392 1405 5483 ipsum
1421 5389 1602 5464 Christum
1618 5403 1862 5490 praestantius.
1915 5405 2190 5494 SienirnAdam
2204 5452 2282 5500 non
2334 5455 2335 5460 ¹
