4688 5826
83 319 93 334 ,
186 183 294 314 ¹eoo
674 201 1789 307 oaeneournauuernrcosuuntcos
2051 171 2064 184 '¹
2171 227 2258 304 cot

219 411 359 504 copiose
374 417 410 480 et
426 399 624 480 luculenter
640 393 845 468 dictumsit.
893 386 943 468 Εἰ
957 393 1092 490 alioqui
1107 391 1209 468 utili-
1256 395 1420 472 aliorum.
1454 393 1590 472 Scitum
1614 409 1666 470 est
1685 396 1781 470 enim
1796 397 1943 470 ‘landem
1966 423 2008 470 ex
2026 397 2180 477 aliorum
2198 399 2258 470 vi.
2336 471 2337 480 ἵ

218 529 308 590 tates
320 507 429 582 huius
444 503 530 578 artis
545 501 593 574 ita
606 511 691 572 sunt
704 498 744 570 iu
756 511 945 592 conspectu
960 497 1146 584 omnibus,
1168 509 1211 570 ut
1257 498 1479 592 tuperatione
1501 523 1688 594 quaerere,
1712 501 1811 578 domi
1834 525 1917 575 suae
1940 517 2113 596 apparant
2138 527 2258 574 reme-

185 681 188 698 .
220 621 297 690 iure
318 607 515 686 censendus
535 605 583 676 sit
601 599 876 693 ingratissimus,
897 599 928 672 si
945 599 1025 694 quis
1041 623 1117 672 non
1134 622 1211 668 me-
1259 601 1334 688 dia,
1359 613 1399 672 ut
1415 603 1571 672 reddant
1596 601 1748 674 aliorum
1772 627 1914 696 operam
1937 620 2151 696 suspectam,
2178 606 2259 675 cal-

221 717 343 790 minit:
377 707 501 800 Magni
528 719 647 780 autem
675 702 812 794 negocii
838 715 890 772 est
911 716 1086 792 praestare
1108 701 1147 772 iu
1170 723 1209 772 re
1258 703 1330 776 lide
1352 703 1542 774 observant
1565 703 1719 776 affectus·
1732 719 1977 794 aegrotorum,
2003 721 2064 782 eut
2087 707 2258 794 istorum,

221 834 306 905 ¹³⁰¹ss
333 829 366 888 ‘l
394 809 620 906 Wffilffllfs
650 829 696 876 Μ
722 804 924 876 infidiam!
948 803 1077 880 ontio.
1132 797 1208 892 Ego
1259 803 1388 898 quibus
1412 803 1544 896 aegroti
1567 799 1665 876 chari
1688 819 1789 890 sttnt,
1823 809 1867 878 ad
1890 801 1955 878 hos
1978 807 2162 896 alludunt,
2195 803 2259 880 his

220 924 329 1016 igitur
340 914 409 988 hoc
421 929 579 1004 tempore
593 907 722 980 omissa
736 905 942 976 laudatione
955 919 1096 976 nostrae
1111 903 1209 988 artis,
1261 907 1506 998 parasitantur.
1558 905 1598 992 Si
1621 907 1658 976 in
1680 907 1816 998 magnis
1837 909 2023 1000 periculis,
2058 911 2117 980 alli
2143 911 2258 982 simul

221 1024 346 1096 seriam
363 1017 542 1112 quandam
558 1010 736 1106 querelam
750 1001 820 1078 huc
834 1007 961 1078 afferre
974 1006 1128 1092 decrevi,
1153 1005 1209 1076 vel
1259 1005 1410 1079 adhibiti
1426 1009 1572 1094 fuerint,
1598 1003 1656 1078 hic
1670 1011 1840 1102 quaedam
1857 1035 1876 1082 a
1890 1011 2023 1102 collega
2038 1012 2159 1092 furati,
2185 1038 2257 1105 pro

220 1140 261 1199 ut
274 1122 453 1216 auditores
467 1109 824 1190 commonefacerem,
848 1123 889 1180 ut
902 1103 994 1181 banc
1009 1123 1120 1182 artem
1133 1131 1209 1179 ma·
1261 1111 1416 1202 propriis
1448 1111 1538 1182 clam
1571 1112 1787 1194 obtrudunt,
1819 1127 1858 1184 ut
1884 1113 2037 1204 collegae
2062 1109 2259 1186 detrahant

221 1230 296 1300 iore
317 1221 489 1312 religione
506 1225 714 1298 tractarent,
737 1211 793 1282 vel
811 1225 921 1294 certe,
945 1227 985 1284 ut
1000 1209 1116 1284 dolori
1132 1233 1209 1278 meo
1260 1213 1384 1298 fidem,
1410 1237 1490 1284 cum
1513 1215 1703 1290 succedunt
1726 1213 1824 1300 aliis,
1850 1215 2004 1284 remedia
2028 1216 2258 1306 aptioribus

221 1347 357 1400 morem
380 1343 554 1414 gererem;
579 1338 705 1410 quem,
730 1336 802 1406 quo
825 1313 960 1384 diutius
979 1313 1019 1382 in
1040 1323 1209 1384 artever·
1260 1313 1389 1405 scripta
1419 1309 1567 1386 trahunt
1596 1317 1738 1400 eadem,
1770 1318 1828 1386 sed
1856 1317 1994 1398 fucata,
2024 1339 2069 1386 ne
2093 1317 2257 1410 imperiti

222 1455 298 1511 sor,
340 1440 372 1496 et
402 1421 610 1513 dignitatem
637 1413 988 1510 magnitudinemque
1019 1414 1095 1486 eius
1124 1436 1210 1506 pro·
1260 1429 1461 1509 agnoscant.
1514 1414 1661 1512 Siquid
1685 1417 1871 1486 bonaerei
1894 1417 2029 1508 evenit,
2055 1419 2258 1488 landemin

223 1525 469 1629 piusaspicio,
494 1517 653 1615 quotidie
667 1517 837 1588 maiorem
851 1517 1029 1610 concipio,
1052 1539 1133 1586 cum
1147 1539 1209 1584 co·
1261 1539 1297 1586 se
1326 1518 1563 1604 transferunt,
1597 1519 1625 1588 si
1656 1519 1742 1612 quid
1771 1543 1869 1590 secus
1891 1519 2035 1604 accidit,
2067 1521 2261 1593 derivatur

222 1638 295 1728 gito
319 1653 395 1700 eam
417 1627 463 1698 ab
484 1619 661 1694 illiteratis
683 1617 953 1708 impostoribus,
982 1639 1208 1709 magnacum
1261 1619 1377 1690 omnis
1400 1620 1502 1711 culpa
1525 1621 1562 1690 in
1587 1621 1687 1690 alios.
1736 1617 1785 1692 Et
1807 1622 1975 1714 quoniam
2000 1620 2036 1690 in
2061 1615 2127 1692 hac
2152 1623 2261 1691 vani-

223 1732 378 1832 pernicie
407 1714 595 1798 homindm
621 1721 793 1802 exerceri,
826 1719 890 1814 qui
911 1721 1154 1792 contaminant
1177 1729 1211 1787 et
1260 1735 1332 1792 tate
1348 1722 1570 1811 ingeniorum
1587 1717 1844 1803 humanorum,
1871 1723 2128 1815 praedictiones
2144 1724 2257 1794 etiam

140 1909 149 1918 ,
223 1842 598 1922 corrumpuntartem.
647 1818 1079 1923 thuoniamexhorum
1097 1819 1209 1890 mori·
1261 1814 1644 1916 requirunt-homines,
1671 1825 1888 1918 maximeque
1904 1826 2052 1916 aegroti:
2080 1839 2120 1894 nt
2134 1827 2258 1895 cretio.

222 1945 289 2016 bus
305 1950 339 2006 el
355 1932 476 2015 ἷῦθῑῖὅ,
498 1925 603 1999 multi
618 1927 663 1996 de
681 1937 752 1996 ¹⁰¹⁸
768 1922 983 2018 t³r⁰f‘⁸⁸i⁰¹¹e
998 1923 1209 2004 ‘xitllffltssb
1261 1926 1308 1996 sis
1331 1925 1565 2010 satisfaciant,
1586 1925 1745 1996 iactitant
1769 1948 1805 1996 se
1829 1939 1921 1996 astra
1939 1925 2142 2012 consulere,
2169 1951 2257 1996 cum

224 2063 326 2112 “²¹³²
349 2028 640 2106 d⁰⁰lfl¹1³⁰f¹d⁰⁸
663 2025 1032 2096 indlttrlmessvenit·
1081 2021 1131 2098 Ut
1145 2047 1210 2094 au·
1262 2026 1406 2120 quidem
1429 2051 1504 2098 non
1524 2051 1566 2097 ex
1580 2029 1702 2112 astris,
1726 2029 1787 2096 sed
1804 2052 1845 2096 ex
1862 2027 2073 2098 coniecturis
2086 2051 2258 2120 praesen.

224 2159 295 2217 tem
308 2137 449 2231 Apelles
464 2133 588 2226 pictor,
613 2128 643 2198 si
660 2127 883 2222 praecipuam
898 2128 1052 2222 aliquam
1064 2148 1210 2196 suarum
1262 2130 1357 2200 tibus
1378 2129 1625 2200 vaticinentur.
1684 2126 1851 2198 vidimus
1873 2129 1977 2198 etiam
2001 2129 2062 2222 qui
2085 2127 2259 2220 Magicen

223 2242 424 2318 tabularum
448 2233 653 2306 collocatam
676 2228 808 2302 illustri
829 2229 929 2314 loco,
958 2227 1150 2299 deformari
1171 2249 1212 2296 ae
1261 2227 1495 2316 adhibebant,
1531 2229 1595 2324 qui
1624 2254 1665 2300 er
1692 2229 1796 2300 urina
1819 2255 1892 2298 non
1916 2229 2031 2300 solum
2056 2231 2102 2300 de
2126 2235 2260 2302 morbo

225 2341 361 2438 aspergi
391 2341 467 2409 luto
495 2313 650 2418 vttfrec,
681 2331 835 2402 marimo
857 2332 982 2402 dolore
1003 2331 1211 2412 alliceretur,
1261 2331 1487 2416 divinabant,
1526 2333 1584 2402 sed
1615 2333 1809 2402 narrabant
1840 2345 2005 2417 aetatem,
2044 2333 2260 2422 dignitatem

224 2460 369 2542 propiet
385 2440 470 2512 ³15⁸
483 2433 751 2508 contumeliam:
777 2433 826 2503 ita
839 2457 896 2502 tue
910 2455 1052 2528 quoqne
1066 2431 1228 2500 misera-¹
1262 2435 1371 2517 vitae,
1394 2433 1545 2504 formam
1564 2432 1715 2522 aegroti,
1739 2431 1877 2502 etiamsi
1895 2446 1983 2505 esset
2000 2431 2261 2522 ignotissimus.

225 2552 275 2622 tio
295 2546 465 2640 quaedam
485 2539 600 2620 subit,
625 2538 823 2606 intuentem
844 2558 951 2627 quam
971 2533 1117 2624 indigne
1139 2545 1212 2602 tra·
1262 2533 1413 2604 Talibus
1432 2534 1588 2604 artificiis
1610 2533 1881 2606 admirationem
1902 2533 1972 2606 sibi
1992 2536 2152 2624 pariunt,
2178 2561 2259 2606 non

225 2665 321 2724 erent
339 2643 556 2718 Medicinam
579 2636 769 2710 histriones
790 2635 955 2728 quidam,
981 2635 1044 2730 qui
1065 2657 1102 2704 se
1123 2657 1212 2702 ven·
1262 2636 1407 2706 scientia
1430 2637 1615 2722 medendi,
1639 2649 1674 2708 et
1694 2635 1920 2708 concurritur
1939 2638 1983 2706 ad
2001 2631 2066 2706 hos
2081 2637 2259 2728 imposto-

225 2755 344 2825 ditaut
363 2771 428 2840 pro
443 2738 616 2824 Medicis,
642 2762 723 2808 cum
744 2750 854 2808 artem
877 2735 1213 2832 nunquamdidice-
1262 2761 1336 2822 res,
1363 2737 1454 2810 sicut
1478 2736 1658 2808 concurrit
1680 2737 1832 2830 populus
1853 2738 1896 2806 ad
1918 2752 2073 2824 sanctos3
2107 2763 2189 2808 nam
2214 2733 2259 2806 hi

225 2857 311 2926 ‘5¹¹¹-
375 2847 500 2940 Ne‘1¹¹¹‘
529 2863 699 2935 ¹¹⁸¹l¹¹⁸¹¹¹s
736 2837 884 2932 ⁰Pl¹¹⁰¹2
925 2833 1018 2910 bfflss
1044 2837 1213 2909 inluviem
1262 2861 1404 2935 quoque
1426 2839 1593 2911 videntur
1613 2863 1772 2910 exercere
1797 2837 2035 2924 Medicinam,
2060 2841 2105 2910 ad
2123 2838 2160 2912 S.
2180 2837 2257 2910 Va.

226 2956 311 3031 artis
327 2949 453 3022 iustius
466 2943 650 3037 deplorare
662 2963 800 3034 queam,
821 2963 927 3033 quarn
942 2941 1036 3032 apud
1053 2965 1126 3027 vos,
1151 2943 1213 3035 qui
1263 2942 1459 3026 lentinum,
1490 2939 1633 3026 Vitum,
1665 2931 1889 3012 'Genofefam
1943 2938 2040 3030 Quid
2062 2955 2113 3012 est
2132 2954 2256 3012 autern

226 3081 307 3131 cum
336 3050 542 3140 dignitatem
571 3057 676 3138 atque
703 3043 776 3112 vim
798 3041 1031 3112 maximarum
1055 3041 1215 3134 discipli·
1263 3042 1462 3133 indignius,
1493 3065 1599 3135 quam
1628 3041 1961 3132 praestantissimam
1984 3058 2094 3112 artem
2120 3043 2263 3112 divini-

228 3181 354 3230 narum
369 3146 589 3240 intelligatis,
613 3146 691 3216 iure
705 3167 761 3214 me
774 3137 986 3216 stomachari
1001 3144 1215 3221 iudicabitis.
1262 3160 1319 3216 tus
1338 3157 1513 3214 ostensam
1535 3138 1692 3212 humano
1713 3154 1850 3233 generi,
1876 3146 1919 3214 ad
1944 3145 2049 3214 vitam
2073 3145 2261 3228 tuendam,

227 3258 275 3333 Et
296 3261 442 3328 fortasse
465 3253 509 3322 de
526 3250 599 3318 auis
615 3247 751 3318 artibus
766 3244 959 3336 cogitantes
974 3245 1125 3336 singuli,
1147 3249 1215 3318 do-
1263 3245 1502 3317 contineutem
1529 3245 1727 3316 doctrinam
1749 3245 1899 3314 maxime
1919 3243 2124 3330 liberalem,
2154 3247 2261 3315 vide-

227 3361 353 3436 lebunt
382 3356 420 3426 in
451 3373 638 3424 commune
667 3347 779 3418 vicem
810 3347 972 3430 omnium
1003 3348 1215 3436 studiorum,
1262 3349 1364 3432 licet,
1403 3359 1551 3418 naturae
1578 3370 1767 3438 corporum
1797 3345 2059 3436 cognitionem,
2098 3348 2144 3418 ita
2174 3369 2261 3416 cor.

228 3486 308 3536 cum
324 3456 540 3551 reputabunt
553 3449 647 3524 nulli
662 3447 873 3543 professioni
889 3452 1008 3522 deesse
1023 3443 1091 3520 hoc
1104 3473 1215 3541 genus
1263 3447 1381 3542 rumpi
1397 3463 1432 3520 et
1446 3448 1656 3532 adulterari,
1681 3449 1836 3518 admixta
1852 3448 1908 3516 vel
1924 3471 2085 3540 perversa
2101 3449 2261 3542 quadam

228 3563 468 3638 histrionum„
514 3551 592 3648 Ego
624 3576 707 3622 vero
737 3550 802 3622 etsi
830 3565 976 3643 propter
1005 3552 1213 3642 dignitatem
1262 3547 1473 3630 Rhetorica,
1500 3549 1555 3620 vel
1578 3551 1710 3639 magia,
1736 3549 1792 3618 vel
1814 3544 1882 3620 hoc
1907 3571 2018 3639 genus
2041 3547 2120 3620 aliis
2139 3549 2261 3642 impo-

229 3667 429 3740 studiorum
449 3682 490 3730 ac
512 3658 714 3740 literarum,
739 3653 845 3725 ctiam
861 3654 1012 3726 aliarum
1027 3655 1216 3746 professio·
1263 3653 1382 3726 stnris.
1433 3650 1543 3742 Leges
1573 3653 1661 3722 dant
1689 3652 1866 3723 actionem
1897 3665 2020 3722 contra
2052 3652 2149 3736 illos,
2189 3653 2259 3744 qui

229 3793 317 3842 num
336 3767 447 3836 abusu
464 3780 707 3841 commoveor,
729 3768 847 3826 tamen
860 3755 999 3826 omissis
1013 3756 1110 3840 aliis,
1136 3769 1216 3827 tan-
1264 3757 1477 3825 adulteratas
1505 3775 1636 3822 merces
1661 3754 1839 3836 vendunt,
1870 3765 1905 3822 et
1929 3752 2060 3822 atrocia
2082 3753 2261 3844 supplicia

231 3889 308 3946 tum
328 3869 372 3938 de
394 3886 471 3934 mea
494 3874 568 3932 arte
592 3858 728 3942 dicam,
752 3878 842 3948 quae
863 3879 934 3949 quo
950 3857 1165 3928 fructuosior
1182 3872 1217 3930 et
1266 3857 1304 3926 in
1324 3877 1382 3925 eos
1404 3853 1635 3925 constituunt.
1686 3853 1736 3925 At
1757 3852 1814 3924 isti
1837 3848 2027 3924 histriones
2043 3853 2264 3942 Medicinae,

231 3971 363 4064 gratior
385 3980 436 4036 est
456 3958 682 4041 homiuibus,
710 3981 754 4030 eo
775 3955 895 4048 plures
917 3952 1043 4042 habet,
1076 3959 1140 4052 qui
1162 3958 1213 4028 fa.
1267 3983 1331 4050 pro
1359 3981 1499 4028 ,ummo
1531 3955 1680 4040 sceqer„
1710 3955 1876 4025 ,mserum
1903 3956 2055 4026 maxima
2089 3956 2262 4048 praemia,

232 4097 326 4144 mam
342 4069 427 4143 artis
442 4065 617 4136 affectant.
668 4057 812 4132 Nullius
826 4060 963 4149 generis
979 4059 1122 4132 artificis
1137 4061 1218 4154 plu-
1265 4062 1431 4130 feruntur
1451 4058 1489 4126 in
1512 4057 1642 4142 oculis,
1668 4057 1836 4128 coluntur
1851 4081 1870 4126 a
1887 4057 2037 4148 populo,
2062 4060 2265 4128 adorantur

233 4199 288 4247 res
311 4169 554 4261 reperiuntur,
586 4187 693 4260 quarn
716 4159 862 4237 Medici.
913 4158 983 4234 Sed
1009 4183 1133 4252 magna
1155 4175 1220 4248 est,
1267 4177 1435 4254 tanquam
1452 4158 1629 4244 Semidei,
1654 4161 1814 4248 mercede
1836 4157 1987 4228 maxima
2009 4149 2265 4230 cohducuntur

233 4293 273 4352 ut
286 4268 529 4348 Iurisconsulti
541 4267 677 4349 dicunt,
702 4263 873 4334 artificum
886 4263 1096 4340 differentia.
1126 4263 1218 4354 Qui·
1268 4287 1349 4334 cum
1373 4285 1511 4331 summo
1529 4261 1704 4351 periculo:
1729 4283 1831 4352 saepe
1849 4260 1943 4328 enim
1963 4259 2118 4332 vidimus
2135 4283 2262 4352 aegro-

234 4383 317 4450 dam
333 4372 543 4468 profitentur
559 4381 688 4450 artem,
714 4365 928 4456 pollicentur
944 4359 1148 4436 hominibus
1165 4389 1221 4436 sa·
1269 4380 1324 4436 tos
1352 4365 1436 4432 dare
1460 4385 1590 4454 poenas
1614 4361 1772 4434 inscitiae
1797 4375 1832 4432 et
1854 4361 2021 4430 audaciae
2046 4357 2174 4432 horum
2202 4358 2262 4432 hi-

235 4482 345 4551 lutem
368 4477 406 4544 in
430 4471 592 4540 maximis
613 4467 798 4562 periculis,
823 4491 903 4536 cum
925 4491 1108 4559 uunquam
1126 4469 1221 4538 didi·
1270 4467 1457 4539 strionum.
1507 4461 1657 4534 Etcum
1680 4464 1791 4534 multa
1807 4465 2029 4555 prognostica
2048 4465 2266 4556 colligantur

236 4583 363 4654 cerint:
396 4575 457 4646 sed
480 4571 612 4642 alicubi
636 4571 674 4638 in
698 4568 923 4662 myropoliis,
955 4583 1016 4637 aut
1037 4570 1223 4638 tonstrinis
1271 4571 1316 4639 ab
1337 4567 1505 4636 omnibus
1523 4565 1817 4650 circumstantiis,
1852 4566 2004 4656 afigura
2028 4567 2207 4658 corporis,
2242 4591 2265 4638 a

236 4683 454 4760 servierunt,
475 4675 539 4745 ubi
560 4671 857 4762 transcripserunt
872 4671 1043 4762 quaedam
1058 4673 1223 4756 remedia,
1271 4684 1370 4761 gestu
1394 4669 1545 4757 aegroti,
1578 4692 1599 4738 a
1624 4668 1731 4748 locis,
1763 4665 2033 4756 aregionibus,
2064 4691 2106 4738 ex
2130 4668 2266 4762 quihus

236 4805 389 4881 quorum
406 4801 521 4870 neque
534 4796 674 4857 causas,
696 4795 810 4864 neque
826 4770 919 4839 vires
933 4786 1083 4857 norunt,
1109 4797 1223 4866 neque
1274 4771 1423 4842 iudicari
1449 4770 1493 4838 de
1515 4770 1612 4840 exitu
1634 4767 1753 4840 morbi
1777 4782 1907 4859 potest:
1941 4763 2031 4838 mihi
2057 4781 2176 4840 tamen
2200 4771 2266 4840 vix

177 4917 179 4922 ·
238 4887 369 4983 quoin
394 4878 641 4950 locovaleant.
692 4871 814 4967 Neque
830 4897 913 4944 vero
930 4886 1002 4943 tam
1018 4875 1115 4944 stulti
1132 4888 1225 4961 sunt,
1274 4875 1370 4944 aliud
1393 4873 1533 4962 siguum
1558 4871 1686 4942 certius
1712 4869 1857 4942 exitium
1881 4871 2094 4962 portendere
2110 4871 2267 4958 videtur,

237 5005 278 5060 ut
301 4984 366 5058 hoc
388 4979 664 5054 instrumentum
685 4977 729 5046 ad
744 4974 1036 5045 existimationem
1054 4975 1226 5066 colligeu-
1275 4999 1380 5069 quam
1409 4975 1440 5044 si
1469 4973 1549 5044 talis
1572 4968 1698 5044 histrio
1722 4966 1905 5043 adhibitus
1926 4971 2044 5046 fuerit.
2107 4969 2269 5064 Vulgare

238 5105 320 5162 dam
343 5087 428 5160 satis
451 5101 524 5152 esse
546 5093 686 5174 putent:
713 5079 774 5148 sed
796 5091 1006 5146 mutuantur
1031 5071 1226 5152 etheto.
1276 5092 1343 5161 ρει,
1366 5090 1477 5145 artem
1500 5089 1656 5146 exerce„
1677 5075 1739 5166 qui
1763 5073 1898 5144 didicit·
1947 5071 2060 5144 Nemo
2079 5075 2174 5144 enim
2192 5089 2268 5146 tam

238 5193 312 5266 rica
335 5189 418 5259 alias
443 5185 612 5278 quasdam
637 5197 749 5264 artes,
772 5203 836 5271 pec
857 5201 944 5271 quas
967 5179 1094 5268 magis,
1121 5205 1225 5274 quam
1277 5179 1464 5269 impudens
1493 5191 1562 5256 est,
1596 5191 1635 5248 ut
1668 5176 1826 5274 profiteri
1849 5173 2026 5247 Musicam
2051 5177 2163 5264 ausit,
2194 5178 2268 5248 nisi

238 5291 410 5364 beneficio
434 5289 577 5358 illorum
601 5283 838 5355 remediorum
862 5279 1118 5367 inclarescunt,
1145 5305 1227 5372 pro·
1276 5279 1456 5350 didicerit:
1490 5279 1669 5372 quomodo
1702 5279 1797 5348 enim
1831 5279 1930 5348 ludet
1958 5277 2088 5348 fidibus
2120 5279 2170 5360 is,
2204 5273 2270 5373 qui

232 5398 310 5466 ,lire
333 5393 376 5462 de
400 5389 680 5479 repromittunt,
705 5381 953 5457 detrahuntde
969 5383 1228 5454 existimatione
1278 5405 1461 5476 nunquam
1487 5381 1622 5455 didicit.
1674 5377 1753 5452 Hoc
1775 5382 1806 5452 si
1830 5381 1867 5450 in
1890 5375 1946 5450 his
1968 5379 2168 5466 levioribus
2180 5384 2273 5455 arai.
