4616 5816
93 242 169 320 sss
362 271 365 286 ·
557 297 583 360 ,¹
657 194 693 345 f
763 183 1477 325 nrcnn'ramsrormr.
1810 209 1864 264 ’-
2065 240 2141 316 oso
2252 206 2256 215 ’

94 417 250 512 gravitas
270 385 520 508 dignnsude,
546 416 740 512 quodsero
756 413 950 489 admodum
965 417 1092 488 docere
1140 415 1282 488 stoteles
1303 415 1411 486 rediit
1427 409 1607 502 Athenas,
1632 437 1673 486 ac
1687 409 1826 486 scholas
1848 407 1981 486 babere
2001 414 2117 506 coepit
2124 440 2133 502 3

93 521 228 613 coepitc
268 517 360 592 Nam
389 515 538 588 Platone
567 519 652 589 viso
682 543 757 590 non
786 515 912 592 babuit
944 512 1092 593 scholas.
1140 541 1293 614 rumque
1314 517 1451 590 videret
1475 543 1555 590 cum
1579 539 1700 589 rerum
1722 517 1868 590 scicntia
1894 517 2134 611 eloquentiam

95 623 215 697 Mults
238 635 357 694 autern
378 633 499 692 extant
523 615 720 693 honorilice
743 622 944 695 testimonia
968 619 1091 694 Plato·
1123 611 1426 712 'coniungendam
1441 645 1536 706 esse,
1558 619 1731 692 matutina
1743 620 1878 704 studia,
1902 643 1982 701 seu,
2006 633 2046 690 ut
2059 619 2135 712 ipse

93 727 151 798 nis
177 729 224 796 de
252 719 362 795 huius
388 722 544 814 ingenio.
611 723 772 796 Vocabat
795 727 891 794 enirn
915 721 1091 796 Aristote·
1140 715 1350 794 nominabat
1372 716 1536 809 ἑώθινα,
1569 723 1749 794 tribuebat
1773 717 2047 812 Philosophiae,
2072 745 2135 791 ve-

93 822 432 919 lemeilosophnm
448 825 618 910 veritatis,
639 839 672 897 et
689 849 898 920 comparans
913 851 994 896 eum
1010 849 1089 896 cum
1141 826 1296 917 spertina
1327 849 1390 896 seu
1418 821 1559 898 detnsa
1582 821 1768 895 rhetoricis
1792 825 1976 895 exercitiis.
2031 821 2135 897 Unus

93 931 315 1013 Xenocrate,
340 929 390 998 alt
405 923 591 999 Aristoteli
612 927 714 998 freno
739 951 829 1020 opus
850 952 942 1014 esse,
968 927 1091 1000 Xeno-
1141 929 1302 998 omniurn
1320 928 1470 997 maxime
1484 928 1574 998 vidit
1591 927 1836 1018 cognationem
1853 927 1996 996 artium.
2040 921 2133 994 Nam

93 1034 180 1105 crati
205 1031 416 1102 calcaribus.
465 1027 630 1100 Vicissim
654 1033 701 1100 dc
718 1027 888 1122 Magistro
903 1033 973 1102 nisi
988 1053 1089 1124 prae·
1140 1026 1314 1126 Physicon
1330 1029 1485 1102 instituit
1502 1043 1535 1102 et
1550 1025 1725 1101 inchoata
1743 1027 1962 1120 geometricis
1980 1029 2134 1098 demon-

93 1138 188 1206 clare
210 1133 375 1203 sensisset
396 1129 624 1216 Aristoteles,
658 1134 815 1204 tamdiu
838 1157 911 1204 non
935 1145 1090 1227 putasset
1139 1131 1385 1206 strationibus.
1452 1133 1537 1202 ldeo
1562 1155 1685 1202 omnes
1709 1145 1801 1201 artes
1825 1129 2014 1214 tractabat,
2046 1129 2135 1199 scri·

93 1239 315 1310 audiendum
336 1255 421 1304 csse.
471 1230 736 1304 llicitnretiarn
753 1233 893 1306 Platoni
911 1259 1089 1328 arampo-
1141 1236 1246 1306 behat
1266 1237 1311 1304 de
1333 1249 1459 1305 natura
1482 1259 1621 1320 rerum,
1645 1237 1689 1304 de
1711 1233 1892 1318 moribus,
1918 1234 1963 1312 de
1982 1227 2135 1304 immor·
2153 1239 2170 1250 “

94 1340 207 1411 snisse
236 1331 523 1428 et·Epigramma
553 1337 751 1420 addidisse,
784 1339 880 1431 quod
905 1351 1017 1422 estat,
1049 1337 1088 1405 in
1142 1338 1274 1408 talitate
1302 1337 1503 1407 animorum
1535 1352 1569 1408 et
1596 1339 1702 1406 rebus
1727 1335 1948 1405 coelestibus.
2015 1331 2133 1405 Multa

92 1467 163 1536 quo
187 1439 417 1534 amplissimis
439 1437 606 1520 laudibus
628 1451 733 1508 ornat
749 1437 946 1514 Platonem.
997 1437 1087 1510 Nam
1142 1440 1377 1532 componebat
1406 1443 1448 1509 ad
1472 1437 1736 1526 Alexandrum,
1770 1453 1809 1510 ut
1837 1437 1952 1508 victor
1972 1432 2133 1528 Respuh.
2226 1511 2233 1522 ,

91 1545 148 1614 vel
168 1539 229 1614 hic
251 1563 346 1612 unus
368 1561 490 1610 vorem
512 1539 646 1613 indicat
668 1553 843 1636 quantum
860 1541 892 1611 ei
912 1542 1089 1626 tribuerit,
1142 1541 1298 1631 legebus,
1323 1541 1420 1623 iure,
1446 1542 1608 1627 iudiciis,
1633 1531 1821 1633 disciplina
1843 1538 2011 1610 muniret.
2063 1533 2134 1608 Hi'c

91 1669 173 1718 cum
191 1641 259 1716 ait:
349 1705 354 1712 .
1141 1643 1283 1735 scripsit
1304 1667 1430 1714 aureos
1455 1645 1535 1712 illos
1557 1645 1670 1714 libros
1686 1643 1730 1712 de
1746 1638 1896 1712 historia
1910 1639 2134 1725 animalium,

267 1749 361 1816 Nulla
377 1753 580 1814 lereotcatam
595 1755 672 1814 seete
688 1754 791 1817 fotura
805 1757 913 1817 drona
1142 1769 1211 1842 qua
1235 1746 1272 1815 in
1296 1770 1335 1815 re
1358 1769 1433 1818 non
1456 1745 1571 1816 solum
1595 1745 1798 1816 Aristotelis
1821 1743 2006 1833 diligentia
2031 1741 2134 1810 miri-

89 1847 199 1940 Quod
222 1871 309 1918 vero
331 1841 495 1917 homines
510 1849 666 1938 imperiti
680 1849 895 1920 simultatem
910 1845 1088 1942 quandam
1141 1849 1223 1934 fica,
1269 1849 1328 1916 sed
1363 1847 1468 1918 etiam
1500 1843 1697 1918 Alexandri
1726 1846 1919 1917 liberalitas
1954 1845 2133 1915 laudanda

88 1954 186 2024 inter
207 1971 268 2021 eos
290 1949 527 2020 intercessisse
544 1963 686 2039 putant,
711 1975 753 2020 eo
769 1953 865 2046 qnod
880 1945 1089 2020 Aristoteles
1142 1965 1202 2021 ost.
1252 1948 1343 2021 Nam
1366 1951 1402 2020 id
1425 1973 1567 2045 qnoque
1590 1949 1726 2044 regium
1751 1961 1824 2034 est,
1848 1943 2027 2038 Rempub.
2046 1945 2134 2017 arti.

88 2055 275 2126 interdum
298 2049 510 2141 aMagistro
532 2051 714 2138 dissentit,
741 2053 860 2145 inepta
885 2049 1009 2144 opinio
1028 2059 1089 2118 est·
1141 2055 1206 2124 bus
1227 2065 1261 2122 ct
1277 2051 1389 2122 literis
1407 2075 1546 2126 ornare.
1596 2049 1688 2123 Cum
1707 2049 1802 2120 enim
1821 2050 1967 2142 privatis
1983 2047 2134 2139 sumpti·
2195 2072 2202 2091 ·

89 2155 181 2228 Nam
207 2153 304 2226 utin
321 2152 455 2224 Senatu
470 2151 509 2222 in
526 2151 675 2224 dicenda
692 2155 865 2226 sententia
882 2175 984 2244 saepe
999 2148 1087 2219 ami·
1141 2157 1207 2226 bus
1235 2155 1411 2244 explorari
1439 2165 1586 2222 naturae
1614 2153 1850 2224 animantium
1880 2175 1954 2220 non
1978 2163 2134 2243 possent,

88 2259 224 2331 tissimi
244 2257 321 2329 sine
340 2253 539 2324 offensione
558 2256 761 2326 animorum
778 2255 1012 2336 dissentiunt,
1038 2251 1086 2320 ita
1141 2257 1236 2326 misit
1250 2251 1454 2325 Alexander
1469 2253 1654 2326 Aristoteli
1671 2243 1875 2345 octingenta
1890 2255 2040 2338 talenta,
2064 2248 2134 2324 boc

88 2362 180 2433 boni
205 2373 243 2430 et
266 2356 363 2428 docti
380 2357 449 2426 viri
465 2357 544 2426 sine
559 2358 749 2429 acerbitate
765 2359 966 2428 animorum
983 2352 1086 2423 dissi-
1141 2371 1209 2444 est,
1235 2358 1490 2452 quadringenta
1507 2368 1541 2428 et
1556 2358 1734 2448 octoginta
1750 2357 1861 2426 millia
1878 2369 2133 2425 cnronatorum

86 2466 195 2536 miles
218 2458 352 2531 habent
371 2457 571 2552 opiniones.
631 2457 701 2530 Sed
723 2461 769 2530 de
790 2455 856 2530 hac
876 2457 1087 2550 opinionum
1140 2462 1183 2530 ad
1208 2461 1457 2530 conducendos
1480 2473 1664 2529 venatores
1688 2473 1722 2530 et
1745 2459 1889 2528 alendas
1910 2458 2061 2543 bestias,
2092 2467 2135 2526 ut

88 2563 387 2638 dissimilitudine
409 2561 517 2653 paulo
540 2573 621 2652 post
641 2561 769 2632 dicam.
821 2561 907 2632 Post
928 2557 1089 2631 Platonis
1139 2585 1263 2634 eorum
1287 2573 1434 2634 naturae
1457 2562 1674 2632 considerari
1698 2573 1853 2654 possent.
1913 2555 1993 2630 Etsi
2013 2573 2133 2630 autem

87 2683 264 2752 mortem,
289 2686 370 2736 curn
389 2663 460 2734 iam
484 2663 723 2734 celebraretur
742 2665 870 2732 domus
886 2661 1089 2733 Aristotelis
1140 2667 1311 2759 quaedam
1334 2663 1513 2756 praeclara
1536 2663 1664 2756 scripta
1685 2665 1762 2733 eius
1782 2663 1986 2758 perierunt,
2013 2673 2133 2732 tamen
2203 2715 2211 2722 .

89 2799 107 2844 a
127 2767 368 2842 nobilissimis
388 2759 616 2848 hominibus,
642 2763 796 2834 incensis
813 2763 973 2834 discendi
987 2761 1089 2852 cupl-
1139 2767 1300 2836 existimo
1320 2789 1359 2836 ea
1374 2787 1464 2860 quae
1479 2765 1616 2860 reliqua
1632 2751 1732 2846 sunt,
1759 2786 1849 2860 quae
1864 2766 2009 2860 quidem
2027 2757 2133 2834 soltus

89 2877 219 2956 ditate,
255 2869 402 2942 accersit
425 2889 507 2936 eusn
534 2861 817 2958 PhilippusRex
835 2865 1088 2948 Macedonum,
1139 2868 1183 2937 lis
1204 2867 1357 2936 maxime
1380 2885 1460 2959 apta
1484 2879 1584 2952 suut,
1617 2867 1790 2938 divinitus
1815 2881 1951 2938 servata
1974 2887 2066 2951 esse,
2088 2875 2134 2936 ut

89 2995 124 3051 et
147 2976 260 3050 tradit
281 2973 316 3042 ei
335 2969 450 3041 lilium
472 2967 511 3036 in
537 2969 775 3060 disciplinam.
827 2967 940 3038 Porro
963 2967 1034 3036 nisi
1055 2979 1087 3036 et
1139 2971 1323 3062 posteritas
1344 2970 1473 3070 rectius
1495 2969 1615 3040 doceri
1640 2983 1767 3060 posset.
1804 2957 2009 3064 ¹Postquam
2032 2965 2135 3037 enirn

89 3077 295 3151 doctrinam
323 3085 360 3144 et
386 3093 504 3140 mores
533 3065 745 3142 Aristoteles
775 3067 853 3143 Rex
888 3065 1087 3161 Philippus,
1139 3073 1177 3140 in
1194 3069 1362 3158 Graecia,
1388 3085 1431 3143 ut
1444 3071 1502 3157 iit,
1527 3071 1741 3142 recentiores
1757 3065 1980 3170 Philosophi,
2006 3057 2132 3154 Stoici,

90 3183 151 3277 qui
176 3175 379 3250 acutissime
402 3175 448 3242 de
469 3171 624 3260 ingeniis
644 3175 802 3246 iudicare
824 3186 977 3264 poterat,
995 3195 1087 3263 pro-
1137 3171 1309 3266 Epicurei·
1332 3187 1366 3246 et
1389 3169 1593 3244 Academici
1620 3188 1813 3266 coeperunt
1833 3173 1873 3242 in
1895 3171 2132 3243 admiratione

89 3289 227 3368 basset,
250 3273 475 3372 nequaquam
492 3275 654 3344 cililinm
669 3285 789 3346 tantae
802 3275 876 3367 spei
892 3287 931 3343 et·
940 3295 1088 3364 genero·
1138 3299 1229 3360 csse,
1261 3299 1341 3345 cum
1373 3277 1517 3368 quidem
1542 3277 1642 3368 pleni
1665 3277 1737 3348 sint
1760 3276 1977 3367 ineptiarum
2001 3297 2041 3343 ac
2063 3271 2133 3344 So·

89 3387 253 3459 sissimae
269 3378 403 3450 indolis
420 3369 711 3447 commendasset.
766 3371 1087 3470 ltaqneboctesti-
1139 3371 1322 3469 phistices,
1356 3374 1519 3448 doctrina
1546 3379 1655 3448 veteri
1679 3403 1720 3448 ac
1742 3379 1936 3450 eruditiore
1961 3375 2132 3466 neglecta,

54 3487 57 3496 '
88 3487 256 3560 monium
281 3478 441 3573 Phihppi
470 3480 516 3548 dc
538 3475 729 3548 Aristotele
759 3479 1006 3568 gravissimum
1037 3487 1088 3546 est
1137 3479 1265 3570 scripta
1284 3479 1485 3548 Aristotelis
1507 3480 1776 3551 excutiebantur
1797 3479 1966 3549 studiosis
1987 3479 2032 3546 de
2054 3499 2132 3544 ma-

88 3589 338 3664 indicandum.
389 3580 441 3652 Nc
453 3581 528 3672 ipse
538 3577 685 3674 quidem
701 3582 877 3663 alumnus,
904 3603 984 3648 eum
1000 3589 1088 3648 esser
1137 3582 1262 3665 nibus,
1287 3593 1321 3651 et
1344 3581 1429 3649 libri
1447 3581 1485 3648 in
1504 3577 1731 3678 bibliothecis
1748 3597 1943 3674 paucorum
1959 3591 2133 3650 resonate

87 3693 239 3768 heroico
255 3703 291 3759 et
305 3681 440 3756 excelsd
456 3682 620 3772 ingenio,
646 3697 829 3774 tantopere
843 3695 989 3752 amasset
1006 3679 1088 3750 Ma-
1136 3695 1170 3752 et
1185 3683 1278 3752 carie
1295 3683 1613 3770 consumebantur3
1640 3709 1680 3754 ac
1692 3697 1812 3754 tantus
1826 3675 2013 3754 thesaurus'
2028 3703 2132 3773 pror-

88 3801 254 3892 gistrum,
280 3789 350 3859 nisi
364 3782 485 3857 ille'ad
498 3786 698 3855 doctrinam
714 3785 931 3872 adiunxisset
946 3801 1086 3852 morona
1135 3807 1195 3856 sus
1210 3785 1388 3877 periisset,
1414 3785 1482 3856 nisi
1499 3785 1618 3880 Syllae
1632 3785 1805 3858 foelicitas
1821 3786 1925 3855 nobis
1940 3779 2027 3853 baec
2041 3803 2132 3876 quae

87 3897 315 3974 sanctitatem
340 3905 374 3962 et
397 3889 616 3959 suavitatem.
668 3884 781 3979 Saepe
802 3901 920 3956 autem
947 3885 1088 3976 praedi·
1136 3883 1327 3972 habemns,
1361 3888 1498 3981 reliqua
1519 3889 1668 3961 iecisset.
1735 3885 1772 3958 ls
1793 3889 1888 3957 enim
1911 3881 2131 3957 bibliotheca

87 4005 185 4076 cavit
201 3995 425 4078 Alexander,
450 4013 489 4060 se
512 4013 585 4059 non
608 4013 706 4058 secus
722 4013 842 4058 amare
860 3987 1086 4056 Aristotelem
1137 3990 1174 4059 in
1195 3990 1290 4059 hello
1306 4004 1426 4080 parta,
1448 3989 1549 4084 (nam
1565 3990 1651 4060 olim
1674 3989 1905 4081 imperatores
1919 3985 2012 4059 banc
2028 4011 2131 4079 prae-

87 4129 128 4178 ac
150 4117 304 4198 patrem.
356 4093 492 4165 Mansit
513 4105 631 4162 autem
656 4089 866 4162 Aristoteles
887 4091 983 4182 apud
1000 4085 1087 4159 Ale-
1136 4095 1229 4176 darn,
1253 4105 1295 4162 ut
1309 4093 1402 4160 bona
1418 4093 1543 4182 scripta
1558 4107 1740 4163 servarent
1755 4087 1909 4161 maxime
1923 4078 2135 4184 captabant)¹

85 4209 269 4280 :andrum
292 4218 408 4270 annos
429 4193 568 4266 circiter
590 4207 689 4280 octo,
730 4217 801 4288 quo
824 4205 983 4284 tempore
1005 4209 1084 4261 cunt
1135 4217 1215 4263 cram
1245 4205 1360 4262 essent
1384 4193 1436 4262 ibi
1459 4193 1572 4263 multa
1598 4192 1798 4264 Aristotelis
1819 4195 2026 4284 volumina,
2067 4193 2130 4262 sed
2185 4194 2190 4198 “

87 4311 177 4381 alias
198 4295 453 4391 Philosophiae
483 4311 599 4388 partes
632 4295 663 4366 ei
692 4295 860 4379 tradidit,
899 4307 977 4365 tom
1001 4313 1087 4362 vero
1136 4317 1225 4389 pene
1247 4293 1454 4380 obliterata,
1480 4295 1617 4366 curavit
1639 4295 1799 4389 undique
1821 4296 1859 4365 in
1881 4290 2030 4366 Graecia
2053 4293 2131 4364 eius

89 4416 200 4484 etiam
224 4401 394 4480 medendi
417 4413 540 4470 artem
594 4392 713 4492 Atque
733 4393 853 4468 bacin
869 4419 996 4466 renon
1012 4407 1085 4466 tam
1136 4395 1269 4467 autoris
1284 4397 1397 4466 libros
1412 4397 1576 4489 conquiri
1590 4412 1625 4468 et
1638 4401 1841 4469 emendatos
1858 4399 1904 4469 ab
1918 4395 2129 4469 Andronico

86 4513 320 4587 foelicitatem
344 4501 546 4575 Aristotelis
571 4499 818 4571 admirandam
841 4515 949 4592 puto,
989 4497 1084 4591 qssod
1137 4498 1341 4592 publicavit.
1417 4497 1469 4568 lta
1500 4501 1800 4592 quemadmodum
1829 4503 1912 4571 vivo
1943 4497 2131 4571 Aristdtcli
2253 4549 2259 4561 .

87 4607 329 4704 eirontigerit
344 4603 486 4676 erudire
502 4599 648 4693 Regem,
672 4622 787 4674 sanum
802 4601 965 4674 omnium
981 4599 1085 4689 longe
1135 4599 1268 4670 amicus
1287 4597 1515 4690 iuit'Regom
1539 4623 1717 4688 summus,
1748 4603 1797 4674 ita
1821 4625 1912 4692 pene
1935 4603 2129 4672 extinctum

85 4711 438 4811 ingeniosissimum,
463 4719 620 4800 atquem
633 4706 704 4774 fata
720 4705 763 4773 ad
783 4705 972 4795 imperinm
988 4701 1086 4771 orbis
1136 4703 1312 4774 revocavit
1335 4703 1374 4771 in
1390 4703 1505 4772 lucem
1523 4725 1681 4773 summus
1698 4718 1732 4775 et
1746 4695 1995 4775 soclie'issirnus
2012 4699 2134 4794 impe-s

85 4809 273 4896 terrarum
284 4814 480 4890 vocabant,
506 4824 612 4902 quam
627 4807 854 4896 prudentiam
870 4806 1084 4875 laudandam
1135 4818 1231 4876 rator
1256 4803 1366 4900 Sylla.
1416 4799 1549 4875 Extant
1571 4819 1689 4878 tamen
1710 4803 1827 4877 adhuc
1850 4807 1993 4898 vestigia
2018 4803 2129 4877 huius

87 4943 163 4996 esse
193 4905 335 4996 iudico,
369 4915 465 5009 qnod
493 4933 532 4979 ea
556 4907 705 4979 tradidit
726 4907 961 4991 adolescenti,
994 4928 1085 4999 qnae
1134 4905 1361 4991 calamitatis,
1386 4906 1424 4975 in
1448 4901 1506 4976 his
1520 4893 1625 4977 ¹libris
1642 4907 1705 5001 qui
1720 4909 1850 5003 reliqui
1866 4923 1968 4994 sunt,
1989 4911 2026 4980 in
2045 4907 2133 5001 qni-·

87 5024 339 5098 vehementem
380 5029 544 5086 naturam
577 5007 754 5082 flexerunt
785 5011 829 5079 ad
865 5009 1084 5093 suavitatem,
1134 5011 1200 5078 bns
1230 5023 1373 5100 apparet
1405 5009 1537 5080 alicubi
1567 5011 1748 5082 mutilatas
1766 5003 1852 5081 'ess'e
1884 5009 2124 5082 sententiolas.

89 5151 251 5226 quaeque
269 5112 644 5212 ipsesenstrrsgnantt
661 5107 938 5202 magnaeanum
954 5125 1084 5200 magno
1133 5109 1246 5180 Porro
1270 5125 1440 5180 retrovato
1465 5108 1675 5197 Aristotele,
1716 5105 1886 5206 paulatim
1911 5109 2127 5184 recentiores
2164 5159 2165 5162 =

87 5239 303 5304 ornamento
328 5239 439 5297 esses·
461 5205 950 5312 Stoentmatsltmmaeie
977 5211 1084 5282 malle
1132 5225 1245 5282 sectae
1267 5203 1620 5309 frigere'coeperunt',
1646 5236 1726 5284 cum
1744 5209 1833 5284 sebi
1851 5215 1912 5310 qni
1929 5217 2126 5310 plurimum

45 5379 48 5384 -
88 5359 124 5408 se
148 5313 1084 5419 doctrina,quainflsnperli·magnitudineescellese.
1131 5307 1283 5404 ingeniis
1299 5307 1493 5406 pollebant,
1514 5307 1622 5385 veteri
1637 5317 1820 5389 ‹tuonime
1835 5319 2016 5394 dederent.
2053 5317 2135 5392 Sed.

87 5421 284 5534 Postquam
298 5413 655 5504 seio-Alexandreia
670 5417 956 5495 Asiam-'traiecit
997 5412 1083 5487 Ari-
1131 5417 1238 5488 redeo
1254 5419 1297 5487 ad
1317 5411 1501 5488 historiam
1519 5409 1664 5490 vitares·
1726 5409 1730 5418 ¹
2045 5419 2049 5425 '
