4718 5828
258 207 332 288 tes
695 182 859 279 nter.
907 195 983 274 nn
1023 187 1301 272 romanus
1333 193 1855 274 nannanononunc
2064 165 2071 170 ’
2218 194 2293 272 124

260 407 370 480 gogus
391 405 472 454 cum
493 376 669 452 eiusmodi
689 399 820 470 puero,
861 374 1002 474 qualem
1027 372 1135 468 paulo
1165 385 1248 445 ante
1301 372 1558 446 committitur?
1607 371 1704 444 Puer
1721 373 1933 469 aliquandiu
1944 375 1983 446 in
2000 385 2132 445 statuae
2145 373 2296 444 modum

261 483 524 577 descripsimus.
576 479 723 570 Quanto
737 479 833 549 enim
848 476 965 550 maius
985 475 1174 566 negocium
1198 489 1252 546 est
1301 499 1447 572 prorsus
1468 488 1589 546 mutus
1604 491 1667 552 est.
1717 475 1843 548 Postea
1860 477 1925 548 ubi
1939 502 1976 549 se
1991 477 2156 567 colligere
2170 497 2299 568 coepe-

261 591 463 686 paedagogo
480 608 586 681 quam
601 575 773 680 Sisypho,
798 605 864 652 nec
887 596 1004 652 tamen
1026 577 1143 650 maius
1156 578 1252 672 ope·
1302 579 1370 668 rit,
1396 603 1436 649 ac
1457 578 1621 648 meditari
1643 579 1769 666 verba,
1794 579 1879 674 quia
1903 581 2043 652 animus
2068 581 2299 674 perturbatus

163 701 170 710 '
262 716 323 766 rae
339 691 496 785 precium
512 689 561 760 bt.
613 684 717 757 lllius
737 685 776 754 in
797 686 971 756 versando
996 706 1079 752 saxo
1102 682 1253 775 simplex
1304 695 1370 768 est,
1404 681 1499 752 oculi
1529 681 1787 776 superciliaque
1810 697 2079 775 pervertuntur,
2110 685 2142 755 si
2163 683 2324 766 videas,¹

263 798 368 867 labor
400 805 470 884 est,
506 803 540 862 et
572 811 655 861 cura
682 801 801 873 vacat,
837 785 1030 882 paedagogi
1053 783 1136 854 vide
1161 779 1252 854 mihi
1305 785 1401 856 dicas
1417 783 1587 854 comitiali
1604 785 1731 854 morbo
1745 785 1871 878 arripi:
1898 787 2116 878 pervertitur
2130 799 2166 858 et
2181 811 2221 857 os
2235 808 2300 852 ve-

265 921 371 994 quam
388 893 572 986 multiplex
589 891 775 982 negocium
791 887 847 964 sit.
897 887 1090 982 Nunquam
1107 887 1177 956 nisi
1192 912 1252 957 co·
1305 887 1360 960 lut
1373 887 1499 983 cynico
1522 909 1662 980 spasmo
1677 885 1881 958 foedissimo
1897 889 2000 960 rictu.
2052 887 2140 962 Post
2155 889 2218 960 nbi
2232 887 2301 958 diu

266 1014 365 1071 actus
381 1021 401 1067 a
417 989 645 1090 praeceptore
659 1017 748 1086 puer
762 992 895 1062 librum
919 992 959 1060 in
978 1013 1107 1060 manus
1129 990 1253 1062 sumit:
1306 1013 1424 1060 secum
1444 991 1595 1059 luctatus
1618 1003 1686 1074 est,
1712 992 1855 1060 tandem
1879 1017 2001 1062 vocem
2021 991 2104 1066 edit.
2156 991 2229 1064 Sed
2252 1014 2301 1058 ne

265 1103 332 1174 ubi
360 1099 551 1191 acceperit,
583 1097 678 1166 oculi
710 1111 815 1189 atque
848 1093 989 1162 animus
1021 1094 1256 1183 expatiantur.
1308 1087 1611 1184 deprehendatur,
1653 1091 1683 1162 si
1714 1095 1811 1186 quod
1845 1093 1936 1164 forte
1958 1094 2082 1166 existet
2103 1095 2301 1174 soloecum,

268 1203 325 1276 lbi
343 1215 513 1294 tanquam
532 1200 679 1269 calcaria
694 1199 957 1290 addendaquae
970 1197 1187 1266 admoneant
1201 1194 1257 1263 ol·
1301 1195 1433 1266 stridet
1455 1195 1616 1264 obscure.
1673 1191 1829 1282 Quidam
1851 1195 2029 1286 ingeniosi
2051 1213 2136 1270 sunt
2166 1198 2206 1267 in
2231 1221 2302 1288 po-

267 1306 349 1377 licii.
398 1301 558 1373 Enarrat
584 1299 718 1394 aliquid
742 1311 968 1392 praeceptor,
992 1297 1062 1368 iam
1084 1298 1140 1367 illi
1164 1297 1257 1367 deli·
1308 1311 1436 1368 strema
1453 1297 1588 1391 syllaba
1598 1307 1633 1366 et
1646 1319 1729 1367 casu
1744 1297 2107 1371 dictionisobruendo
2124 1325 2168 1370 ne
2183 1300 2304 1391 perci-

269 1423 346 1481 cato
363 1428 509 1476 somnus
525 1404 683 1494 obrepit,
709 1416 744 1472 et
765 1407 910 1471 'securus
931 1400 969 1469 in
994 1415 1172 1494 utranque
1193 1423 1259 1468 au·
1310 1401 1439 1492 piatur.
1494 1397 1597 1470 lubet
1612 1413 1819 1491 praeceptor
1834 1401 1927 1470 clara
1946 1425 2031 1472 voce
2049 1403 2304 1492 pronunciare,

268 1535 344 1582 rem
361 1508 514 1592 dormit,
535 1509 621 1576 dum
646 1529 682 1574 se
701 1506 922 1594 paedagogus
941 1502 1092 1572 dicendo
1109 1502 1256 1594 rumpit.
1311 1505 1371 1573 ille
1393 1503 1498 1574 iterat
1521 1515 1556 1574 et
1572 1502 1679 1571 verba
1700 1503 1862 1584 cadentia
1886 1503 1992 1576 tollit.
2046 1501 2203 1576 Exaudit
2227 1503 2304 1572 iam

269 1613 411 1685 Novum
426 1610 479 1679 ibi
493 1607 677 1698 negocium
694 1608 733 1678 fit
749 1607 949 1698 paedagogo
961 1603 1260 1698 expergefacieudi
1311 1618 1535 1698 praeceptor,
1579 1605 1638 1674 sed
1675 1599 1769 1674 nihil
1801 1605 1870 1674 nisi
1903 1606 2095 1680 verborum
2124 1619 2304 1700 portenta.

270 1712 448 1805 discipuli.
507 1708 645 1781 Dictata
671 1722 899 1802 repetuntur,
926 1720 1146 1800 experrectus
1164 1708 1259 1804 'ado-
1311 1705 1384 1780 Nec
1399 1719 1540 1778 autores
1556 1705 1619 1800 qui
1642 1707 1894 1796 praeleguntur
1914 1709 2053 1781 redolet
2072 1731 2206 1791 sermo,
2234 1731 2305 1778 nec

271 1819 406 1888 lescens
430 1815 573 1885 iubetur
594 1811 746 1881 adiicere
770 1811 930 1880 animum
956 1814 999 1881 ad
1024 1833 1168 1905 eaquae
1186 1821 1259 1878 tra·
1312 1834 1392 1880 cum
1423 1808 1660 1900 grammaticis
1687 1810 1884 1902 praeceptis
1911 1811 2089 1888 convenit.
2141 1809 2211 1882 Hic
2238 1811 2306 1880 de-

271 1921 427 2002 duntur,
453 1939 576 1984 verum
593 1936 667 1984 non
686 1928 738 1984 est
753 1937 835 1982 cura
853 1911 1080 2005 Hippoclidi,
1106 1912 1193 1982 loris
1208 1923 1261 1980 est
1312 1935 1410 1982 mum
1432 1911 1537 1980 sentit
1568 1933 1603 1980 se
1626 1911 1793 1980 miserum
1829 1935 1903 1982 esse
1928 1915 2165 2006 paedagogus:
2216 1937 2306 1982 nam

272 2020 414 2092 animus
446 2031 615 2111 tanquam
648 2016 687 2084 in
710 2017 780 2084 alio
804 2017 961 2102 mundo,
994 2014 1033 2084 in
1056 2015 1191 2104 ganeis,
1221 2013 1261 2081 in
1313 2037 1394 2084 cum
1418 2037 1461 2082 ex
1482 2012 1608 2086 studiis
1632 2013 1831 2106 puerilibus
1853 2037 1928 2084 non
1944 2016 2036 2086 alius
2051 2019 2187 2089 lructus
2201 2029 2306 2108 peta·

274 2123 368 2207 alea,
391 2121 431 2189 in
448 2117 638 2211 perniciosi
657 2117 814 2188 sodalitii
831 2118 937 2189 ludis.
975 2116 1134 2188 Tantum
1151 2117 1262 2206 abest,
1313 2129 1391 2201 tur,
1425 2139 1533 2208 qnam
1561 2129 1602 2186 ut
1624 2115 1784 2210 expedite
1808 2115 1908 2210 loqui
1931 2118 2086 2206 possint,
2118 2115 2177 2190 bic
2203 2118 2306 2188 videt

273 2238 314 2296 ut
329 2221 532 2292 meminisse
554 2220 690 2314 aliquid
712 2223 870 2304 studeat,
896 2233 938 2290 ut
953 2244 1030 2290 eam
1045 2221 1156 2310 legem
1172 2241 1262 2312 quae
1314 2215 1383 2290 sibi
1403 2239 1549 2310 operam
1569 2230 1604 2288 et
1627 2217 1745 2286 oleum
1770 2215 1810 2286 in
1833 2218 1985 2290 dicendo
2003 2222 2141 2312 perire,
2168 2222 2205 2290 in
2230 2233 2307 2290 tam

276 2329 320 2397 de
333 2323 509 2394 conviviis
528 2325 667 2394 extabat
683 2325 776 2414 apud
795 2319 972 2408 Graecos,
996 2327 1096 2415 μισῶ
1115 2313 1263 2414 μνάμο-
1314 2320 1514 2412 prodigiosa
1531 2318 1698 2408 discipuli
1720 2319 1884 2392 infantia.
1936 2321 2007 2394 Sed
2030 2337 2183 2418 quantae
2207 2321 2310 2392 diffi-

273 2453 323 2502 να
338 2417 546 2519 συμπότην,
568 2425 643 2516 ipse
662 2426 707 2493 de
727 2419 858 2493 scholis
881 2419 988 2493 latam
1010 2437 1127 2514 putet,
1151 2415 1186 2492 et
1205 2422 1262 2490 in·
1315 2423 1461 2492 cultates
1482 2421 1705 2490 exorbend‘ae
1726 2434 1829 2509 sunt,
1854 2436 1929 2494 tum
1957 2419 2042 2495 huic
2058 2426 2145 2498 vitio
2167 2428 2309 2498 mederi

276 2531 384 2601 cisam
404 2553 478 2598 non
496 2529 534 2596 in
550 2549 624 2610 aes,
649 2527 711 2595 sed
736 2525 949 2616 insculptam
973 2526 1094 2594 animo
1110 2523 1263 2594 circum·
1315 2523 1458 2594 studet?
1507 2520 1798 2594 Dissimulandus
1820 2525 1854 2594 ei
1877 2526 1982 2597 dolor
2001 2528 2133 2614 animi,
2159 2531 2309 2600 iracun-

275 2634 366 2702 lerat
379 2632 479 2724 μισῶ
494 2619 674 2722 μνάμονα
688 2619 876 2720 μαθητήν.
905 2623 1029 2721 ltaque
1044 2626 1074 2695 si
1091 2625 1275 2720 postridie'
1317 2626 1376 2696 dia
1400 2625 1624 2719 reprimenda
1649 2637 1720 2710 est,
1761 2627 1927 2698 comitate
1948 2653 2060 2720 puero
2082 2633 2308 2723 perturbatio
2350 2717 2351 2722 Ἰ

276 2734 407 2805 dictata
427 2751 606 2822 reposcas,
644 2729 728 2824 quia
749 2731 993 2821 perfluxerunt
1014 2752 1117 2798 aures
1131 2726 1264 2808 omnia,
1316 2729 1427 2798 animi
1444 2728 1617 2811 sedanda,
1643 2727 1775 2796 blande
1791 2727 1999 2800 invitandus
2014 2747 2066 2803 est
2088 2737 2134 2804 ad
2150 2735 2310 2828 loquen-

276 2836 331 2905 nil
353 2846 459 2906 tenet.
512 2830 569 2902 lbi
592 2831 759 2921 magistro
782 2832 875 2902 redit
899 2832 1002 2902 labor
1021 2845 1119 2904 actus
1143 2831 1182 2900 in
1205 2853 1265 2900 or·
1316 2831 1415 2904 dum.
1456 2827 1569 2919 Saepe
1584 2821 1749 2899 trahendi
1765 2829 1906 2922 longius
1919 2834 1964 2903 de
1977 2833 2151 2906 industria
2169 2860 2310 2907 sermo-

277 2941 371 3010 bem.
423 2931 579 3006 Orditur
602 2932 790 3026 pristinam
814 2935 1046 3019 cantilenam,
1072 2957 1138 3004 nec
1158 2931 1266 3002 semel
1316 2956 1398 3015 nes,
1423 2945 1464 3002 ut
1483 2931 1775 3001 consuetudinem
1798 2932 1908 3004 latine
1927 2935 2098 3028 loquendi
2117 2961 2230 3030 puero
2252 2941 2311 3010 sa-

278 3039 425 3131 repetit,
457 3038 571 3106 donee
599 3035 659 3106 isti
693 3049 818 3106 tntnco
848 3059 963 3107 unum
987 3049 1093 3130 atque
1114 3037 1265 3107 alterum
1318 3035 1397 3108 ciat.
1450 3031 1546 3104 Haec
1561 3057 1631 3103 una
1645 3055 1701 3102 res
1718 3057 1798 3103 cum
1821 3035 1903 3127 plus
1925 3039 2009 3110 satis
2034 3041 2168 3112 adserat
2190 3043 2311 3112 moto

160 3162 163 3178 ·
278 3141 428 3211 verbum
457 3138 649 3229 infligatur.
708 3135 799 3227 Quis
830 3152 883 3209 est
907 3152 980 3209 tam
1009 3161 1135 3208 cornea
1166 3138 1268 3222 fibra,
1318 3135 1424 3223 stiae,
1456 3149 1575 3206 tamen
1604 3135 1718 3206 multo
1745 3138 1857 3228 magis
1885 3153 2022 3210 exercet
2042 3157 2310 3236 praeceptorem

281 3242 344 3340 qui
369 3263 442 3310 non
462 3235 718 3320 stomachetur,
742 3253 882 3310 tantum
901 3263 1028 3333 operae
1052 3261 1089 3309 se
1109 3241 1268 3332 perdere,
1319 3239 1449 3332 stylus,
1481 3261 1603 3332 quem,
1633 3251 1674 3308 Ul
1703 3238 1813 3308 latina
1839 3239 1961 3330 lingua
1986 3242 2047 3313 5³²
2069 3269 2180 3336 P⁰⁰¹⁰
2201 3247 2313 3316 fami·

282 3342 487 3439 praesertim
511 3367 592 3412 cum
617 3341 753 3428 interea,
773 3359 805 3414 et
823 3341 1038 3413 valetudinis
1055 3342 1188 3413 iactura
1214 3341 1267 3409 fa·
1319 3341 1436 3425 tiaris.
1467 3335 1713 3409 adhibendum
1741 3363 1814 3410 ²⁸⁵⁰
1843 3343 1957 3424 Videl’
1983 3357 2025 3414 ¹¹²
2044 3371 2110 3416 ¹¹⁸⁰
2126 3341 2311 3420 scribendi

283 3447 408 3518 cienda
424 3443 493 3513 sit?
541 3440 632 3512 Nam
652 3455 858 3514 atteruntur
873 3459 908 3515 et
924 3443 1096 3514 labefiunt
1109 3441 1269 3534 corporis
1320 3443 1548 3514 confirmatus
1569 3453 1646 3512 tuto
1669 3441 1768 3536 loqui
1790 3444 1910 3534 possit.
1967 3445 2050 3516 Non
2075 3449 2170 3518 enim
2193 3474 2312 3522 unum

206 3552 212 3566 ’
282 3549 395 3634 vires,
419 3569 493 3615 non
509 3545 618 3613 modo
636 3543 781 3615 dicendi
805 3545 947 3629 labore,
973 3546 1034 3614 sed
1060 3545 1166 3615 etiam
1185 3567 1268 3614 cura
1320 3545 1517 3614 remedium
1534 3545 1576 3613 ad
1594 3545 1842 3614 excutiendum
1858 3545 1966 3618 istum
1980 3561 2165 3621 veternum
2188 3555 2314 3644 pueri-

283 3651 478 3742 dolorequc
494 3645 621 3730 animi,
643 3645 866 3740 quem,quia
882 3671 955 3715 non
973 3649 1190 3738 respondent
1203 3671 1270 3715 no·
1321 3645 1416 3716 libus
1430 3645 1583 3736 ingeniis
1596 3645 1679 3714 satis
1693 3657 1754 3718 est.
1806 3644 1876 3716 Sed
1894 3672 1975 3718 cum
1991 3647 2085 3722 nihil
2097 3654 2247 3745 perinde
2263 3660 2313 3728 ad

283 3768 376 3824 ,me
384 3749 588 3838 diligentiae
597 3746 712 3816 studia
720 3769 925 3837 puerorum,
940 3748 1134 3837 indignitas
1144 3747 1195 3817 rei
1207 3771 1270 3837 pa·
1322 3749 1514 3839 parandam
1525 3767 1631 3837 quam
1649 3745 1867 3816 uberrimam
1882 3754 2055 3824 sermonis
2070 3757 2206 3848 copiam
2221 3783 2313 3829 con-

285 3857 343 3929 rit.
378 3852 545 3924 Seculum
561 3850 600 3917 in
614 3843 671 3916 his
687 3847 838 3918 miseriis
852 3849 1090 3936 consumitur,
1103 3851 1190 3918 dum
1205 3850 1271 3918 iste
1322 3850 1429 3918 ducat
1450 3859 1555 3940 atque
1577 3844 1739 3918 assiduus
1762 3849 1892 3944 stylus,
1918 3877 1991 3924 non
2014 3857 2123 3928 alium
2148 3859 2313 3932 laborem

284 3956 418 4049 primas
439 3953 559 4023 literas
573 3949 749 4022 didicerit.
799 3947 874 4020 Nec
886 3963 987 4052 putet
999 3974 1037 4019 se
1054 3951 1123 4020 iam
1142 3951 1271 4029 defun·
1324 3963 1441 4019 tamen
1455 3949 1604 4041 perinde
1618 3965 1782 4021 recusant
1797 3954 1973 4046 suscipere
1996 3972 2102 4054 atque
2119 3964 2314 4037 scribendi.

285 4071 381 4130 ctum
398 4077 472 4125 esse
488 4054 727 4146 paedagogus,
752 4046 839 4122 haec
859 4065 999 4123 tantum
1016 4067 1158 4129 nostrae
1179 4052 1271 4122 'l'ra-
1324 4047 1424 4124 Nihil
1443 4064 1495 4122 est
1515 4073 1604 4142 opus
1621 4045 1679 4121 hic
1697 4075 1879 4125 recensere
1896 4079 2032 4130 causas:
2069 4066 2199 4134 etenim
2223 4081 2314 4140 nota

286 4159 431 4252 goediae
466 4155 648 4247 praeludia
682 4167 784 4235 sunt,
825 4168 933 4227 restat
966 4151 1124 4247 Epitasis
1156 4155 1271 4225 multo
1324 4148 1763 4225 vobisnaturahominum
1777 4171 1993 4230 nostrorum.
2021 4161 2179 4238 Immane
2196 4193 2316 4261 quan-

286 4258 543 4333 aerumnosior.
594 4253 759 4326 lulinitus
775 4256 877 4327 labor
892 4271 962 4344 est,
987 4279 1027 4327 os
1044 4257 1180 4350 puerile
1196 4259 1273 4326 for-
1323 4271 1380 4328 tus
1395 4255 1498 4327 labor
1510 4267 1562 4326 est
1575 4255 1790 4347 perpellere,
1802 4273 1845 4330 ut
1861 4261 1918 4332 vel
1934 4275 2009 4334 toto
2024 4271 2182 4341 semestri
2196 4295 2314 4342 unum

287 4387 402 4442 mare,
430 4373 465 4429 et
492 4359 536 4429 ad
559 4357 706 4427 latinam
728 4357 888 4448 linguam
909 4361 1137 4430 assuefacere:
1188 4383 1272 4428 nam
1324 4358 1512 4450 epistolion
1532 4358 1715 4429 scribant?
1738 4357 1816 4451 Ego
1834 4385 1918 4434 vero
1935 4369 2090 4458 comperi
2111 4393 2187 4442 non
2202 4374 2315 4444 aliam

288 4489 370 4536 cum
386 4463 508 4552 lingua
528 4458 724 4552 expoliatur
744 4463 1000 4533 consuetudine
1017 4461 1274 4555 beneloquen-
1324 4485 1464 4531 crucem
1490 4459 1596 4532 nobis
1616 4481 1690 4529 esse
1712 4463 1949 4546 acerbiorem.
1986 4495 2092 4562 quam
2123 4497 2204 4544 cum
2234 4477 2314 4548 lslls

221 4641 232 4652 ἱ
288 4568 344 4653 di,
370 4587 517 4658 eamque
540 4563 584 4631 ad
614 4583 691 4630 rem
712 4559 929 4634 disertorum
947 4564 1156 4636 commercia
1180 4563 1275 4632 mul·
1325 4561 1558 4633 cessatoribus
1581 4563 1741 4656 quotidie
1762 4565 1890 4652 rixari,
1924 4593 2004 4639 cum
2029 4573 2136 4644 officii
2160 4602 2316 4648 monen-

215 4749 220 4756 .
288 4685 365 4740 tum
381 4663 553 4737 momenti
571 4661 752 4746 adierunt,
775 4665 950 4756 primum,
975 4679 1015 4737 ut
1028 4681 1079 4740 est
1092 4665 1275 4757 negligen-
1326 4677 1394 4737 tur.
1444 4661 1569 4758 Neque
1593 4689 1677 4736 vero
1702 4689 1860 4762 unquam
1888 4671 1964 4761 cogi
1986 4687 2119 4764 potest,
2143 4693 2183 4750 ut
2196 4705 2316 4752 unum

288 4772 356 4856 tia,
388 4763 603 4839 converrunt
637 4789 680 4835 ex
709 4767 888 4856 proximo,
915 4764 984 4839 hoc
1017 4783 1088 4852 est,
1119 4793 1139 4840 a
1163 4767 1274 4860 patria
1325 4789 1467 4836 versum
1492 4767 1642 4854 scribat,
1675 4767 1746 4837 nisi
1767 4787 1976 4862 praeceptor
2003 4777 2179 4862 adsideat,
2203 4783 2317 4857 dictet

289 4875 412 4964 lingua
430 4892 571 4940 omnem
586 4891 800 4940 sermonem.
851 4867 980 4942 Latine
995 4871 1113 4966 loqui,
1138 4869 1222 4964 quia
1237 4869 1274 4937 id
1326 4882 1590 4962 argumentum,
1622 4871 1822 4962 suppeditet
1839 4862 1959 4947 verba.
2013 4876 2083 4950 lste
2106 4906 2188 4952 enm
2211 4883 2318 4956 inve-

288 4971 471 5046 dpfficilius
504 4981 597 5055 erat,
633 4993 679 5040 ne
709 4971 855 5064 quidem
892 4987 1077 5044 conantur.
1137 4969 1275 5043 Deinde
1326 4970 1451 5041 niendi
1466 4995 1550 5041 cura
1565 4985 1775 5058 vacat,tutn
1792 4997 1894 5066 aegre
1910 4978 2039 5050 dictata
2056 4983 2196 5076 excipit.
2222 4985 2316 5060 Sero

289 5077 374 5173 quia
394 5075 449 5146 gui
475 5070 653 5145 ,imillbus
675 5073 915 5156 delectantur,
938 5077 1162 5147 eruditorum
1179 5097 1276 5145 com·
1327 5067 1393 5144 hac
1415 5073 1672 5145 consuetudine
1693 5099 1734 5147 eo
1758 5081 1998 5167 promoveris,
2036 5097 2076 5154 ut
2102 5109 2167 5156 suo
2193 5087 2317 5163 Marte

289 5177 420 5250 mercia
443 5173 569 5268 procul
584 5171 738 5264 fugiunt.
798 5171 906 5267 Apud
935 5201 1048 5248 unum
1071 5188 1278 5270 praecepto·
1327 5187 1476 5246 conetur
1490 5175 1663 5262 scrihere,
1684 5177 1714 5246 si
1728 5191 1847 5249 tamen
1862 5205 2021 5276 unquam
2038 5201 2197 5262 conatur.
2221 5190 2318 5264 Nam

287 5305 364 5354 rem
387 5279 499 5350 latino
521 5299 682 5347 sermone
704 5277 876 5368 utendum
896 5291 966 5366 est,
997 5283 1043 5350 ad
1066 5305 1171 5374 quem
1195 5301 1277 5349 cunr
1327 5277 1431 5347 illum
1460 5279 1564 5347 crede
1589 5279 1727 5369 virgula
1751 5281 1875 5354 divina
1896 5287 1940 5355 ad
1965 5279 2132 5361 virtutem
2163 5291 2320 5384 incitari,

286 5396 436 5456 ventum
457 5393 526 5467 est,
559 5375 622 5452 Dii
645 5377 880 5468 immortales,
910 5381 1014 5476 quale
1037 5379 1277 5476 spectaculum
1328 5379 1392 5476 qui
1413 5379 1469 5450 vel
1492 5403 1572 5452 sero
1591 5403 1659 5474 per
1676 5404 1750 5452 sese
1772 5399 1921 5457 conatur
1940 5387 2077 5484 aliquid
2091 5417 2319 5488 componere.
