4646 5824
198 266 275 344 φρ,
477 291 486 316 r
687 287 696 302 -
861 247 1024 332 nucu
1068 247 1573 334 onuaccaeaum.
2160 259 2228 338 ret

200 435 408 532 pontificatu
432 427 714 511 contendebant,
746 423 930 496 interfecto
956 423 1074 518 priore
1099 449 1195 518 pon-
1247 426 1369 503 me'nto
1384 426 1456 502 Dei
1474 453 1579 504 sunm
1602 427 1812 524 sanguinem
1834 423 2024 519 fuderunt,
2049 447 2088 506 et
2105 432 2228 502 insan-

202 533 410 614 tifieeOnia.
460 531 601 604 Horum
617 540 794 600 certamen
810 523 1197 614 auranitAntioehnm,
1250 531 1358 624 guine
1371 527 1684 624 Agnistolsssuss
1698 535 1874 608 laverunt·
1905 567 1906 570 ¹

202 641 265 737 qni
292 655 407 712 totum
436 657 585 725 regnum
615 631 817 723 opprimere
848 629 957 700 aruris
987 631 1198 702 muabatur.
1351 631 1444 706 Cum
1467 647 1587 708 autern
1606 635 1748 710 infinita
1768 636 1815 706 sit
1833 636 1949 728 oratio
1963 639 2008 708 de
2022 631 2132 708 huius
2145 637 2231 706 mili-

202 743 275 820 Sed
295 766 376 812 cum
396 738 531 808 familia
547 733 660 824 regia,
687 731 839 804 Davidis
855 731 1059 824 posteritas,
1085 755 1198 828 usque
1250 733 1320 808 tiae
1351 735 1477 822 lande,
1515 761 1591 808 uon
1621 737 1859 825 immorabor,
1901 740 2108 830 praesertim
2137 739 2174 807 in
2201 763 2232 808 re

205 849 251 918 ad
270 845 306 914 id
327 855 466 932 tempus
489 841 622 910 ducum
643 833 748 906 titulo
762 832 868 925 Reip.
892 849 1073 928 utcunque
1098 859 1200 928 prae-
1251 837 1420 936 omnibns
1449 837 1555 908 bonis
1581 853 1616 912 et
1636 839 1803 912 virtutem
1824 841 2026 912 amantibus
2049 840 2234 922 notissima,

207 961 311 1028 esset,
337 943 529 1034 reprimere
545 929 765 1009 Antiochum
785 935 891 1008 initio
912 949 1059 1008 conatus
1075 951 1129 1008 est
1144 935 1201 1006 vir
1252 937 1400 1014 diutius.
1448 937 1589 1012 Rursus
1611 955 1730 1014 autem
1752 941 1797 1012 de
1818 937 1876 1013 his
1897 942 2029 1013 nostris
2049 943 2235 1012 studiisdi·

205 1048 309 1125 fortis
325 1045 476 1116 loannes
491 1040 698 1135 Hyrcanos,
722 1035 861 1110 Mariae
881 1051 1023 1118 atavus,
1049 1039 1112 1132 qui
1129 1042 1201 1110 dux
1253 1064 1352 1126 cam,
1377 1065 1468 1135 qnae
1489 1055 1634 1134 propter
1653 1043 1849 1114 discordias
1864 1045 2023 1136 publicas
2038 1045 2140 1135 apud
2151 1047 2235 1114 mul-

207 1173 290 1224 suae
312 1145 426 1238 gentis
449 1168 490 1216 eo
508 1159 665 1233 tempore
679 1140 759 1214 fuit.
811 1139 892 1212 lloc
907 1139 1111 1226 interfecto,
1137 1165 1203 1232 po-
1254 1156 1309 1214 tos
1329 1142 1368 1212 in
1391 1142 1476 1214 odio
1498 1158 1593 1220 sunt.
1653 1143 1724 1216 sed
1747 1161 1891 1238 propter
1912 1139 1977 1216 has
1999 1145 2095 1236 ipsas
2116 1168 2236 1230 causas,

207 1267 281 1326 stoa
305 1249 414 1340 Resp.
443 1247 567 1316 orbata
597 1245 687 1314 duce
708 1241 787 1314 sine
807 1241 884 1316 ullo
904 1243 1049 1314 custode
1071 1257 1105 1314 et
1124 1243 1203 1314 sine
1254 1244 1338 1338 qnia
1364 1257 1449 1316 suut
1476 1245 1688 1336 opinionum
1713 1247 1878 1332 dissidia,
1907 1261 1945 1318 et
1965 1247 2140 1317 alienatae
2164 1260 2236 1316 suut

209 1351 385 1448 praesidio
408 1349 493 1432 fuit,
518 1371 558 1416 ac
579 1344 709 1436 passim
725 1344 872 1414 inermis
885 1343 1079 1416 multitudo
1094 1344 1204 1416 truci·
1255 1345 1476 1432 voluntates,
1503 1371 1643 1420 necesse
1663 1362 1716 1420 est
1735 1349 1869 1419 maiore
1889 1372 1973 1420 tura
1993 1365 2089 1418 recta
2104 1348 2236 1432 discere,

210 1459 364 1530 dabatur
391 1464 432 1522 ut
463 1449 624 1542 pecudes.
674 1443 745 1518 Hic
773 1459 906 1540 quauta
930 1446 1042 1518 virtus
1076 1445 1204 1538 privati
1255 1447 1421 1540 amplecti
1452 1461 1488 1520 et
1520 1473 1728 1540 propagare:
1770 1451 1872 1522 cuius
1900 1451 1954 1520 rei
1980 1449 2181 1540 exemplum
2207 1465 2236 1519 et

210 1554 370 1629 hominis
391 1547 602 1624 Maclrabaei
622 1547 708 1633 fuit,
741 1547 804 1642 qui
828 1547 1047 1620 voluntarios
1069 1549 1206 1640 aliquot
1257 1547 1333 1642 ipsa
1356 1545 1504 1622 historia
1527 1547 1829 1632 Macchabaeorum
1850 1551 2025 1636 ostendit,
2049 1553 2096 1622 de
2119 1550 2237 1643 quibus

212 1657 343 1732 milites
364 1653 558 1738 contraxit,
583 1664 617 1722 et
635 1645 728 1720 lranc
743 1651 903 1739 exiguam
919 1673 1063 1720 ananum
1081 1650 1206 1740 ingen-
1257 1651 1429 1742 scriptum
1459 1665 1527 1724 est:
1558 1653 1662 1724 Docti
1687 1653 1727 1726 iu
1751 1655 1883 1746 populo
1904 1654 2037 1726 multos
2057 1654 2239 1726 docebunt.

196 1763 310 1834 ¹tibus
324 1754 481 1828 hostiurn
496 1753 608 1846 copiis
620 1775 801 1844 opponere
813 1773 920 1822 ausus
932 1751 1007 1822 est?
1057 1749 1207 1822 Necde-
1256 1750 1407 1824 Netum
1430 1753 1576 1846 quidem
1593 1755 1687 1828 inter
1701 1755 1842 1826 classica
1857 1770 1890 1826 et
1906 1755 2001 1824 inter
2012 1755 2149 1824 civium
2164 1775 2238 1842 sup-

213 1875 315 1936 errent
336 1874 421 1930 tune
441 1881 603 1952 quoque,
629 1853 693 1946 qui
713 1849 782 1926 hoc
801 1852 992 1924 eonsilium
1013 1847 1207 1944 reprehen-
1258 1853 1364 1946 plicia
1386 1855 1517 1926 eruditi
1540 1852 1722 1941 homines,
1746 1855 1908 1940 etsrrmi,
1932 1856 2119 1926 doctrinae
2133 1855 2239 1926 studia

214 1967 364 2047 debant,
389 1959 453 2054 qui
467 1955 771 2039 vociferabantur,
795 1954 974 2046 privatum
990 1955 1207 2026 noudebere
1258 1955 1483 2031 abiiciebaut.
1533 1953 1649 2028 Erant
1666 1957 1762 2028 euim
1777 1957 1955 2030 refutandi
1968 1957 2092 2048 impii,
2117 1956 2177 2049 qui
2191 1981 2239 2026 re·

214 2091 313 2141 arma
327 2085 469 2156 capere,
495 2057 680 2130 stultitiam
696 2077 787 2141 esse,
810 2079 960 2150 parvum
975 2079 1102 2146 agmen
1115 2055 1208 2128 obii·
1259 2057 1409 2148 ligiones
1432 2059 1622 2130 intersere
1644 2061 1931 2146 confundebant,
1954 2083 2035 2130 enm
2056 2059 2161 2127 multi
2175 2059 2239 2128 dis·

215 2192 294 2244 ecre
314 2163 519 2255 ingentibus
538 2157 760 2233 exercitibus.
811 2155 884 2230 Sed
897 2160 1044 2231 ardebat
1058 2153 1208 2230 Macha-
1261 2171 1427 2251 putarent
1448 2155 1543 2230 nihil
1567 2161 1735 2233 interesse
1756 2161 1850 2231 iuter
1868 2159 2021 2232 Graecas
2039 2173 2076 2230 et
2091 2157 2238 2228 ludaicas

214 2269 296 2346 baei
323 2280 444 2360 pectus
469 2263 556 2347 fide,
588 2261 719 2332 sciebat
740 2257 816 2330 Deo
840 2255 908 2330 hoc
932 2261 1087 2332 officium
1112 2259 1209 2330 viros
1259 2261 1447 2354 opiniones
1467 2263 1512 2332 de
1528 2259 1622 2334 Deo:
1647 2284 1759 2334 unum
1775 2285 1908 2332 numen
1924 2287 1944 2334 a
1961 2285 2033 2356 quo
2049 2259 2239 2332 conditasit

214 2375 324 2444 fortes
337 2389 460 2440 omnes
476 2366 623 2449 debere,
648 2375 689 2434 ut
704 2385 806 2434 verae
818 2362 1003 2434 doctrinae
1018 2361 1209 2456 possessio-
1260 2386 1381 2434 rerum
1403 2375 1552 2450 natura,
1576 2365 1623 2436 ab
1640 2364 1807 2434 omnibus
1820 2366 1984 2454 gentibus
1999 2364 2091 2448 coli,
2115 2360 2239 2433 etiamsi

215 2497 298 2547 nem
314 2483 497 2542 tueantur:
523 2479 564 2538 ut
577 2465 763 2554 coniuges,
786 2463 933 2548 liberos,
957 2465 1119 2555 patriam,
1146 2487 1211 2554 pa·
1261 2465 1420 2535 diversae
1446 2466 1520 2536 siut
1541 2466 1807 2558 appeltartones.
1864 2464 1932 2536 His
1955 2464 2155 2556 praestigiis
2175 2477 2238 2532 tum

216 2576 307 2650 triae
327 2569 551 2664 disciplinam
572 2567 680 2638 armis
697 2578 828 2654 tegant.
881 2563 994 2637 Norat
1008 2561 1211 2635 hancmili-
1261 2591 1404 2660 quoqne
1433 2567 1539 2638 multi
1565 2568 1850 2660 decipiebantur:
1883 2591 1970 2661 quas
1999 2581 2041 2637 ut
2069 2567 2239 2658 perspicue

127 2696 157 2772 ι’
216 2681 303 2750 tiam
326 2671 404 2745 Deo
431 2669 673 2762 gratissimum
704 2667 840 2738 cultum
869 2689 960 2754 csse,
993 2681 1028 2740 et
1048 2665 1210 2742 adiuvari
1262 2669 1504 2750 confutarent,
1529 2691 1619 2761 opus
1640 2671 1710 2740 fuit
1730 2669 1867 2740 erudite
1881 2668 2036 2739 discerni
2053 2669 2239 2756 religiones.

217 2803 295 2850 earn
317 2773 501 2856 divinitus.
552 2769 613 2844 Sic
635 2793 715 2840 curn
731 2767 897 2846 sentiret,
920 2793 984 2840 nec
999 2771 1118 2840 deesse
1131 2769 1211 2839 offi-
1245 2768 1332 2840 llic
1358 2769 1454 2842 docti
1477 2773 1669 2844 monebant
1688 2773 1851 2842 deerrare
1871 2793 2034 2842 omnesa
2059 2795 2144 2840 vero
2162 2765 2239 2846 Deo,

217 2882 273 2952 cio
294 2877 418 2962 vellet,
444 2874 561 2944 videte
583 2895 689 2966 quarn
712 2871 844 2966 multae
862 2869 901 2940 in
919 2895 992 2943 una
1007 2897 1045 2942 re
1062 2873 1211 2942 virtutes
1262 2873 1324 2966 qui
1348 2897 1423 2943 nou
1444 2889 1674 2962 agnoscerent
1694 2897 1775 2944 curn
1798 2873 1837 2942 iu
1859 2897 1899 2944 ea
1915 2871 2103 2958 doctriua,
2126 2871 2240 2961 inqua

218 2977 410 3054 extiterint.
460 2975 666 3046 Intellectus
681 2986 829 3046 ctamor
843 2974 1025 3068 doctrinae
1040 2973 1212 3058 eoelestis,
1263 2997 1299 3044 se
1328 2973 1404 3065 ipse
1431 2976 1536 3046 certis
1560 2989 1596 3048 et
1614 2975 1814 3048 illustribus
1838 2973 2053 3046 testimoniis
2073 2969 2239 3064 patefecit:

219 3079 422 3155 obedientia
447 3077 522 3150 Deo
547 3075 684 3160 debita,
709 3073 819 3166 pietas
839 3097 920 3164 erga
943 3073 1111 3164 patriam,
1135 3099 1212 3143 ma·
1264 3097 1329 3146 nec
1341 3076 1425 3146 sciri
1440 3078 1658 3149 voluntatem
1675 3078 1770 3162 eius,
1793 3100 1839 3146 an
1853 3073 2162 3158 etcurenandiat,
2182 3067 2239 3140 nisi

218 3183 370 3278 gnitudn
385 3175 497 3251 animi
510 3192 588 3249 orta
602 3201 643 3246 er
658 3176 785 3246 fiducia
801 3173 1108 3268 praescntiaeDel,
1134 3201 1211 3246 mo·
1265 3177 1515 3270 promissiones
1535 3191 1742 3264 teneantur,
1766 3178 1804 3248 in
1829 3171 1895 3247 hac
1914 3199 1986 3248 una
2003 3190 2108 3266 gente
2123 3197 2239 3266 propo·

218 3285 356 3358 deratio
377 3283 502 3372 ingens
523 3278 567 3348 iu
584 3278 803 3372 perferendis
817 3278 1012 3349 amicorum
1030 3293 1065 3351 et
1081 3277 1212 3349 civium
1264 3280 1361 3354 sitae.
1411 3277 1574 3373 Cumque
1587 3304 1663 3349 non
1679 3291 1794 3350 essent
1810 3279 1961 3350 leviores
1975 3299 2117 3370 pugnae
2132 3276 2240 3364 dispu-

219 3387 376 3460 iniuriis.
426 3379 493 3454 His
516 3379 708 3452 virtutibus
725 3404 804 3450 cram
820 3379 953 3452 faveret
965 3375 1079 3462 Deus,
1104 3379 1212 3450 foelix
1264 3381 1459 3462 tationem,
1490 3403 1596 3474 quarn
1625 3381 1895 3452 dimicationum
1926 3379 1964 3449 in
1985 3379 2083 3461 acie,
2115 3373 2239 3464 magui-

219 3506 254 3563 et
283 3486 446 3561 salutaris
472 3483 542 3556 fuit
567 3483 642 3553 eius
666 3481 794 3552 militia
819 3477 997 3552 Ecclesiae
1020 3479 1107 3563 Dei,
1140 3507 1212 3574 quo
1264 3484 1352 3553 tudo
1374 3505 1494 3554 rerum
1518 3483 1700 3562 excitavit,
1728 3481 1860 3552 erudiit
1876 3495 1912 3554 et
1926 3481 2022 3552 acuit
2039 3481 2185 3560 multos,
2207 3487 2239 3543 ut

219 3593 361 3664 nullum
383 3587 497 3658 maius
512 3585 648 3656 donum
664 3583 780 3676 optari
797 3595 921 3675 poseat.
973 3581 1015 3654 ln
1033 3579 1129 3654 huuc
1145 3583 1212 3672 igi·
1265 3584 1454 3674 religiones
1482 3585 1612 3654 rectius
1635 3585 1892 3668 discernerent,
1922 3585 2020 3676 quod
2043 3605 2141 3652 nune
2162 3599 2239 3669 quo·

218 3713 279 3767 tur
301 3695 426 3766 ducem
449 3690 650 3772 intuentes,
684 3709 765 3756 cum
792 3699 827 3758 et
847 3685 1067 3758 voluntatem
1087 3685 1213 3777 ipsius,
1265 3711 1335 3780 que
1348 3686 1549 3756 faciendum
1563 3699 1626 3759 est.
1677 3683 1770 3757 Sunt
1782 3685 1878 3754 enim
1892 3683 2007 3769 multi,
2030 3684 2095 3777 qui
2107 3695 2146 3753 ut
2155 3677 2238 3748 idola

220 3813 256 3870 et
269 3793 334 3866 Dei
354 3790 575 3874 testimonia,
599 3787 662 3882 qui
680 3781 773 3858 hanc
783 3786 949 3858 militiam
964 3781 1214 3878 pulcherrimis
1264 3785 1459 3870 stabiliant,
1475 3787 1662 3858 artificiose
1674 3811 1714 3858 ea
1727 3787 1817 3858 fucis
1830 3787 1991 3879 pingunt.
2018 3781 2141 3868 Multi,
2156 3791 2238 3871 post·

220 3896 382 3970 victoriis
408 3905 529 3977 ornat,
567 3887 891 3971 considerabimus,
929 3887 1078 3960 virtutes
1103 3888 1215 3982 ipsius
1266 3913 1373 3984 qnam
1390 3890 1512 3962 vident
1525 3889 1643 3960 ocium
1657 3913 1762 3960 suum
1775 3887 2024 3972 interturbari,
2048 3901 2236 3980 quanquam

220 4023 288 4094 pro
308 4013 429 4070 nostro
450 3995 557 4064 modo
575 3990 768 4064 imitemur.
818 3985 897 4062 Etsi
914 3989 1012 4060 enim
1027 3990 1130 4061 dulce
1146 4013 1215 4058 no-
1266 4005 1369 4062 antea
1396 3990 1465 4060 visi
1492 4005 1576 4062 sunt
1599 3991 1749 4082 probare
1773 4011 1875 4060 veras
1894 3988 2107 4072 sententias,
2137 3999 2237 4054 temen

222 4125 305 4174 rnen
328 4115 379 4172 est
402 4097 514 4188 pacis,
536 4108 571 4165 et
594 4117 667 4164 non
689 4103 773 4167 sunt
792 4093 1002 4164 accersenda
1025 4092 1135 4170 bella:
1160 4105 1216 4162 ta-
1267 4117 1363 4163 nunc
1378 4115 1414 4162 se
1431 4107 1612 4178 retexunt,
1636 4092 1807 4163 simulant
1819 4089 1977 4162 studium
1991 4082 2237 4165 moderationis,

218 4229 304 4288 ,rnen
320 4225 400 4272 cum
422 4199 644 4275 inferuntur,
671 4197 876 4286 praesertim
890 4195 936 4264 ad
948 4194 1138 4266 delendam
1155 4217 1214 4264 ve-
1267 4195 1394 4266 iubent
1424 4193 1520 4288 pacis
1548 4217 1650 4264 eausa
1680 4193 1803 4284 largiri
1833 4193 2006 4286 quaedem
2035 4183 2237 4264 adversariis,

221 4331 298 4377 ram
313 4307 358 4375 de
368 4301 444 4374 Deo
459 4299 678 4379 doctrinam,
704 4297 750 4366 ad
764 4296 984 4368 inducendas
999 4295 1037 4366 in
1052 4296 1215 4387 patriam,
1267 4299 1406 4386 fingunt
1429 4309 1543 4367 astute
1563 4295 1829 4368 conciliatioues
1841 4293 2044 4384 ambiguas,
2067 4313 2155 4386 quae
2170 4301 2235 4357 tau·

220 4409 409 4486 barbaras,
442 4401 588 4494 impias,
620 4397 781 4468 crudeles
803 4411 941 4488 gentes,
973 4399 1018 4468 ad
1040 4397 1158 4488 legum
1181 4411 1216 4468 et
1267 4423 1376 4493 quam
1389 4393 1570 4480 cothurni,
1590 4399 1733 4492 utrique
1744 4395 1837 4489 parti
1850 4395 2040 4466 videantur
2051 4409 2235 4482 congruere·

222 4507 431 4601 disciplinae
452 4501 688 4574 eversionem:
714 4495 773 4570 bic
794 4524 880 4571 vero
900 4499 1135 4570 exuscitemus
1150 4521 1217 4574 nos
1268 4499 1322 4574 Ac
1349 4514 1389 4570 ιιι
1407 4499 1477 4570 fuit
1496 4499 1671 4594 quispiam
1693 4499 1840 4570 nomine
1860 4495 2057 4581 Eccbolus,
2091 4493 2233 4588 quicum

223 4611 366 4684 coelesti
382 4629 483 4690 voce,
505 4618 541 4677 et
554 4601 898 4676 anteferamusvitae
913 4615 1053 4672 nostrae
1066 4599 1217 4690 gloriam
1266 4615 1357 4673 emet
1378 4595 1572 4684 Ethnicus,
1602 4613 1698 4672 metu
1720 4597 1922 4672 Constantii
1945 4593 2163 4688 imperatoris
2182 4589 2235 4659 sd·

223 4713 311 4796 Dei,
336 4725 370 4782 et
392 4707 527 4802 patriae
549 4705 714 4777 salntem:
741 4727 878 4798 nosque
899 4727 973 4774 non
987 4705 1032 4774 ad
1049 4702 1166 4772 ocium
1182 4717 1218 4774 et
1269 4703 1385 4775 iunxit
1404 4727 1442 4774 se
1457 4697 1689 4794 Christianis,
1714 4703 1843 4772 deinde
1860 4697 1988 4770 lulisni
2003 4711 2156 4790 tempore
2167 4712 2233 4762 rur·

222 4817 423 4906 voluptates
445 4811 482 4882 in
501 4802 567 4878 hae
586 4806 657 4878 vita
674 4804 836 4876 conditos
852 4827 926 4876 esse
941 4803 1219 4891 meminerimus,
1268 4827 1328 4876 sus
1356 4805 1473 4896 palam
1505 4803 1575 4876 fnit
1598 4797 1709 4874 hostis
1730 4797 2033 4874 Christianorum:
2067 4821 2143 4870 curn
2165 4811 2232 4860 vcr⁰

223 4920 283 4988 sed
315 4929 355 4988 ιιι
374 4907 444 4984 Dei
470 4921 574 4984 testes
605 4920 640 4980 et
662 4901 840 4978 Ecclesiae
864 4908 1066 4978 defensores
1087 4905 1216 4976 simus:
1269 4929 1392 4978 rursus
1421 4905 1571 4994 imperio
1596 4906 1729 4995 potitus
1750 4917 1839 4976 esset
1859 4904 2041 4994 princeps,
2072 4896 2231 4972 Christum

223 5043 288 5093 nec
309 5015 465 5109 pericula
485 5026 545 5082 aut
561 5022 711 5082 mortem
729 5007 769 5088 in
784 5031 826 5080 ca
839 5009 967 5080 militia
984 5008 1219 5098 defugiamus,
1268 5029 1461 5096 agnoscens
1470 5005 1756 5088 Valentinianus,
1780 5005 1885 5076 rediit
1902 4999 2118 5074 etEcebolus
2128 4999 2167 5067 ad
2176 4989 2230 5108 tq

222 5119 352 5192 victuri
376 5129 495 5208 postea
516 5111 555 5182 in
579 5111 836 5184 cousuetudine
854 5107 944 5194 Dei,
975 5111 1040 5182 ubi
1062 5110 1219 5180 aeternis
1269 5109 1427 5181 alesiam:
1454 5109 1542 5180 tales
1561 5103 1851 5180 Chamaeleontes
1872 5129 1968 5176 nunc
1989 5124 2129 5197 quoque
2146 5095 2230 5167 mults

222 5217 388 5310 praemiis
409 5212 495 5288 lraec
517 5215 632 5290 virtus
653 5213 854 5287 ornabitur.
906 5209 1092 5301 Quantum
1108 5212 1216 5284 decus
1267 5227 1371 5297 sunt,
1404 5212 1466 5304 qui
1486 5211 1641 5280 colorem
1662 5210 1813 5280 subinde
1831 5219 1981 5280 mumut.
2033 5203 2116 5276 ldeo
2135 5201 2229 5270 honae

223 5319 291 5390 erit
313 5318 353 5388 in
374 5317 439 5388 illo
458 5330 601 5388 aeterno
624 5327 746 5401 coctu,
778 5313 974 5408 praedicari
995 5307 1062 5384 hoe
1079 5313 1216 5407 Διιῐιιιιι-
1268 5327 1403 5386 mentes
1426 5311 1560 5383 maiore
1580 5323 1664 5382 cura
1686 5311 1865 5381 instruant
1886 5333 1923 5379 se
1944 5306 2059 5378 solida
2084 5298 2229 5376 doctum

221 5413 521 5524 psalteratus?
572 5413 669 5490 tsTt
694 5429 778 5490 sont
793 5415 925 5500 sancti,
937 5414 1013 5510 qui
1026 5438 1093 5507 pro
1108 5427 1215 5487 testa·
1268 5440 1313 5486 ne
1329 5411 1396 5486 Dei
1413 5413 1543 5484 noticia
1559 5413 1598 5484 in
1614 5412 1717 5484 terris
1733 5413 1968 5504 extinguatur.
