4688 5826
223 239 301 324 tes
708 231 871 316 DECL.
903 233 981 314 DE
1011 229 1417 312 asraottoutt
1448 233 1526 316 ΕΤ
1558 231 1783 318 GEOGR.
2185 241 2266 322 200

226 415 427 494 uecusitati
441 413 679 510 prospexerit,
704 411 810 484 valde
823 424 1002 484 amantem
1017 433 1090 484 esse
1104 409 1220 482 nostri
1271 410 1412 487 circiter
1430 413 1723 486 sexcentesimum
1744 435 1899 500 annum,
1931 410 2168 510 deprehendit
2186 431 2268 510 post

227 522 386 622 generis,
417 543 481 592 seu
507 531 548 591 ut
578 518 654 612 ipse
682 516 753 603 ait,
786 507 1073 612 φιλάνθρωπον.
1148 512 1220 586 Sed
1271 513 1516 588 Ptolomaeum
1529 539 1620 610 opus
1634 539 1708 588 ease
1722 517 1981 594 emendatione.
2028 516 2169 590 Deinde
2182 543 2267 592 rur-

228 625 314 698 haec
354 625 501 696 fortasse
535 621 612 692 sine
650 619 813 691 doctrina
849 619 1031 690 observari
1062 629 1221 710 possunt,
1271 641 1331 690 sus
1354 618 1585 692 eruditissimi
1608 613 1772 692 homines
1794 619 1946 712 primam
1967 623 2063 694 viam
2080 647 2161 692 cum
2176 646 2267 716 qua-

229 751 433 826 qoanquam
460 727 549 796 ordo
578 722 690 814 magis
715 721 946 814 conspicitur,
976 745 1057 792 curn
1087 719 1221 790 accedit
1272 723 1354 792 darn
1384 721 1602 794 correctione
1631 721 1762 808 secuti,
1802 723 2006 800 maluerunt
2033 748 2170 796 annum
2194 749 2267 796 esse

228 831 394 906 eruditio.
457 825 584 900 Dicam
607 827 717 917 igitur
738 827 783 896 de
802 825 847 896 iis
869 823 1102 907 utilitatibus,
1130 845 1221 916 quae
1271 824 1427 894 reditum
1447 822 1543 896 Solis
1562 826 1607 896 ad
1627 837 1759 896 certam
1779 825 1918 896 stellam
1940 828 2065 909 lium,
2097 851 2180 898 cunr
2200 823 2268 900 hoc

228 935 496 1018 emitterentur,
528 929 686 1019 neglecta
709 928 883 1002 doctrina.
934 922 1070 1012 Erunt,
1102 923 1222 1018 inquit
1273 927 1381 996 modo
1408 926 1630 1016 longioribus
1653 927 1781 1020 spaciis
1801 928 1921 1000 minor
1941 930 2178 1025 inaequalitas
2199 930 2269 1002 eir-
2294 941 2298 952 '

230 1034 396 1117 Moises,
410 1035 450 1104 in
469 1033 588 1124 signa,
613 1045 792 1122 tempora,
817 1030 892 1099 dies
914 1043 948 1102 et
968 1052 1093 1104 annos.
1151 1025 1222 1096 Hie
1273 1029 1389 1100 cuitus
1404 1031 1491 1100 anni
1504 1031 1683 1123 adpareat

230 1139 380 1212 eoeleste
407 1137 590 1208 oraculum
619 1132 790 1225 praecipit
819 1132 940 1222 generi
972 1126 1150 1215 humano,
1181 1142 1222 1200 ut
1375 1129 1529 1204 Haeceo
1546 1133 1725 1216 recensui,
1751 1133 2025 1222 utdiligentianr
2047 1157 2268 1206 summorum

230 1255 343 1313 certas
364 1240 450 1310 anni
472 1252 581 1336 metas
599 1236 774 1306 divinitus
790 1235 1006 1328 propositas,
1029 1234 1140 1304 discat
1156 1233 1219 1302 ob·
1274 1235 1435 1306 virorum
1458 1235 1707 1322 admiremini,
1741 1235 1805 1330 qui
1825 1250 1939 1308 certos
1961 1235 2103 1323 Festos,
2136 1251 2268 1309 certam

230 1367 388 1424 servare,
409 1355 445 1413 et
459 1340 644 1412 intervalla
661 1361 837 1408 annorum
854 1337 1063 1410 consideret.
1114 1333 1221 1424 Quod
1275 1338 1362 1408 anni
1374 1337 1648 1430 descriptionem
1663 1340 1771 1410 nobis
1786 1341 1924 1410 tradere
1940 1341 2164 1412 studuerunt.
2192 1337 2266 1410 lam

230 1448 310 1517 sine
330 1445 531 1516 eruditione
553 1455 585 1512 et
603 1457 764 1513 motuum
776 1440 981 1529 cognitione
997 1461 1223 1534 nequaquam
1276 1442 1442 1530 cogitate,
1468 1454 1641 1535 quantum
1658 1435 1727 1510 hoc
1741 1442 1787 1511 sit
1802 1441 2025 1518 beneficium.
2076 1441 2155 1512 Nisi
2171 1443 2267 1512 enirn

229 1549 308 1620 lieri
330 1560 455 1639 potest.
512 1540 666 1616 Addidit
686 1543 795 1634 igitur
815 1543 911 1614 Deus
932 1541 1036 1612 nobis
1060 1543 1222 1610 umbram
1276 1544 1426 1614 artifices
1448 1537 1541 1612 hanc
1566 1556 1767 1635 temporum
1791 1545 1918 1614 seriem
1940 1545 2268 1614 nobisconservas·

231 1651 440 1734 doctricem,
473 1661 513 1718 ut
543 1647 766 1741 aequinoctia
797 1659 831 1716 ct
853 1643 948 1717 Solis
975 1644 1223 1714 conversiones
1276 1660 1373 1732 sent,
1406 1669 1496 1739 quae
1520 1659 1635 1716 essent
1656 1647 1871 1736 religionum
1897 1659 2003 1740 alque
2024 1647 2189 1718 omnium
2211 1641 2268 1715 hi-

232 1755 420 1824 observare
443 1771 640 1842 possemus,
666 1748 804 1818 addidit
825 1771 1055 1818 numerorum
1073 1758 1226 1816 etmen-
1278 1748 1467 1820 storiarum
1491 1749 1674 1833 tenebrae,
1709 1771 1799 1842 quae
1823 1747 1984 1820 conlusio
2016 1749 2125 1820 totius
2150 1749 2267 1820 vitae?

232 1879 396 1926 surarum
420 1852 618 1934 scientiam,
652 1875 741 1944 quac
763 1864 898 1921 mentes
918 1849 957 1918 in
981 1849 1119 1919 coelum
1140 1847 1224 1918 sub-
1277 1850 1358 1922 Non
1383 1850 1512 1920 animis
1534 1863 1630 1922 retro
1657 1851 1772 1941 legere
1795 1851 1923 1922 mundi
1945 1850 2050 1922 initia
2075 1873 2269 1944 possemus,

231 1951 349 2038 vehit,
383 1969 421 2026 ut
448 1968 559 2024 certas
588 1953 662 2022 vias
682 1951 896 2038 huminum,
927 1975 966 2022 ac
990 1963 1101 2021 metas
1125 1949 1224 2044 quasi
1277 1976 1351 2024 non
1366 1953 1534 2023 sciremus
1551 1977 1642 2048 quae
1654 1952 1844 2044 religiones
1862 1953 2015 2045 priores,
2041 1977 2134 2048 quae
2152 1965 2270 2046 poste·

232 2059 345 2130 oculis
365 2057 504 2146 signare
528 2055 714 2148 possimus.
767 2053 890 2148 ltaque
913 2067 948 2125 et
968 2054 1074 2146 primi
1096 2077 1224 2146 paren·
1278 2057 1388 2126 riores
1414 2055 1579 2128 inissent:
1621 2069 1711 2126 esset·
1739 2055 1860 2144 ignota
1886 2056 1994 2124 series
2022 2054 2270 2148 imperiorum,

231 2176 283 2234 tes
307 2175 341 2232 et
366 2161 531 2251 deinceps
552 2171 672 2249 gentes
688 2157 918 2242 eruditiores,
950 2171 984 2227 et
999 2157 1037 2224 in
1052 2150 1108 2224 his
1125 2155 1225 2244 inge·
1277 2159 1499 2228 nescirentur
1521 2155 1700 2230 Ecclesiae
1727 2157 1831 2228 initia
1861 2171 1895 2228 et
1917 2154 2138 2250 propagatio.
2196 2155 2269 2227 Has

231 2262 438 2347 niosissimi‚
459 2285 597 2352 semper
610 2261 838 2331 elaborarunt
852 2259 890 2328 in
903 2260 1125 2329 observando
1138 2257 1224 2326 anni
1277 2274 1394 2332 tantas
1417 2284 1473 2330 res
1491 2274 1532 2330 ut
1554 2261 1741 2342 sciremus,
1767 2257 1865 2330 Deus
1886 2273 1922 2330 et
1943 2260 2134 2352 praecipit,
2158 2275 2201 2332 ut
2215 2259 2268 2330 di-

232 2365 394 2450 circuitu,
415 2377 454 2434 ut
469 2375 596 2433 certam
609 2377 810 2454 temporum
822 2362 949 2432 seriem
964 2374 1225 2444 conservarent,
1276 2387 1413 2434 scamus
1430 2363 1517 2456 quid
1532 2363 1578 2432 sit
1592 2385 1727 2449 annus,
1752 2375 1787 2432 et
1802 2375 1976 2434 monstrat
1996 2385 2131 2433 annum
2151 2362 2268 2432 conti.

232 2491 384 2564 quorum
409 2481 442 2536 et
457 2465 666 2536 beneficium
682 2479 820 2554 gratum
837 2465 941 2534 nobis
955 2487 1028 2532 esse
1044 2465 1166 2548 debet,
1191 2475 1225 2532 et
1278 2489 1362 2538 nere
1384 2489 1522 2536 menses
1543 2465 1753 2550 duodecim,
1785 2478 1818 2536 et
1841 2465 1945 2542 initia
1974 2465 2014 2534 in
2040 2463 2266 2558 aequinoctio

231 2571 411 2640 laudanda
435 2567 596 2652 solertia,
628 2567 833 2658 diligentia,
865 2566 1069 2651 assiduitas,
1096 2565 1224 2634 volun·
1277 2568 1472 2644 constituit.
1515 2565 1612 2638 Haec
1629 2567 1753 2660 primis
1774 2563 1982 2638 hominibus
1998 2567 2184 2638 doctrinae
2200 2562 2267 2637 hu·

230 2685 285 2744 tas
302 2673 391 2742 bene
409 2669 568 2740 merendi
584 2670 627 2738 de
641 2693 769 2760 genere
783 2665 953 2744 humano.
998 2666 1094 2740 Sunt
1107 2681 1223 2739 autem
1277 2673 1333 2742 ius
1346 2669 1482 2741 semina
1496 2671 1653 2745 luerunt.
1705 2667 1825 2758 Quare
1845 2669 1987 2742 coelesti
2008 2667 2069 2740 illa
2097 2693 2185 2740 voce
2205 2671 2267 2738 ad-

233 2775 395 2844 solertiae
420 2787 455 2844 et
477 2771 681 2862 diligentiae
703 2771 905 2844 testimonia
928 2771 1079 2842 illustria
1103 2770 1225 2855 multa,

232 2873 478 2968 utEclipsium
497 2869 767 2968 praedictiones,
783 2888 817 2944 et
836 2875 911 2966 ipsa
926 2872 1225 2964 anaidescriptio,

233 2977 334 3050 cuius
358 2977 542 3062 circuitus,
575 2990 616 3047 ut
640 2991 815 3070 quantum
837 2977 914 3046 lieri
937 2989 1072 3069 posset,
1100 2976 1224 3044 certis-

234 3081 322 3152 sime
338 3075 708 3172 comprehenderetur.

337 3180 444 3256 Varie
458 3195 628 3254 certatum
643 3195 705 3254 est.
737 3177 976 3252 Vetustissimi
991 3180 1143 3249 reditum
1156 3177 1225 3249 So-

232 3285 278 3355 lis
300 3287 345 3356 ad
368 3298 498 3354 certam
522 3284 659 3354 stellam
678 3284 801 3372 fixam,
825 3307 949 3353 verum
966 3283 1050 3352 anni
1068 3281 1223 3374 spacium

233 3411 307 3458 esse
330 3401 526 3461 senserunt.
576 3383 717 3456 Deinde
740 3411 820 3456 curn
845 3385 981 3480 aliquot
1004 3385 1132 3454 seculis
1146 3397 1225 3476 post

234 3490 521 3560 animadversum
537 3502 644 3572 esset,
666 3487 786 3558 stellas
799 3510 998 3579 progressas
1011 3511 1095 3572 esse,
1116 3511 1224 3580 quae-

146 3609 148 3613 ·
234 3595 344 3662 renda
366 3591 435 3662 luit
455 3591 610 3661 aliavia.
661 3587 782 3680 Quare
803 3589 922 3680 Meto,
950 3614 1055 3682 quem
1073 3583 1225 3659 Athenis

233 3695 360 3764 vixisse
389 3694 566 3774 scribunt,
607 3717 700 3788 avus
721 3693 851 3786 opinor
877 3687 1122 3783 Empedoclis,
1163 3694 1225 3760 de-

234 3797 373 3890 scripsit
396 3819 531 3868 annum
548 3819 620 3864 esse
634 3795 788 3864 reditum
803 3794 841 3862 in
856 3795 949 3864 idem
965 3793 1108 3864 solstitii
1121 3794 1226 3862 aesti-

218 3899 271 3986 ¹vi
288 3913 473 3992 punctum.
527 3893 621 3986 Quia
640 3896 734 3965 enim
752 3891 1032 3968 Atheniensibus
1050 3895 1136 3965 artai
1155 3895 1224 3963 ini-

235 4001 325 4072 tium
348 4014 423 4070 erat
446 3999 637 4070 solstitium
658 3999 848 4082 aestivum,
882 3997 921 4066 in
945 4023 985 4067 eo
1009 4011 1139 4066 metam
1161 4021 1227 4088 po-

234 4103 306 4173 tius
325 4103 520 4175 constituit.
572 4099 729 4186 Deinde,
759 4115 838 4194 post
851 4097 1048 4172 Alexandri
1066 4112 1226 4180 aetatem,

233 4200 461 4297 Hipparchus
494 4203 621 4276 maluit
654 4205 841 4275 observare
871 4201 1093 4296 aequinoctia
1120 4227 1225 4295 quarn

235 4307 407 4394 solstitia,
441 4308 525 4400 quia
552 4307 689 4400 aliquot
717 4307 845 4376 diebus
874 4306 965 4376 cirea
996 4303 1144 4375 solstitia
1166 4329 1226 4372 va-

236 4411 341 4481 riatio
370 4408 619 4480 declinationis
647 4411 693 4478 ad
719 4407 1013 4502 aequinoctialem
1038 4429 1145 4476 sensu
1165 4408 1227 4476 de-

236 4507 410 4606 prehendi
434 4537 507 4581 non
531 4495 656 4602 potest]
724 4508 871 4580 Definiit
894 4533 975 4600 ergo
1000 4503 1228 4600 Hipparchus

237 4639 371 4686 annum
388 4639 461 4685 esse
474 4613 627 4685 reditum
638 4613 732 4685 Solis
747 4613 785 4680 in
801 4613 894 4682 idem
908 4611 1124 4706 aequinoctii
1136 4635 1227 4702 pun-

237 4732 344 4790 ctum.
403 4715 509 4787 Hunc
532 4730 671 4786 secutus
686 4713 932 4802 Ptolomaeus,
962 4727 996 4785 et
1010 4735 1090 4784 suas
1106 4715 1227 4783 obser-

237 4819 398 4890 vationes
419 4819 619 4902 conserens,
645 4819 790 4890 tandem
812 4817 900 4887 anni
921 4817 1097 4886 rationem
1116 4815 1228 4885 tradi-

237 4923 291 4992 dit
311 4921 586 4992 constantiorem
609 4919 871 5012 superioribus‚
906 4919 1070 4988 videlicet
1090 4917 1228 4988 dierum

237 5027 475 5095 trecentorum
491 5023 668 5113 sexaginta
685 5022 854 5116 quinque,
879 5015 1048 5091 horarum
1064 5043 1134 5100 sex,
1160 5021 1230 5089 rni-

191 5176 193 5185 ι
237 5149 305 5196 nus
328 5127 581 5198 trecentissima
604 5139 702 5217 parte
722 5125 804 5194 diei.
855 5121 1025 5194 Nondum
1043 5118 1129 5192 haec
1146 5123 1230 5194 dili-

236 5229 353 5319 gentia
378 5227 544 5302 satisfecit
570 5227 836 5319 posterioribus.
888 5224 980 5296 Nam
1005 5240 1083 5317 post
1103 5222 1230 5295 Ptolo-

235 5353 377 5400 maeum
393 5328 625 5421 Albategnius
640 5353 734 5404 anno
749 5329 1059 5419 septingentesimo
1075 5327 1231 5421 qnadra-

236 5431 369 5520 gesimo
384 5433 505 5518 tertio,
521 5433 684 5504 videlicet
697 5446 778 5506 ante
792 5427 884 5503 hanc
897 5443 1057 5502 nostram
1069 5442 1232 5514 aetatem,

1277 2773 1425 2854 moniti,
1462 2772 1632 2844 utilitates
1665 2774 1921 2863 expendamus,
1964 2785 2000 2842 et
2030 2767 2099 2842 Dei
2132 2772 2267 2842 donum
2331 2815 2332 2860 q

1278 2876 1548 2968 amplectamur,
1582 2897 1741 2944 amemus
1767 2887 1801 2944 et
1829 2875 2041 2945 excolamus.
2102 2871 2267 2944 Coniun-

1278 2993 1352 3048 ctae
1370 2990 1460 3046 artes
1478 2991 1561 3048 sunt
1577 2977 1758 3056 doctrina,
1784 2977 1830 3046 de
1842 2977 1998 3048 motibus
2011 2975 2223 3048 coelestibus
2236 2988 2269 3046 et

1279 3074 1523 3172 Geographia,
1548 3104 1613 3148 nec
1628 3079 1749 3148 divelli
1768 3092 1926 3168 possunt.
1977 3076 2070 3176 Quis
2085 3092 2137 3148 est
2149 3092 2267 3150 autem

1277 3185 1365 3254 adeo
1390 3181 1577 3272 imperitus
1596 3181 1795 3252 communis
1816 3180 1926 3266 vitae,
1956 3183 2044 3250 adeo
2064 3181 2142 3250 sine
2164 3203 2269 3250 sensu

1278 3283 1477 3375 communi,
1510 3298 1551 3355 ut
1580 3283 1773 3354 arbitretur
1798 3283 1909 3352 vitam
1939 3305 2058 3352 carere
2079 3305 2184 3374 posse
2206 3278 2268 3352 hac

1278 3401 1371 3472 arte,
1396 3399 1616 3458 monstrante
1632 3385 1721 3456 situs
1737 3385 1943 3476 regionum,
1973 3384 2181 3470 intervalla,
2206 3407 2268 3454 na·

1277 3487 1400 3563 tures?

1381 3587 1488 3661 Nulla
1515 3588 1714 3678 navigatio,
1744 3590 1886 3660 nullum
1910 3587 1979 3660 iter
1999 3590 2106 3679 paulo
2128 3588 2268 3680 longius

1278 3691 1427 3782 suscipi,
1451 3705 1512 3762 aut
1530 3705 1622 3760 certe
1639 3691 1829 3780 gubernari
1846 3703 1977 3782 potest,
2002 3692 2049 3761 ab
2062 3687 2168 3762 huius
2186 3691 2268 3762 artis

1279 3793 1421 3886 ignaris.
1488 3791 1585 3882 Quid
1617 3793 1655 3861 in
1685 3793 1867 3884 scripturis
1897 3787 2132 3884 propheticis,
2179 3817 2267 3886 qno·

1278 3897 1384 3966 modo
1407 3909 1527 3985 vagata
1547 3895 1594 3964 sit
1610 3891 1784 3978 Ecclesia,
1805 3919 1894 3988 quae
1909 3917 1964 3964 res
1979 3895 2042 3964 ubi
2057 3910 2172 3985 gestae
2188 3896 2267 3979 sint,

1279 4000 1374 4070 unde
1391 3996 1541 4067 iudicari
1555 4011 1690 4088 posset,
1716 3999 1745 4066 si
1761 3999 1894 4068 deesset
1909 3991 1994 4066 haec
2010 3997 2197 4068 artificiosa
2213 4021 2267 4067 re-

1279 4101 1424 4192 gionum
1447 4099 1649 4190 descriptio.
1700 4099 1872 4188 Quotidie
1888 4099 1926 4168 in
1944 4101 2106 4190 precibus
2122 4101 2265 4172 intuen-

1279 4206 1324 4273 da
1346 4216 1397 4274 est
1418 4201 1534 4293 regio,
1560 4201 1599 4270 in
1615 4225 1684 4294 qua
1702 4201 1795 4272 filim
1810 4199 1879 4272 Dei
1894 4215 2052 4272 versatus
2065 4216 2135 4288 est,
2161 4217 2197 4274 et
2213 4201 2266 4270 vi·

1279 4305 1384 4376 etima
1412 4306 1545 4390 lactus,
1577 4304 1786 4392 cogitandus
1812 4317 1865 4376 est
1885 4304 2002 4388 locus,
2036 4304 2076 4376 in
2098 4329 2169 4397 quo
2194 4303 2266 4394 pri-

1279 4433 1377 4478 mum
1400 4407 1522 4478 sonuit
1545 4431 1613 4476 vox
1636 4407 1808 4478 coelestis.
1870 4404 1932 4477 Sic
1955 4406 2050 4475 enirn
2074 4410 2151 4478 vult
2172 4403 2266 4476 Deus

1281 4507 1456 4594 invocari,
1478 4521 1520 4579 ut
1538 4509 1646 4579 simul
1669 4511 1714 4579 de
1735 4507 1906 4580 sacrificio
1923 4508 1988 4576 lilii
2002 4509 2213 4598 cogitemus,
2234 4517 2267 4576 et

1280 4615 1324 4682 de
1347 4611 1656 4704 promissionibus.
1705 4609 1749 4680 ln
1773 4606 1868 4680 hisce
1894 4609 1982 4682 locis
2005 4635 2085 4680 cum
2110 4609 2266 4704 quotidie

1279 4715 1401 4786 sistere
1430 4713 1541 4784 animi
1574 4727 1653 4784 vota
1684 4713 1854 4798 debeant,
1886 4725 2018 4806 quanta
2043 4725 2096 4784 est
2119 4710 2267 4804 ignavia,

1280 4841 1355 4888 non
1378 4817 1531 4906 cogitare
1555 4815 1620 4886 ubi
1642 4829 1815 4885 terrarum
1841 4814 1907 4885 sita
1931 4815 2013 4886 sint.
2072 4813 2169 4886 Haec
2191 4836 2267 4906 spe-

1280 4933 1374 4991 ctare
1396 4920 1501 4990 etiam
1525 4919 1661 4988 indocti
1684 4917 1833 5008 cupiunt
1856 4917 1895 4986 in
1919 4917 2078 5008 picturis.
2130 4913 2184 4988 Ac
2200 4913 2267 4984 nisi

1281 5045 1337 5092 ars
1368 5035 1521 5108 extaret,
1554 5043 1678 5092 omnes
1703 5015 1866 5092 homines
1894 5019 2074 5092 infinitum
2098 5019 2265 5114 quiddam

1281 5145 1354 5196 esse
1379 5137 1511 5195 terram
1540 5123 1750 5212 cogitarent,
1782 5147 1822 5192 ac
1848 5135 1987 5193 tanturn
2009 5145 2131 5194 earum
2154 5120 2266 5209 regio-

1280 5251 1368 5296 num
1393 5227 1508 5319 spacia
1534 5239 1571 5296 et
1592 5225 1780 5298 intervalla
1806 5225 1953 5310 scirent,
1978 5247 2069 5318 quae
2091 5224 2266 5296 adiissent.

1279 5327 1376 5424 Hine
1392 5329 1495 5400 multi
1510 5351 1632 5420 graves
1648 5351 1785 5399 errores
1801 5329 1839 5397 in
1854 5328 1925 5398 vita
1940 5328 2134 5401 orirentur.
2166 5323 2266 5396 Nunc

1280 5455 1364 5502 vero
1395 5455 1501 5525 quam
1525 5444 1684 5523 gratum,
1717 5453 1825 5524 quam
1845 5429 1934 5502 utile
1957 5442 2009 5501 est
2033 5443 2152 5502 mente
2172 5449 2266 5498 corn·
