4688 5826
234 253 311 336 255
840 253 843 260 '
886 237 1046 340 DECL.
1085 239 1160 328 DE
1192 235 1625 332 susurronum
1660 325 1662 328 ,
2083 319 2089 326 ,
2198 247 2277 330 250

235 432 349 530 peusis
365 427 624 504 coelestibusct
638 422 818 498 similibus
835 420 935 504 locis.
976 418 1124 502 Utinam
1139 443 1225 496 vcro
1322 421 1666 493 Dttmetornmnnstntr
1680 438 1805 497 tenens
1819 431 2068 516 etstnepstrere
2083 443 2209 516 tem,

181 535 186 546 '
236 535 441 628 diligentiae
459 541 727 626 praeceptorum
742 528 783 600 in
795 525 1096 620 disputationibus
1111 537 1225 598 vestra
1324 525 1540 616 spirantesque
1554 551 1659 599 monos
1673 546 1704 598 et
1717 537 1752 596 tn
1766 555 1842 600 nrm
1856 547 2040 619 perpetum
2054 557 2116 617 ser,

235 637 405 734 sedulitas
418 631 657 727 responderet.
687 628 779 702 Nam
792 629 832 700 in
846 624 911 702 hac
923 643 1023 721 parte
1037 625 1226 720 praecipue
1324 627 1390 714 Qut
1404 645 1628 716 praeceptorem
1643 639 1738 710 macti
1751 639 1875 702 reluere
1888 635 2020 721 perenm

235 743 357 813 deesse
386 736 490 808 vebis
520 735 761 808 adolescentes
792 731 862 824 ipsi
876 729 1082 816 uidemini,
1116 751 1226 823 caque
1323 731 1397 798 l'mse
1410 738 1551 802 loeoete.

236 851 425 938 causaest,
447 849 490 910 ut
511 846 825 930 etpraeceptorum
839 833 956 906 studia
976 832 1065 906 fiant
1086 832 1133 902 ad
1149 830 1222 902 dis·
1275 827 1397 920 Quare
1416 855 1492 906 non
1514 831 1638 904 minus
1656 832 1817 904 crudeles
1838 829 1926 906 sunt
1945 834 2078 932 ingrati
2099 836 2272 908 ιιιιιιιιιι

234 935 434 1038 putandum
466 938 702 1030 languidiora.
722 941 729 948 ’
758 933 893 1025 Magoa
917 934 1049 1020 virtus,
1088 933 1225 1024 egregia
1275 946 1546 1027 praeceptores,¹
1569 957 1676 1028 quam
1699 933 1762 1030 qui
1791 937 1998 1029 parentibus
2021 939 2151 1030 ingrati
2174 951 2275 1014 sunt.

235 1044 398 1118 doctrina
417 1055 523 1136 atqua
545 1035 748 1112 humanitas
772 1051 823 1109 est
845 1050 880 1110 et
904 1037 943 1108 in
966 1036 1117 1106 aliarum
1139 1057 1226 1127 pro-
1274 1032 1372 1108 Haec
1391 1049 1509 1109 autem
1530 1035 1691 1128 impietas
1716 1038 1904 1130 praecipue
1927 1064 1948 1110 n
1967 1035 2183 1112 Christianis
2205 1041 2275 1110 ab·

234 1147 429 1220 sessionum
451 1141 686 1226 Ductoribus,
720 1137 974 1212 iureconsultis
1004 1151 1039 1210 et
1062 1135 1229 1214 Medicis.
1276 1160 1350 1208 esse
1365 1138 1488 1224 debet,
1510 1137 1550 1208 in
1565 1137 1695 1232 quibus
1710 1139 1766 1208 vel
1781 1141 1933 1210 maxime
1947 1142 2103 1214 eminere
2118 1143 2275 1232 gratitu-

234 1249 375 1326 Deinde
390 1267 465 1316 non
480 1240 764 1316 solumdoctrina
780 1253 1047 1333 praeceptorum
1061 1237 1227 1324 fruimur,
1276 1239 1397 1312 dinem
1412 1251 1562 1332 opertet.
1587 1253 1629 1310 ut
1643 1239 1890 1332 intelligantur
1901 1239 2161 1314 etismChristo
2176 1243 2275 1333 grati

237 1353 299 1424 scd
333 1346 458 1421 multis
491 1347 597 1416 etiam
631 1343 711 1414 aliis
749 1341 874 1414 officiis
914 1341 1046 1431 singoli
1079 1341 1228 1418 utimur.
1276 1363 1349 1412 csse
1365 1365 1430 1433 pro
1447 1341 1491 1412 iis
1506 1340 1706 1427 beneficiis,
1731 1367 1821 1436 quse
1834 1345 1880 1414 ab
1896 1368 1937 1414 eo
1954 1344 2092 1416 infinita
2106 1345 2276 1439 quotidie

237 1452 378 1544 Quare,
409 1447 665 1542 utaliquando
691 1444 829 1526 finiam,
861 1439 1034 1544 adhortor
1058 1466 1141 1530 sos,
1174 1454 1227 1527 ut,
1277 1443 1482 1536 accipimus.
1513 1439 1611 1512 Haec
1624 1465 1726 1534 saepe
1735 1445 2067 1538 moltumqoevobis
2080 1449 2274 1536 rogitanda

236 1555 335 1650 quod
352 1564 405 1624 est
417 1548 648 1622 iustissimum
663 1561 696 1618 et
712 1543 1020 1630 humanissimum,
1035 1544 1126 1616 detis
1140 1567 1235 1636 ope-.
1276 1557 1360 1614 sunt
1373 1545 1632 1624 adolescentes,
1652 1558 1693 1614 ut
1706 1546 1866 1616 animum
1882 1551 1926 1616 ad
1941 1549 2195 1638 gratitudinem
2209 1573 2276 1616 ex-

234 1681 325 1744 ram,
340 1668 382 1726 ut
395 1664 663 1750 praeceptorum
680 1669 759 1736 erga
776 1671 839 1718 vos
854 1645 1133 1732 benevolentiae,
1150 1669 1226 1716 me-
1276 1646 1409 1733 citetis,
1433 1645 1529 1740 quod
1537 1645 1577 1716 'si
1591 1644 1761 1732 feceritis,
1785 1647 1893 1718 simol
1915 1649 2005 1720 illud
2021 1651 2276 1743 assequemini,

235 1759 332 1844 ritis,
364 1754 567 1838 laboribus,
600 1749 798 1823 assiduitati
824 1749 1003 1840 gratitudo
1029 1763 1143 1820 vestra
1168 1772 1225 1818 re·
1276 1762 1316 1820 ut
1337 1748 1521 1818 literarum
1544 1761 1650 1840 atque
1672 1749 1802 1820 artium
1816 1748 1888 1818 vim
1912 1751 2024 1841 magis
2047 1751 2273 1841 intelligatis.

93 1871 104 1888 “
236 1859 418 1954 spondeat.
432 1877 434 1882 ·
450 1853 660 1928 Aristoteles
674 1852 809 1936 scribit,
826 1849 982 1922 Graecos
998 1850 1128 1944 templa
1146 1872 1225 1940 gra·
1275 1847 1366 1921 Cum
1382 1849 1546 1922 videlicet
1566 1850 1764 1938 expenditis
1778 1851 2033 1922 beneficiorum
2049 1855 2308 1943 magnitudis

167 2029 171 2040 .
236 1965 366 2041 tiaram
382 1960 422 2030 in
436 1956 562 2028 mediis
578 1954 728 2026 urbibus
744 1955 896 2024 condere
908 1953 1050 2038 solitos,
1073 1963 1117 2026 ut
1131 1951 1227 2021 cives
1275 1975 1369 2022 nem.
1417 1947 1558 2023 Deinde
1580 1949 1899 2040 gratitudorllectet
1925 1953 2066 2024 animos
2093 1957 2201 2025 etiam
2222 1956 2273 2024 ad

235 2077 380 2136 mutuae
400 2057 652 2132 beneficentiae
673 2068 778 2150 atquc
800 2054 1027 2146 gratitudinis
1052 2055 1225 2124 admone-
1276 2065 1428 2126 caeteras
1442 2051 1608 2136 virtutes3
1639 2065 1691 2124 est
1707 2053 1802 2124 enim
1817 2053 2083 2130 fonsinsticiae.
2134 2053 2271 2126 Liben-

235 2179 371 2238 reotur.
421 2161 475 2234 lta
489 2174 525 2232 et
537 2180 600 2231 ros
614 2157 655 2226 in
670 2157 798 2229 mediis
814 2149 944 2227 scholis
959 2155 1130 2226 collocata
1146 2177 1225 2244 gra-
1275 2154 1347 2226 tius
1366 2153 1474 2224 etiam
1497 2177 1538 2224 ae
1557 2152 1697 2226 lucilius
1720 2155 1890 2246 parebitis
1908 2156 2213 2250 praeceptoribus,
2240 2158 2273 2226 si

236 2269 367 2342 tiarom
381 2263 511 2355 templa
531 2258 746 2346 existimate,
771 2281 852 2330 cum
868 2259 912 2328 de
932 2255 1148 2348 gratitudine
1161 2281 1243 2338 au·⁴
1276 2269 1380 2327 etvos
1394 2255 1439 2326 ab
1455 2253 1541 2347 ipsis
1556 2255 1667 2326 amari
1683 2255 1888 2347 intelligetis
1898 2271 1935 2328 et
1943 2257 2096 2328 vicissim
2113 2281 2173 2328 eos
2184 2262 2272 2329 red·

234 2369 320 2444 ditis
335 2367 584 2440 concionantes
599 2373 634 2432 et
651 2383 767 2432 sacros
783 2361 895 2432 libros
910 2373 1136 2444 etauctores,
1162 2358 1224 2451 qui
1275 2356 1452 2428 amabitis.
1502 2354 1630 2426 Talem
1652 2371 1770 2428 autem
1785 2357 2013 2429 Academiam
2037 2357 2180 2453 qualem
2205 2383 2272 2432 vos

236 2472 339 2545 vobis
356 2480 577 2540 enarrantur.
630 2457 778 2536 Schola's
794 2461 891 2532 enim
904 2463 1004 2532 dccet
1024 2483 1098 2530 esse
1113 2460 1222 2530 offici·
1244 2457 1246 2462 ’
1276 2455 1430 2540 habetis,
1456 2456 1523 2528 ubi
1543 2469 1641 2528 tanta
1662 2458 1823 2530 discendi
1847 2460 1997 2532 facultas
2012 2474 2065 2530 est
2087 2460 2272 2546 studiosis,

235 2598 319 2658 nas,
344 2585 383 2644 ut
400 2583 615 2642 caeterarum
630 2565 822 2644 virtutum,
846 2561 895 2634 ita
910 2563 1062 2633 maxime
1076 2561 1226 2652 gratitu-
1275 2561 1339 2632 ubi
1362 2581 1445 2632 vere
1465 2569 1549 2632 sunt
1575 2559 1689 2646 fores,
1714 2573 1754 2632 ut
1776 2560 1923 2641 dicitur,
1947 2561 2125 2658 dodones
2145 2585 2272 2632 mnsa-

237 2675 343 2764 dinis.
397 2671 545 2744 Nullum
575 2665 671 2754 enim
692 2664 820 2738 vitium
847 2662 957 2753 magis
981 2676 1116 2763 pugnat
1145 2685 1226 2734 cum
1274 2685 1378 2746 rum,
1410 2683 1485 2730 non
1500 2683 1638 2748 amare,
1662 2661 1775 2730 animi
1790 2675 1843 2732 est
1858 2675 1927 2733 eta
1948 2664 2059 2732 literis
2073 2677 2108 2733 et
2129 2665 2174 2733 ab
2198 2659 2272 2734 hn-

237 2791 365 2856 natura
380 2787 415 2859 et
428 2771 592 2842 societate
610 2763 758 2840 humani
773 2765 923 2858 generis,
944 2789 1051 2858 quam
1072 2763 1227 2855 ingrati·
1274 2762 1446 2836 munitate
1460 2757 1701 2834 abhorrentis:
1718 2761 1794 2836 Vos
1808 2777 1926 2836 sutem
1940 2777 2127 2856 parentum
2141 2779 2273 2836 aucto-

237 2881 338 2955 tudo.
388 2873 462 2946 Nec
479 2873 523 2944 de
539 2864 654 2942 nihilo
678 2881 748 2953 est,
773 2869 869 2962 quod
891 2867 1060 2966 dixerunt
1076 2879 1226 2938 veteres:
1275 2865 1399 2949 ritate,
1422 2858 1492 2938 hou
1505 2876 1576 2950 est,
1599 2863 1725 2934 divina
1739 2864 1949 2937 anctoritate
1964 2861 2036 2936 huc
2055 2867 2152 2934 missi
2170 2867 2273 2952 estis,

237 2980 383 3056 Dixeris
410 2973 597 3046 maledicta
620 2983 745 3040 cuncta
772 2993 853 3054 epm
880 2968 1058 3058 ingratum
1083 2967 1226 3038 dixeris.
1275 2979 1368 3042 utet
1386 2965 1506 3038 literas
1528 2965 1749 3058 percipiatis,
1772 2980 1808 3037 et
1833 2967 1971 3036 animos
1986 2970 2029 3037 ad
2047 2967 2217 3038 virtutem
2235 2985 2272 3042 et

238 3083 336 3172 Quid
355 3075 573 3175 quodetiam
593 3070 859 3142 immanissimis
875 3070 990 3140 beluis
1010 3069 1122 3138 indita
1144 3080 1229 3138 suut
1277 3062 1512 3142 humanitatis
1524 3066 1640 3139 officia
1654 3066 1901 3140 assuefaeiotis.
1940 3065 2065 3162 anue
2082 3069 2120 3138 in
2137 3093 2175 3138 re
2191 3091 2270 3140 non

238 3180 464 3277 gratitudinis
491 3167 728 3246 simulachra?
778 3170 997 3244 Meministis
1021 3171 1161 3240 leonem
1189 3170 1228 3240 in
1276 3167 1391 3239 solum
1414 3181 1549 3238 vestrae
1569 3168 1676 3238 saluti
1698 3168 1910 3254 consuletis,
1933 3173 1996 3240 sed
2019 3169 2125 3240 etiam
2148 3193 2168 3238 ι
2193 3169 2273 3243 ιιι-

194 3265 197 3282 ’
238 3287 337 3368 ιίιιιΙ
360 3278 555 3354 reddidisse
582 3273 732 3368 gratiam
756 3273 928 3363 fugitivo,
961 3295 1071 3366 aquo
1096 3271 1228 3345 vulnus
1277 3271 1363 3364 pub.
1378 3293 1442 3338 vos
1457 3269 1497 3338 in
1515 3264 1581 3338 hae
1595 3269 1749 3340 statione
1761 3271 1952 3346 collocatos
1965 3284 2097 3364 putate,
2123 3285 2164 3342 ot
2178 3273 2272 3342 olim

196 3393 203 3403 ’
239 3387 351 3480 ipsius
379 3397 539 3457 curatum
577 3379 710 3462 fuerat;
754 3375 1000 3468 turpissimum
1028 3387 1146 3460 autem
1177 3385 1230 3452 est
1277 3397 1318 3442 ex
1333 3369 1460 3442 studiis
1476 3369 1600 3441 vestris
1615 3371 1733 3464 aliqua
1748 3373 1868 3441 redeat
1884 3373 2031 3447 utilitas.
2071 3367 2120 3443 Et
2136 3375 2178 3442 ad
2196 3371 2272 3444 Ec-

238 3485 453 3560 nobisvinci
472 3480 606 3556 iustitia
621 3491 655 3550 et
671 3477 798 3571 pietate
812 3501 834 3551 a
848 3475 975 3552 beluis.
1019 3473 1229 3549 Laudentur
1277 3473 1418 3545 clesiam
1439 3485 1476 3543 et
1498 3485 1650 3544 caeteras
1672 3471 1830 3565 lleipub.
1854 3487 1971 3566 partes
1994 3473 2108 3546 otium
2136 3479 2273 3566 putatis

239 3573 274 3664 ξι
288 3588 444 3662 ciconiae
460 3587 500 3659 in
517 3581 646 3678 quibus
663 3578 755 3672 pulli
770 3578 920 3672 adultis,
946 3600 1037 3674 quae
1054 3601 1119 3671 per
1133 3589 1229 3652 aeta-
1276 3597 1350 3646 esse
1372 3570 1548 3660 scholam,
1573 3575 1634 3643 sed
1650 3570 1741 3660 milri
1763 3573 1913 3661 credite,
1936 3575 2062 3664 ingens
2085 3577 2272 3666 negotium

239 3707 311 3766 gem
342 3701 525 3783 nequeunt
552 3683 761 3775 pabulatum
790 3681 903 3766 exire,
936 3681 1035 3752 cibm
1063 3677 1229 3754 afferunt.
1277 3677 1469 3756 sustinctis,
1493 3687 1526 3745 et
1541 3677 1635 3769 quod
1653 3676 1700 3744 ad
1716 3675 1918 3752 universam
1934 3673 2113 3774 ilempub.
2130 3677 2271 3756 attinet.

239 3799 293 3872 lta
310 3815 374 3864 vos
390 3811 532 3886 quoquc
557 3783 788 3854 memineritis
808 3777 1139 3880 ἀντιπιιαργηιὲιν
1159 3775 1230 3850 hoc
1278 3779 1399 3870 Quare
1413 3800 1476 3847 vos
1491 3772 1628 3861 hortor,
1651 3789 1692 3846 ut
1709 3791 1855 3870 propter
1871 3777 2022 3868 gloriam
2036 3776 2106 3848 Dei
2122 3791 2156 3849 et
2171 3781 2274 3850 salu-

240 3911 293 3984 ιιι
320 3908 444 3966 mutem
472 3889 602 3982 pietate
627 3883 795 3968 colendos
822 3896 928 3976 atque
957 3883 1130 3952 fovendos
1156 3903 1230 3952 esse
1277 3893 1348 3952 tem
1364 3891 1528 3964 vestram,
1553 3877 1708 3948 officium
1722 3889 1876 3949 vestrum
1891 3879 2047 3952 studiose
2061 3879 2274 3970 diligenter-

239 4009 483 4092 praeceptores
506 3986 758 4062 benemeritos.
805 3983 989 4059 Postremo
1013 3982 1230 4073 gratitudine
1277 4005 1347 4076 que
1363 3979 1513 4052 faciatis.
1551 3977 1722 4056 invitabit
1736 3993 1850 4052 vestra
1868 3979 2047 4071 gratitudo
2064 3997 2274 4075 praecepto-

154 4131 158 4142 ,
241 4096 497 4191 impetrabitis,
520 4104 561 4163 ut
574 4087 672 4174 Deus
688 4087 797 4176 magis
814 4087 928 4156 faveat
947 4085 1072 4156 studiis
1092 4084 1230 4167 uestris,
1278 4105 1359 4154 rum
1376 4080 1510 4167 studia,
1534 4093 1575 4152 ut
1590 4093 1625 4152 ct
1636 4080 1879 4153 instructiores
1892 4083 1937 4152 ad
1952 4083 2155 4156 docendum
2170 4107 2276 4156 acce-

241 4199 413 4294 nequead
431 4197 578 4268 salutem
592 4203 743 4262 vestram
758 4203 793 4261 et
806 4188 915 4260 totins
927 4183 1082 4279 Reipub.
1100 4187 1231 4276 guber·
1278 4187 1384 4269 dant,
1406 4196 1442 4255 et
1459 4183 1571 4274 magis
1588 4183 1661 4252 sint
1677 4183 1821 4254 assidui.
1869 4175 2066 4277 Reliquum
2080 4197 2157 4269 est,
2175 4199 2218 4258 ut
2235 4202 2272 4258 et

229 4317 392 4382 ,naturus
408 4299 463 4374 sit.
512 4291 560 4368 Ut
574 4295 670 4364 enim
688 4292 845 4379 ingratos
861 4285 955 4360 haud
972 4289 1082 4362 dubie
1093 4288 1231 4380 puniet,
1279 4309 1341 4376 ego
1364 4285 1493 4377 gratias
1517 4307 1617 4374 agam
1645 4283 1871 4378 amplissimis
1892 4295 1927 4357 ct
1949 4285 2163 4356 doctissimis
2183 4289 2275 4359 viris

212 4397 292 4480 'ita
315 4417 432 4494 gratos
455 4411 549 4470 amat
571 4418 610 4464 ac
629 4406 761 4466 tuetur.
820 4389 958 4462 Videtis
977 4415 1084 4484 quam
1105 4389 1232 4480 ingens
1281 4411 1344 4480 pro
1374 4386 1554 4457 beneficiis
1582 4385 1621 4454 in
1651 4409 1709 4457 me
1738 4385 1906 4479 privatim
1929 4385 2079 4462 collatis.
2132 4385 2276 4478 Quam-

241 4504 440 4602 praemium
457 4496 633 4571 addiderit
641 4508 766 4589 quarto
783 4505 985 4588 praecepto:
1006 4489 1154 4568 Honora
1169 4514 1232 4583 pa·
1280 4513 1386 4584 qnam
1401 4502 1517 4560 autem
1531 4481 1618 4558 haec
1635 4485 1923 4559 commemoratio
1943 4487 2021 4557 leve
2042 4488 2201 4562 officium
2218 4493 2276 4560 vi-

242 4627 332 4691 tpem
359 4621 393 4676 et
409 4616 576 4684 matrem,
608 4611 648 4670 ut
672 4597 720 4670 sis
742 4595 934 4685 longaevus
956 4617 1063 4685 super
1082 4607 1230 4677 terram3
1280 4598 1402 4676 rtetrtr,
1438 4603 1558 4660 tamen
1591 4590 1760 4683 quoniam
1788 4587 2083 4682 significationem
2115 4591 2276 4686 aliquam

242 4708 396 4794 isocest,
421 4719 461 4780 ut
477 4704 584 4775 totius
600 4701 691 4772 vitae
712 4719 834 4780 europs
848 4697 985 4769 faustus
1000 4719 1040 4766 ac
1055 4694 1162 4764 foelix
1175 4693 1232 4766 sit.
1281 4689 1389 4764 habet
1409 4705 1526 4782 gratae
1549 4691 1697 4778 mentis,
1723 4691 1929 4784 praesertim
1951 4713 2032 4761 cum
2051 4691 2113 4764 fiat
2132 4692 2171 4764 in
2191 4693 2275 4766 loco

244 4813 342 4886 idem
366 4811 463 4880 locus
484 4802 716 4876 concionatur
732 4801 776 4868 de
791 4797 907 4870 officio
924 4819 1006 4888 erga
1026 4808 1232 4888 praecepto·
1282 4795 1442 4886 publico,
1475 4815 1549 4863 non
1583 4794 1669 4863 duxi
1702 4815 1779 4862 eam
1812 4813 1887 4862 esse
1908 4793 2277 4886 praetermittendam.

243 4940 321 5001 res,
346 4912 410 5006 qui
426 4932 507 4982 curn
520 4908 709 4978 succedant
723 4902 761 4970 in
778 4912 962 4990 parentum
976 4919 1109 4970 munus
1121 4909 1157 4968 et
1170 4919 1233 4968 eu·
1280 4893 1398 4986 Cogor
1411 4910 1529 4967 autem
1545 4894 1779 4966 verecundius
1801 4896 1845 4966 de
1862 4891 1988 4966 vestris
2003 4895 2139 4965 meritis
2154 4897 2278 4970 dicere

244 5043 323 5102 ras,
355 5017 434 5086 loco
464 5021 650 5102 parentum
673 5000 830 5074 habendi
861 5015 953 5072 suot.
1005 4997 1056 5074 Et
1081 4998 1112 5068 si
1140 5011 1234 5070 recte
1282 5011 1427 5090 propter
1439 4996 1646 5067 modestiam
1663 5009 1828 5073 vestram.
1865 4993 2023 5066 Tantum
2037 4995 2129 5067 illud
2144 4999 2278 5084 dicam,

245 5118 487 5196 aestimamus,
512 5109 646 5180 maiora
667 5103 836 5178 beneficia
857 5126 879 5174 a
898 5101 1004 5174 bonis
1017 5099 1235 5184 doctoribus,
1281 5123 1337 5168 me
1353 5099 1507 5170 libenter
1524 5097 1691 5192 profiteri,
1716 5121 1791 5168 non
1809 5097 1927 5167 minus
1942 5119 2000 5166 mc
2015 5098 2118 5169 vobis
2132 5099 2279 5190 dehere,

246 5245 351 5317 quam
368 5219 411 5288 ab
428 5214 513 5306 ipsis
527 5209 732 5303 parentibus
747 5205 945 5297 accipimus.
970 5201 1060 5276 Nam
1072 5201 1236 5276 doctrina
1283 5225 1389 5295 quam
1405 5201 1492 5269 meis
1506 5199 1723 5291 parentibus.
1761 5197 1883 5292 ltaque
1900 5198 2049 5269 vobiset
2064 5195 2177 5271 habeo
2193 5223 2278 5293 grs-

246 5319 429 5410 religionis
441 5329 474 5386 et
482 5315 636 5393 ¹aliamrm
653 5306 877 5383 honestarum
887 5327 1007 5380 rerum
1018 5305 1236 5394 longeprae-
1284 5308 1368 5373 tiam
1390 5317 1424 5376 et
1444 5301 1615 5394 polliceor
1634 5324 1710 5386 me,
1733 5301 1846 5374 sicubi
1867 5311 1989 5392 potero
2006 5323 2045 5370 re
2066 5301 2142 5392 ipsa
2153 5305 2278 5376 decla-

246 5423 391 5508 ftffltdss
405 5432 457 5490 ⁸³1
473 5414 539 5506 ipsi
553 5415 657 5498 Vilis·
708 5409 818 5503 Recte
833 5409 941 5499 igitur
958 5405 1149 5486 luvenalis:
1284 5429 1363 5474 rere
1393 5403 1504 5474 animi
1534 5402 1806 5493 gratitudinem,
1845 5425 2003 5480 summa.
2015 5401 2085 5472 tide
2108 5407 2281 5478 daturum
