4614 5820
208 239 285 320 est
722 317 741 342 „
877 217 1039 298 naun
1080 213 1155 294 nn
1186 213 1566 315 transuerso,
2180 230 2245 310 „0

214 412 345 491 tentias
358 407 450 482 scitu
471 401 697 496 dignissimas
719 421 784 490 per
801 395 962 468 membra
978 392 1213 484 distinguens.
1264 395 1375 466 ferme
1398 396 1528 488 scripta
1551 417 1615 468 sua
1635 391 1812 470 mathesin
1826 401 2008 490 redolent,
2037 405 2137 500 qnasi
2152 431 2245 478 nomo

214 514 380 592 Euclidis
402 509 556 602 denique
578 503 709 594 scripta
729 503 773 572 de
797 499 876 570 visu
898 511 933 568 et
955 496 1130 590 speculis,
1155 493 1215 564 in·
1266 491 1452 568 Aristoteli
1466 497 1698 590 intelligendo
1712 505 2074 592 censeatur'idoneus,
2093 508 2247 602 quilibe-
2300 479 2301 568 l

215 629 414 714 ter-prelum
437 609 554 682 officio
588 607 634 676 ad
658 627 725 674 nos
756 625 958 695 pervenere.
1017 595 1215 690 Rogerium
1265 600 1339 670 rale
1355 597 1605 688 Quadruvium
1629 602 1835 693 neglexerit.
1894 605 2040 680 Frustra
2061 613 2165 682 tertio
2177 610 2248 684 Mo.
2300 599 2301 656 f

216 723 340 798 Bacon
376 712 569 806 Anglicum
599 705 819 802 perspectiva
856 727 919 774 sua
948 700 1215 793 compendiosa,
1266 716 1445 774 tentorum
1462 701 1632 774 discendo
1654 717 1689 778 te
1712 708 1927 796 contuleris,
1959 710 2031 782 nisi
2048 713 2248 803 geometrica

217 849 300 900 cum
323 818 446 890 libello
468 811 603 908 speculi
619 806 878 892 comburentis,
902 805 1077 874 celebrem
1097 815 1216 896 poste-
1265 803 1497 876 fundamenta
1512 818 1637 878 nactus
1653 805 1719 894 sis,
1743 822 1807 880 aut
1822 811 1925 883 docte
1940 815 2191 906 perspectivam
2205 830 2249 888 te·
2300 797 2301 870 l

218 929 269 1000 ris
286 921 485 995 reddidere.
536 913 662 1008 Neque
679 905 906 982 Archimedis
921 903 1137 1002 Syracusani
1157 925 1216 974 re·
1266 928 1366 976 neas:
1406 908 1603 978 secuudum
1634 919 1670 980 ct
1702 911 1848 984 tertium
1879 915 1924 984 de
1944 916 2044 986 coelo
2068 930 2105 988 et
2126 902 2278 988 mundo¹

217 1025 361 1100 minisci
377 1023 492 1116 piget,
514 1016 581 1112 ‘qui
603 1013 828 1106 disciplinam
852 1007 944 1080 hanc
960 1021 1119 1080 nostram
1136 1027 1217 1100 spe-
1266 1032 1452 1102 nunquam
1476 1008 1672 1100 intelliges,
1705 1014 1736 1082 si
1760 1027 1935 1086 astrorum
1960 1017 2184 1110 disciplinam
2201 1043 2252 1090 m.

217 1129 308 1204 culis
323 1127 397 1198 suis
412 1113 675 1212 Philosophicis
691 1115 823 1185 mirum
839 1113 878 1182 iu
900 1111 1047 1181 modum
1066 1132 1216 1179 exorna·
1267 1111 1388 1182 cordia
1415 1111 1650 1206 praeterieris.
1708 1112 1783 1204 Qui
1810 1119 2000 1210 septimum
2028 1117 2251 1216 Phyeiromm

216 1234 284 1304 vit:
318 1251 471 1324 quorum
496 1220 654 1312 exempla
677 1217 884 1310 propediem
909 1213 948 1282 in
971 1207 1037 1282 hac
1052 1213 1217 1281 urbeve-
1267 1214 1401 1307 absque
1425 1214 1557 1285 noticia
1582 1218 1858 1310 proportionum
1881 1221 2016 1292 discere
2044 1225 2172 1315 possit,
2203 1249 2252 1295 ar-

218 1350 291 1410 stta
306 1331 477 1402 conficere
495 1323 645 1397 institui.
697 1317 853 1390 Multam
876 1327 1056 1410 postremo
1071 1313 1115 1383 de
1131 1311 1217 1382 reli·
1267 1315 1384 1388 bitror
1408 1339 1482 1386 esse
1505 1317 1699 1393 nemiuem.
1751 1319 1880 1394 Nonne
1899 1325 2051 1396 arduum
2075 1326 2253 1399 videbam,

218 1437 300 1534 quis
322 1431 478 1506 scientiis
498 1425 627 1498 mediis
643 1421 842 1495 disserendi
858 1417 1043 1489 materiam
1063 1438 1218 1508 expone-
1268 1413 1454 1490 Aristoteli
1469 1418 1508 1488 in
1521 1421 1732 1492 duodecimo
1748 1419 2014 1521 Metaphysicae
2029 1451 2134 1516 suae,
2159 1443 2252 1502 natu.

220 1563 317 1621 rem,
360 1533 432 1606 nisi
458 1527 629 1624 temporis
655 1525 829 1612 brevitas,
867 1518 1218 1614 principantiumque
1268 1545 1346 1591 ram
1359 1521 1677 1612 intelligentiarum
1687 1526 1893 1598 coelestium
1909 1529 2163 1617 demonstrare,
2180 1531 2252 1602 inde

221 1639 442 1716 t⁰ss⁸⁰⁰l⁰d⁰
461 1657 520 1704 me
545 1625 789 1723 Pfflhiberessl·
838 1623 928 1696 Nam
947 1624 991 1692 de
1011 1632 1219 1692 mantueltl·
1269 1625 1357 1694 adeo
1376 1624 1472 1717 quod
1487 1619 1739 1698 Astronomiae
1753 1623 1850 1700 haud
1865 1631 1949 1702 satis
1963 1633 2164 1706 studuerit?
2194 1633 2253 1704 Pa-

220 1747 307 1820 diue
332 1743 448 1812 vestra
470 1737 591 1808 futura
615 1732 745 1826 pignus
770 1728 900 1799 tenebo
923 1737 1077 1809 certum,
1101 1721 1219 1792 sitam
1269 1750 1350 1796 rum
1365 1726 1402 1794 id
1419 1727 1566 1797 obsecro
1580 1727 1647 1798 tibi
1663 1729 1822 1813 videtur,
1848 1735 1942 1826 quod
1964 1734 2003 1804 in
2019 1735 2139 1827 primo
2155 1739 2254 1826 grado

220 1849 343 1920 firmos
360 1843 400 1912 in
412 1863 469 1911 me
484 1837 596 1929 ligetis
613 1834 754 1918 oculos,
780 1853 887 1926 quam
910 1827 1082 1916 benignas
1105 1847 1218 1918 usque
1270 1826 1513 1914 certitudinis,
1540 1830 1747 1922 disciplinas
1765 1847 1903 1904 nostras
1917 1835 2127 1910 collocarit?
2151 1839 2254 1910 solum

220 1947 288 2024 hac
304 1943 439 2019 oratori
455 1936 549 2012 mihi
561 1935 775 2034 praebuistis
797 1955 912 2006 aures.
962 1929 1078 2022 Igitur
1095 1926 1218 1998 laudes
1271 1955 1351 2001 eum
1376 1930 1546 2002 scientem
1567 1934 1780 2020 arbitratus,
1808 1937 1872 2028 qui
1892 1960 1950 2006 eas
1968 1939 2070 2012 docte
2094 1963 2254 2012 consecu-

174 2077 179 2090 ·
217 2045 555 2126 Mathematicarum
582 2040 823 2111 declamatum
848 2027 958 2119 mihi,
987 2044 1042 2106 tot
1066 2043 1101 2101 et
1118 2040 1220 2100 tanta
1271 2045 1328 2106 tus
1350 2046 1451 2104 esset.
1510 2029 1580 2106 Cui
1603 2036 1708 2106 etiam
1724 2035 1890 2109 Plotinus
1913 2041 2060 2134 quidam
2073 2035 2254 2114 Academi·

221 2163 416 2228 occurrunt
437 2155 686 2230 monumenta,
717 2154 758 2212 ut
781 2135 963 2210 difficilius
984 2134 1148 2205 videatur
1163 2129 1219 2201 di·
1271 2159 1332 2208 cus
1352 2135 1535 2206 alludens:
1572 2133 1737 2222 Utinam,
1769 2139 1908 2234 inquit,
1940 2143 2059 2214 omnia
2081 2145 2255 2216 essentdi-

222 2259 336 2330 cendo
349 2253 498 2324 modum
512 2259 682 2331 statuere,
707 2267 814 2340 quam
832 2240 930 2334 quod
945 2237 1062 2308 dicam
1079 2233 1221 2304 noviter
1270 2237 1487 2330 sriplinalia:
1521 2240 1612 2310 adeo
1636 2241 1753 2334 coepit
1780 2265 1861 2313 eum
1885 2243 2026 2314 satietas
2049 2260 2254 2318 caeterarum

216 2359 397 2432 invenire.
450 2350 543 2442 Quis
558 2348 705 2420 enimin
721 2341 789 2416 hoc
806 2343 930 2436 pelago
951 2341 1127 2410 immenso
1142 2333 1220 2406 vela
1272 2339 1423 2422 ortium,
1457 2365 1547 2434 quae
1572 2343 1729 2434 prolecto
1754 2369 1829 2414 non
1853 2345 1923 2414 nisi
1942 2347 2165 2420 diversarum
2189 2349 2256 2442 opi-

222 2462 432 2543 intendens,
465 2477 541 2524 non
561 2451 725 2545 copiosus
745 2446 862 2518 videri
877 2441 1031 2536 poterit?
1067 2437 1139 2512 Cui
1157 2459 1222 2530 per
1273 2443 1423 2512 nionum
1440 2445 1621 2534 congeries
1634 2445 1813 2516 aestimari
1827 2461 1986 2538 possunt.

222 2563 339 2638 Deum
372 2555 611 2630 immortalem
643 2549 732 2623 haec
762 2547 971 2640 dignissima
1001 2541 1119 2614 studia
1145 2562 1220 2610 non
1375 2541 1467 2633 Quis
1490 2545 1586 2615 enim
1607 2543 1857 2640 Anaxagorae,
1882 2563 1943 2620 aut
1963 2547 2188 2638 Democrito,
2211 2555 2257 2638 vel

223 2670 330 2740 modo
354 2685 429 2732 110ss
450 2659 607 2730 existunt
637 2653 759 2738 utilia.
790 2647 1024 2721 verumetiam
1055 2643 1095 2714 311
1121 2653 1221 2736 parte
1274 2644 1354 2716 aliis
1372 2646 1415 2716 de
1439 2649 1636 2720 substantia
1651 2649 1790 2721 animae
1813 2651 2089 2741 disserentibus,
2116 2680 2189 2726 non
2204 2657 2257 2726 ad.

223 2763 443 2842 necessaria?
501 2784 586 2832 nam
626 2754 793 2850 inprimis
835 2752 963 2823 omitto
996 2745 1222 2818 mechanicos
1273 2743 1442 2820 haesisset
1454 2751 1571 2842 prius,
1598 2777 1704 2845 quarn
1721 2766 1813 2824 secta
1823 2752 2145 2846 Peripateticorum
2158 2759 2258 2828 inole-

225 2893 349 2948 omnes
372 2881 477 2962 atque
505 2864 645 2946 fabros,
677 2879 767 2953 quos
793 2851 999 2927 Geometria
1025 2849 1222 2943 plurimum
1274 2851 1352 2921 ret?
1402 2849 1530 2923 Nonne
1550 2876 1714 2948 sequaces
1737 2853 1940 2927 Aristotelis
1961 2857 2119 2948 plurima
2142 2863 2257 2952 scripta

226 2977 414 3068 dirigeret,
439 2969 471 3038 si
484 2975 669 3062 praecepta
686 2961 761 3030 eius
776 2957 1010 3050 accepissent,
1035 2952 1109 3022 sive
1124 2947 1223 3020 aedi·
1275 2977 1337 3024 sua
1362 2952 1623 3046 impudentius,
1655 2957 1739 3028 satis
1763 2982 1845 3028 curn
1868 2959 2027 3050 periculo
2049 2956 2160 3032 hodie
2179 2963 2258 3034 larr-

224 3079 304 3150 ficia
327 3071 560 3149 constituere,
587 3066 662 3136 sive
684 3083 794 3156 aquas
818 3059 1013 3141 abducere,
1044 3053 1117 3124 sive
1131 3075 1224 3146 pon·
1276 3053 1380 3124 rant?
1422 3055 1568 3144 incerti,
1597 3057 1752 3130 voluerit
1775 3083 1820 3130 ne
1842 3061 1960 3130 dicere
1983 3062 2028 3132 de
2051 3064 2258 3149 nominibus,

226 3183 311 3252 dera
341 3191 583 3248 transmovere
617 3164 843 3240 tentaverint.
902 3153 1108 3231 Memorare
1141 3177 1224 3247 pos-
1276 3181 1322 3227 an
1344 3156 1463 3249 potius
1489 3161 1533 3228 de
1559 3161 1677 3230 rebus.
1737 3159 1836 3251 Quot
1856 3185 1974 3232 ramos
1996 3163 2092 3236 inter
2114 3191 2171 3252 se,
2201 3181 2258 3238 eta

228 3308 322 3369 sem,
348 3277 484 3374 quoties
512 3271 665 3344 fornices
686 3259 1013 3360 templorumnovi
1029 3257 1223 3332 admodum
1276 3259 1395 3350 stipite
1427 3283 1492 3330 suo
1523 3260 1682 3332 diversos
1712 3257 1798 3333 haec
1831 3277 1924 3334 secta
1949 3267 2142 3356 produxit?
2185 3268 2258 3340 prm

228 3383 371 3480 ignavia
396 3373 671 3450 architectorum
701 3369 920 3451 corruerint,
960 3365 1051 3466 dum
1076 3361 1224 3450 liguram
1278 3361 1449 3431 loannem
1465 3360 1611 3433 Scotum
1628 3363 1808 3452 imitatur,
1830 3365 2066 3438 aliisauctum
2083 3365 2258 3454 'rhomam

228 3478 388 3582 ineptam
416 3489 611 3553 assumunt.
678 3470 787 3563 Quod
810 3466 970 3540 Venetiis
1000 3487 1116 3557 nuper
1146 3485 1225 3530 mo-
1277 3487 1352 3533 non
1372 3463 1466 3532 nulli
1481 3478 1597 3536 autem
1616 3465 1759 3556 ingenio
1774 3468 1976 3560 promiscuo
1990 3464 2056 3540 bac
2072 3485 2178 3567 atque
2191 3474 2259 3542 illoc

228 3589 335 3662 nachi
350 3582 519 3657 nonnulli
532 3579 653 3652 obruti
667 3589 768 3661 sunt,
794 3573 886 3644 turri
901 3571 1054 3664 quadam
1069 3563 1226 3648 cadente,
1278 3565 1452 3638 defluunt.
1505 3564 1676 3638 Scotistae
1697 3591 1734 3638 sc
1755 3569 1995 3660 pronunciant
2018 3573 2183 3646 victores:
2206 3576 2259 3645 ubi

230 3691 379 3768 ruditati
401 3684 536 3780 opificis
563 3705 641 3752 eam
665 3678 799 3769 erigere
827 3671 990 3746 conantis
1013 3671 1226 3762 imputatum
1278 3692 1362 3737 vero
1386 3665 1534 3738 liberam
1560 3670 1703 3739 dicendi
1725 3672 1936 3742 sententiam
1960 3673 2059 3744 locus
2078 3679 2200 3762 datur,
2222 3679 2258 3748 ad

201 3787 312 3868 sest.
362 3791 490 3864 Sinum
523 3779 738 3860 Arabicum,
772 3789 902 3847 vocant
934 3797 1031 3843 mare
1063 3771 1227 3850 rubrum,
1279 3763 1456 3840 Thomam
1480 3784 1717 3845 revertuntur·
1770 3771 1883 3865 Igitur
1908 3799 1978 3870 quo
2006 3777 2128 3867 plures
2148 3775 2258 3849 Philo·

231 3924 294 3971 rex
316 3896 463 3990 quidam
483 3887 575 3958 mari
597 3899 718 3954 nostro
742 3879 1001 3949 mediterraneo
1018 3873 1227 3944 continuare
1280 3865 1404 3964 sophia
1420 3869 1653 3958 duceshabet,
1679 3899 1720 3944 eo
1737 3876 1857 3946 minus
1871 3872 1936 3946 hae
1952 3894 2071 3950 nostra
2089 3896 2258 3974 tempesta.
2300 3929 2301 3962 ,

188 4021 190 4027 ’
232 4010 409 4080 tentasset,
433 3991 501 4062 nisi
515 3987 705 4082 Geometra
716 3982 895 4053 monitore
908 3971 1227 4066 totamAegyptum
1280 3985 1314 4042 te
1342 3973 1548 4048 addiscitur.
1606 3973 1775 4068 Princeps
1808 3979 1943 4049 interea
1969 3975 2257 4076 Philosophorum
2300 3971 2301 4048 l

232 4123 405 4198 aquarum
422 4092 546 4164 illuvie
561 4091 784 4162 submersum
799 4079 1048 4153 irididicisset.
1087 4069 1227 4146 Omitto
1281 4097 1425 4169 prorsus
1439 4075 1663 4164 destituitur,
1689 4103 1891 4174 nomenque
1907 4105 2010 4152 suum
2032 4085 2061 4153 is
2085 4087 2155 4157 sibi
2169 4111 2258 4157 usur·
2300 4149 2301 4160 ,

233 4203 388 4295 denique
403 4195 658 4287 negotiatores,
683 4189 746 4283 qui
761 4206 993 4257 nnmeromm
1011 4177 1228 4273 peritiorem
1281 4190 1360 4268 pat,
1387 4177 1505 4270 quiin
1523 4173 1801 4270 sophismatibus
1817 4183 1896 4273 plus
1912 4185 2058 4254 caeteris
2072 4191 2183 4269 velet,
2206 4213 2258 4258 ne·
2300 4205 2301 4260 ρ

233 4328 334 4378 suam
365 4299 560 4392 plurimum
590 4303 729 4382 augent.
797 4285 938 4358 Omitto
973 4281 1228 4370 armigerorum
1282 4303 1350 4372 que
1380 4277 1589 4350 Aristoteles
1619 4283 1713 4374 ipse,
1748 4283 1779 4352 si
1808 4285 2051 4373 revivisceret,
2083 4291 2258 4382 discipulos
2300 4355 2301 4362 ,

233 4409 376 4484 turbam
410 4414 515 4493 atque
537 4395 712 4476 militum.
750 4390 881 4485 quibus
908 4388 1053 4456 inventa
1075 4377 1229 4450 Geome-
1281 4404 1363 4450 suos
1390 4395 1495 4474 atque
1528 4405 1692 4475 sequaces
1723 4386 1807 4456 satis
1836 4386 2035 4478 intelligere
2065 4396 2258 4464 crederetur.
2300 4431 2301 4440 κ

233 4511 322 4586 trica
338 4508 376 4574 in
400 4500 524 4571 iaculis
549 4493 750 4578 mittendis,
775 4490 1041 4582 dirigendisque
1056 4477 1230 4552 machinis
1283 4481 1388 4572 Quod
1413 4485 1469 4564 ¹de
1502 4486 1634 4554 nostris
1664 4487 1862 4580 disciplinis
1894 4513 1999 4558 nemo
2034 4493 2104 4562 nisi
2131 4496 2257 4566 insanus

233 4637 301 4688 usu
322 4607 489 4678 veniunt.
540 4595 750 4690 Expeditior
766 4607 883 4664 autem
907 4589 1052 4662 caeteris
1065 4581 1230 4666 habetur,
1282 4583 1484 4676 praedicare
1500 4587 1609 4673 ausit,
1636 4591 1926 4683 quandoquidem
1942 4617 2058 4686 neque
2077 4611 2183 4681 aetas,
2206 4621 2256 4664 m.

234 4717 266 4788 si
299 4712 378 4807 quis
411 4705 594 4776 radiorum
626 4697 797 4767 solarium
826 4697 937 4784 legem
976 4691 1060 4761 satis
1095 4687 1230 4757 calleat.
1282 4711 1351 4780 que
1383 4681 1572 4758 hominum
1602 4715 1717 4760 mores
1749 4692 1834 4784 ipsis
1869 4693 2058 4786 quicquam
2091 4696 2257 4769 detrahere

236 4818 334 4908 Quid
351 4809 505 4902 denique
520 4805 641 4874 fabros
663 4800 983 4868 instrumentorum
1000 4787 1231 4862 Musicalium
1283 4801 1442 4880 possunt.
1509 4787 1742 4862 Theoremata
1778 4791 1939 4865 Euclidis
1971 4800 2119 4870 eandem
2153 4799 2257 4881 hodie,

235 4911 459 4990 meminero?
491 4906 621 5002 quibus
646 4902 749 4972 toties
772 4923 927 4968 errorem
950 4893 1111 4966 suumin
1129 4913 1232 4958 rnen-
1284 4915 1390 4984 quarn
1406 4905 1487 4961 ante
1499 4893 1597 4961 mille
1618 4917 1732 4964 annos
1748 4889 1882 4966 habent
1902 4899 2159 4978 certitudinem.
2209 4901 2257 4971 ln·
2300 4913 2301 4920 ’

177 5007 179 5014 ¹
236 5022 330 5092 suris
346 5009 551 5088 dividendis
571 5004 696 5077 obieci.
747 4999 877 5072 Missos
899 4991 1232 5070 faciomechauicos
1285 5007 1389 5062 venta
1404 4989 1631 5064 Archimedis
1647 5011 1726 5086 post
1740 4999 1837 5067 mille
1853 4987 1968 5070 secula
1985 5006 2141 5074 venturis
2158 5001 2257 5074 horni-

236 5145 378 5204 omnes,
411 5130 451 5186 ut
475 5122 647 5206 quantum
670 5104 832 5175 utilitatis
858 5093 896 5172 iit
920 5099 1046 5170 studiis
1072 5095 1232 5166 liberali·
1283 5095 1389 5164 nibus
1406 5121 1480 5166 non
1497 5096 1671 5164 minorem
1687 5099 2146 5192 inducentadmiratiouern‚
2168 5129 2257 5200 quan

237 5227 303 5294 bus
320 5213 587 5291 mathematicae
609 5209 809 5290 conserant,
835 5205 978 5275 abunde
1005 5211 1232 5270 monstretur.
1284 5197 1482 5288 legentibus
1500 5199 1604 5268 nobis
1617 5199 1886 5274 iucunditatem
1938 5199 1974 5272 Ο
1986 5221 2167 5298 perpetuae
2177 5229 2257 5276 mor-

236 5322 409 5414 Nunquid
428 5315 589 5398 nescitis,
612 5333 718 5406 quam
734 5309 858 5378 crebro
881 5299 1138 5374 mathematicis
1153 5313 1232 5370 uta·
1284 5301 1409 5370 talium
1426 5301 1586 5372 comites:
1613 5325 1688 5372 non
1707 5303 1806 5394 prius
1816 5319 2029 5393 cessaturae,
2056 5333 2156 5403 quam
2168 5331 2257 5378 mun.

235 5441 294 5500 tur
309 5419 476 5511 exemplis
487 5411 735 5508 peripateticus
746 5399 1083 5496 illePhilosophus?
1107 5414 1233 5472 cuncta
1285 5403 1352 5472 dus
1374 5403 1449 5494 ipse
1471 5402 1619 5474 desinat.
1678 5398 1715 5474 0
1745 5406 1868 5478 divina
1883 5402 2177 5504 Philosophorum
2200 5433 2257 5479 uu-
