4646 5824
80 328 148 406 att
497 323 671 408 MOI».
703 323 784 406 DE
815 319 1010 408 DlCTU
1030 321 1230 406 tatia-1³
1262 315 1545 406 D'EUSEST
1577 347 1663 406 nra.
1995 337 2116 415 &ild

170 497 215 572 In
230 495 300 572 hcc
314 499 450 594 populo
460 495 719 576 maxillassun't
729 493 948 600 Prophetae,
971 524 1064 599 quot-
1109 515 1147 573 et
1163 501 1226 574 siti
1236 494 1277 570 in
1292 493 1350 572 his
1364 501 1617 578 certaminibus
1632 510 1725 595 pen'e
1740 500 2107 577 interamnanam

77 625 150 674 rum
169 603 277 674 labor
297 617 351 678 cst
371 604 498 690 foelix,
530 604 726 697 praeliante
747 606 822 676 filio
843 603 930 688 Dei,
954 621 989 678 et
1004 627 1062 677 ru
1103 605 1181 674 nis
1194 615 1239 674 ut·
1258 625 1356 673 nunc
1380 604 1472 674 bella
1497 618 1533 675 et
1555 601 1894 704 vastationesn'obis
1914 605 2019 679 molti
2036 607 2106 678 mi-

76 717 171 794 gente
191 718 330 776 mentes
351 719 387 778 et
406 703 545 797 linguas
568 702 839 799 Prophetarum.
899 705 971 780 Sed
1002 703 1062 778 bie
1110 719 1258 778 nautor.
1309 703 1379 776 Sed
1396 705 1558 777 exaudiet
1576 705 1747 778 nosDeus
1760 703 1800 777 in
1816 701 1872 778 his
1885 707 2025 800 magnis
2042 730 2105 800 pe·

76 806 145 898 ipse
164 807 237 878 dux
265 806 364 878 inter·
384 807 631 900 praeliandum
649 822 754 882 aestu
776 821 810 881 et
834 808 894 880 siti
914 809 1061 899 langue·
1110 807 1253 890 riculis,
1278 819 1477 898 precautes,
1503 831 1549 878 ne
1559 803 1754 878 Ecclesiam
1771 809 1884 880 deleri
1898 809 2002 886 sinat.

75 909 181 980 lactus
204 920 280 996 est,
314 931 394 980 cum
415 908 557 980 victima
577 909 676 982 lieret
698 910 737 980 in
758 931 870 1000 agone
893 923 927 981 et
946 923 1061 982 morte
1210 907 1308 978 llaec
1323 920 1396 976 tam
1418 908 1530 980 multa
1547 902 1607 982 hic
1626 903 1886 1002 pulcherrimus
1902 923 2008 1007 typus
2023 935 2103 984 mo-

73 1008 200 1079 adlirus
220 1009 337 1080 cruci:
362 1007 426 1080 ubi
448 1023 584 1098 tamen,
612 1011 782 1081 invocans
798 1025 980 1083 aeternum
997 1035 1059 1104 pa·
1110 1021 1190 1096 net,
1215 1011 1260 1079 de
1283 1009 1412 1104 quibus
1435 1033 1515 1079 cum
1531 1031 1640 1102 saepe
1659 1012 1746 1082 alias
1761 1010 1866 1082 etiam
1882 1013 2043 1098 dicatur,
2067 1029 2104 1087 et

74 1123 174 1195 uem,
197 1134 242 1180 ex
262 1125 377 1182 morte
396 1111 534 1186 revixit.
593 1107 727 1205 Estque
742 1114 776 1184 ei
797 1113 1058 1184 exmandibula
1111 1134 1213 1203 saepe
1232 1111 1423 1181 dicendum
1447 1110 1511 1197 sit,
1543 1135 1640 1182 nunc
1659 1113 1902 1198 breviorem,
1927 1114 1994 1185 etsi
2017 1109 2102 1187 haec

75 1210 203 1296 asinae,
235 1211 275 1280 id
298 1224 368 1296 est,
398 1235 439 1282 ex
462 1212 595 1306 populo
619 1211 746 1296 lsrael,
782 1237 823 1286 ex
853 1209 1080 1308 prophetico
1110 1211 1296 1305 explicatio
1311 1212 1425 1282 multo
1443 1211 1586 1294 tenuior
1601 1227 1665 1300 est,
1688 1213 1946 1312 quamqualem
1960 1216 2101 1308 magni·

73 1312 215 1403 collegio
235 1326 337 1384 ortus
355 1313 455 1399 lons,
488 1314 526 1384 id
557 1327 625 1402 est,
660 1311 839 1403 Ecclesia,
880 1339 970 1410 quae
996 1339 1061 1408 per
1109 1317 1198 1386 tudo
1214 1313 1266 1382 rei
1283 1313 1493 1405 postulabat.

73 1412 201 1506 ipsum,
224 1438 291 1506 per
303 1409 494 1508 Apostolos
508 1429 544 1488 et
557 1416 812 1508 perductores,
837 1417 901 1510 qui
914 1419 1060 1489 luerunt
1211 1407 1309 1484 Mihi
1323 1414 1429 1486 etiam
1445 1411 1626 1486 interdum
1640 1415 1678 1486 in
1688 1429 1843 1488 mentem
1857 1414 1974 1504 venit,
1997 1441 2100 1496 man-

74 1515 248 1608 deineeps,
272 1529 309 1587 et
324 1527 412 1586 sunt
433 1529 469 1587 et
493 1530 600 1588 erunt
624 1539 737 1614 usque
759 1520 804 1588 ad
829 1519 1059 1590 resurrectio·
1109 1515 1270 1588 dibulam
1295 1515 1490 1605 significare
1523 1517 1622 1611 illam
1645 1518 1758 1614 ipsam
1778 1513 1970 1590 humanam
1994 1533 2100 1592 natu-

73 1637 147 1684 ncm
166 1629 410 1703 mortuorum,
436 1618 627 1709 colligitur.
966 1625 968 1636 ’
1107 1641 1185 1688 ram
1200 1617 1239 1686 in
1254 1617 1328 1688 lilio
1341 1614 1430 1702 Dei,
1446 1620 1679 1712 'adsumptam
1695 1643 1736 1690 ex
1750 1615 1819 1691 hoc
1833 1619 1978 1714 populo.
2026 1619 2099 1694 Sed

164 1714 316 1811 Semper
337 1731 456 1790 autem
480 1719 700 1809 intelligatur
723 1712 782 1790 hic
807 1721 879 1792 dur
894 1718 1059 1812 praeliari
1109 1713 1202 1790 hanc
1216 1717 1543 1812 interpretationem
1557 1719 1655 1792 nunc'
1670 1722 1846 1815 relinquo.

73 1818 293 1905 mandibula,
320 1843 410 1912 quae
424 1820 568 1914 quidem
580 1817 707 1892 similis
721 1835 774 1894 est
782 1821 939 1913 collegii,
960 1823 1056 1916 quod
1210 1817 1353 1912 Vosque
1382 1833 1526 1912 propter
1551 1818 1668 1894 Deum
1696 1845 1819 1894 omnes
1854 1823 2028 1908 obtestor,
2059 1836 2101 1894 ut

73 1931 140 1989 erat
171 1919 211 1990 in
245 1921 379 2014 populo
414 1919 538 1993 ist-aiil:
580 1935 622 1994 ut
645 1933 731 1992 tunc
755 1917 874 2010 Elias,
906 1919 1058 2007 Eliseus,
1108 1921 1352 1992 mandibulam
1375 1913 1531 2008 Christi,
1562 1919 1696 2010 idest,
1725 1935 1840 1995 totum
1860 1923 2099 1996 ministerium

71 2013 186 2090 Esaias
208 2035 244 2092 et
275 2036 396 2114 postea
420 2017 585 2114 Apostoli
615 2023 763 2095 fuerunt
790 2023 970 2096 maxillae:
1007 2023 1057 2094 ita
1107 2015 1294 2112 Evangelii
1308 2045 1390 2093 vcra
1405 2022 1535 2114 pietate
1549 2024 1780 2110 veneremini,
1804 2021 2100 2096 etDeumuobis-
2148 2063 2152 2071 ·

74 2119 230 2213 deinceps
244 2122 747 2220 maxillaesuntPolycarpus,
774 2121 959 2210 irenaeus,
979 2119 1058 2196 Au·
1108 2145 1189 2192 cum
1208 2123 1421 2214 precemini,
1446 2137 1488 2194 ut
1501 2117 1571 2196 hoc
1586 2127 1702 2220 ipsum
1720 2123 1956 2198 ministerium
1973 2139 2007 2196 et
2021 2138 2097 2197 stu-

73 2223 244 2310 gustiuus,
277 2217 477 2307 Lutherus,
511 2225 665 2321 denique
688 2247 812 2296 omnes
834 2227 887 2320 pii
901 2224 1057 2298 ministri
1108 2223 1167 2295 dia
1184 2219 1373 2315 Evangelii
1393 2237 1489 2315 regat
1510 2239 1544 2297 ct
1565 2239 1723 2300 tueatur:
1756 2229 1853 2320 quod
1873 2239 1966 2296 certe
1981 2227 2098 2314 faciet,

74 2322 107 2390 in
124 2337 195 2394 tota
208 2320 380 2398 Ecclesia.
1108 2326 1138 2396 si
1154 2348 1222 2396 nos
1242 2338 1277 2397 et
1297 2327 1496 2398 doctrinam
1518 2329 1735 2409 amabimus,
1759 2340 1794 2397 et
1814 2341 1971 2398 nostram
1988 2325 2097 2418 grati-

162 2421 212 2496 Et
232 2438 320 2498 suut
349 2426 457 2498 unius
478 2425 598 2496 asinae
620 2425 846 2510 mandibula,
878 2427 962 2522 quia
984 2451 1056 2499 una
1107 2428 1270 2499 tudinem
1293 2427 1369 2499 Deo
1392 2441 1458 2520 pro
1481 2440 1580 2500 tanto
1599 2448 1767 2517 munere,
1801 2429 1931 2522 pietate
1956 2452 2100 2504 morum

74 2538 134 2610 est,
164 2520 375 2620 prophetica
396 2539 431 2600 et
447 2527 639 2620 apostolica
664 2528 846 2614 doctrina,
880 2553 986 2623 quam
1005 2531 1058 2600 le-
1107 2529 1376 2601 declarabimus.
1425 2527 1525 2602 Dixi.

15 2695 16 2698 ,
73 2647 161 2715 gere,
191 2629 346 2716 discere,
378 2625 611 2712 meditari‘et
638 2651 764 2700 sonare
791 2629 868 2724 pios
896 2631 1060 2701 doctores

73 2741 214 2819 oportet.

163 2828 218 2900 Ne
235 2843 376 2922 putate,
402 2823 566 2899 homines
589 2827 703 2914 feros,
734 2832 841 2911 rudes
863 2831 1057 2918 literarum,

73 2929 203 3018 ignaros
218 2925 447 3023 propheticae
461 2944 497 3001 et
511 2933 724 3022 apostolicae
739 2933 941 3018 doctrinae,
968 2957 1057 3026 qua·
1118 2903 1186 2977 ΝΟ·
1202 2903 1265 2978 ⁹²·
1914 2938 1962 2978 ⁸¹¹·
1986 2913 2083 2982 ¹⁵4⁶·

1112 2998 1284 3029 »om
1915 3002 2088 3033 w

73 3030 118 3100 les
134 3043 217 3102 sunt
236 3031 344 3126 multi
365 3026 535 3123 Episcopi
558 3044 592 3102 et
606 3029 779 3103 Canonici
796 3031 1056 3104 Centaurorum

73 3129 213 3213 similes,
248 3147 393 3223 propter
414 3131 484 3202 loci
507 3131 714 3220 dignitatem
738 3131 920 3205 ministros
934 3131 1056 3206 Evan-
1219 3101 1296 3188 De
1322 3098 1446 3186 dim
1471 3098 1635 3188 Pauli?
1666 3103 1797 3192 Deua
1814 3115 1882 3192 083
1898 3117 1983 3192 01⁶·

73 3231 145 3320 gelii
165 3255 253 3307 esse.
303 3231 376 3303 Nec
400 3244 520 3324 putate
541 3231 650 3319 alios,
675 3234 738 3328 qui
754 3257 958 3328 quanquam
974 3249 1056 3306 sunt
1175 3258 1205 3314 tn
1227 3257 1318 3314 select
1339 3255 1421 3312 nect.
1438 3255 1474 3312 Τ.
1492 3256 1543 3314 tlt.
1584 3259 1689 3331 Ast,
1720 3261 1839 3320 servest.
1859 3261 1954 3388 tltlp
1968 3259 2028 3318 tta
2068 3259 2098 3319 la

73 3333 210 3419 literati,
242 3347 361 3422 manen
395 3327 638 3425 propheticam
670 3348 705 3406 et
734 3335 964 3427 apostolicam
990 3337 1055 3406 do-
1207 3325 1302 3384 T·¹¹¹·
1319 3323 1431 3381 ΗΜ·
1450 3325 1547 3392 ¹³¹¹·D»
1614 3337 1643 3386 θ’
1659 3330 1733 3400 ⁸9⁰⁶
1750 3329 1907 3390 Mul-¹
1962 3350 1990 3406 t·
2004 3299 2066 3391 ⁸⁵⁹⁸·

73 3433 213 3506 cuinam
229 3445 483 3551 aspernantur,
507 3433 691 3552 ministros
705 3431 893 3555 Evangelii
911 3459 996 3508 esse.
1105 3438 1235 3553 Oratio
1259 3455 1312 3553 *de
1339 3477 1440 3554 dicto
1465 3483 1602 3555 Pauli:
1634 3483 1743 3556 Dm
1768 3493 1827 3558 m
1872 3491 1938 3580 qm.
1959 3479 2081 3584 efficit

164 3535 233 3608 Sed
253 3557 294 3604 ex
310 3528 377 3604 hac
392 3555 508 3618 asrna,
533 3535 571 3603 sd
589 3547 657 3620 est,
682 3530 1056 3628 excollegroprophe-
1103 3591 1148 3656 “t
1170 3575 1300 3654 veum
1324 3591 1363 3652 et
1387 3577 1623 3682 perficiam,
1656 3593 1701 3657 “t
1727 3533 1858 3680 nuqua
1882 3591 1957 3680 im
1978 3536 2096 3686 man}

72 3633 134 3752 ⁸³5⁰
148 3649 182 3708 ²²
201 3633 419 3754 ³9⁰⁸¹i¹i⁶⁰'
443 3655 582 3754 mie
602 3648 655 3708 ²⁸²
669 3649 844 3729 ⁸¹¹¹⁰P¹³¹¹¹
866 3659 1055 3757 ‘imm‘
1128 3681 1250 3784 fidat·
1273 3689 1440 3758 recitate
1458 3687 1608 3760 uDoct.
1632 3687 1865 3762 Maximil.
1890 3691 2068 3763 Mauro.

73 3736 243 3822 drbulam,
267 3760 351 3830 qura
369 3731 435 3806 hac
449 3737 608 3807 doctrina
623 3737 699 3808 sola
716 3759 753 3808 se
767 3739 930 3830 patefecit
949 3736 1056 3826 Deus,
1234 3740 1249 3779 ’
1822 3781 1825 3788 ·
2048 3775 2049 3778 =

72 3835 153 3910 sicut
183 3833 318 3908 Paulus
352 3837 490 3930 iuquit,
527 3831 723 3909 Ecclesiam
756 3851 949 3913 extructam
982 3863 1056 3911 esse
1104 3817 1205 3906 Cum
1225 3831 1362 3902 dictum
1383 3830 1431 3905 sit
1454 3829 1527 3903 iam
1552 3831 1592 3904 in
1616 3825 1676 3905 his
1698 3835 1944 3926 congressibus
1957 3836 2095 3930 praeci-

73 3958 167 4030 super
188 3930 451 4030 Prophetarum
469 3949 505 4008 et
525 3932 780 4029 Apostolorum
802 3941 1056 4014 ministerium.
1103 3957 1173 4026 pue
1193 3932 1393 4004 faciendam
1411 3955 1486 4005 esse
1506 3933 1765 4006 invocationem
1789 3934 1877 4024 Bel,
1906 3951 1943 4009 et
1963 3937 2096 4009 deinde

160 4037 259 4110 Haec
288 4061 352 4109 vos
382 4035 618 4110 consideratio
642 4041 880 4114 adolescentes
905 4057 1056 4129 moveat,
1102 4033 1273 4130 dealiqua
1283 4033 1467 4105 doctrinae
1480 4049 1579 4126 parte
1587 4035 1848 4110 disserendums
1868 4052 1945 4110 tum
1953 4041 1997 4112 ad
2011 4062 2096 4110 eru-

72 4151 108 4210 ut
119 4138 276 4212 statuatis
293 4163 370 4210 nou
391 4139 537 4212 aliunde
554 4140 600 4210 de
613 4135 681 4212 Dei
701 4143 852 4215 essentia
869 4143 1055 4216 ctvolun-
1102 4137 1253 4208 dieudos
1275 4135 1452 4220 iuniores,
1484 4147 1561 4205 turn
1575 4158 1661 4208 vero
1683 4137 1728 4214 ad
1742 4138 1945 4210 excitandos
1957 4163 2094 4222 omnes,

72 4249 134 4311 tate
146 4239 353 4312 sumenda
375 4263 449 4311 esse
463 4238 681 4327 doctrinam,
713 4241 784 4313 nisi
799 4269 841 4314 ex
858 4240 1055 4336 Propheta·
1102 4238 1204 4309 ΕΘΗ
1236 4257 1294 4306 me
1314 4259 1457 4332 q110q¹¹0
1484 4257 1565 4305 ¹³⁸⁰
1586 4235 1667 4308 10ῑο
1695 4251 1731 4310 et
1751 4263 1829 4310 mea
1851 4241 2098 4315 mediocritate

73 4362 145 4411 rum
159 4355 192 4414 et
206 4337 463 4433 Apostolorum
477 4341 732 4430 monumentis,
758 4357 793 4417 et
808 4336 894 4415 haec
903 4347 963 4437 pio
978 4359 1054 4418 stu·
1101 4351 1304 4431 uirumque·
1360 4331 1441 4406 Εῑδὶ
1464 4335 1565 4406 enim
1580 4351 1646 4409 nec
1666 4341 1768 4412 ardel
1780 4341 1921 4414 enimus
1936 4343 1974 4412 in
1989 4343 2095 4414 invo-

73 4441 126 4511 dio
153 4456 188 4515 et
220 4465 304 4513 vcra
333 4441 535 4514 auimomtn
564 4441 764 4516 intentione
795 4445 954 4518 discatis:
988 4469 1055 4518 nec
1102 4438 1258 4520 catione,
1283 4449 1457 4532 quantum
1479 4449 1584 4531 opto,
1610 4461 1677 4512 uec
1698 4441 1783 4517 satis
1805 4443 2017 4516 eruditionis
2034 4457 2095 4516 aut

72 4544 191 4630 pudeat
217 4565 282 4614 vos
307 4537 419 4616 huius
443 4544 562 4616 asinae
593 4544 733 4616 labores
768 4559 803 4618 et
827 4545 1053 4620 tolerantiam
1100 4539 1295 4620 facultatis,
1321 4539 1365 4608 ad
1381 4533 1478 4610 hunc
1492 4551 1631 4611 coetum
1644 4542 1847 4616 docendum
1861 4559 1923 4634 aut
1938 4547 2109 4638 excitan-¹

72 4641 205 4715 imitari.
1101 4643 1208 4723 dum,
1231 4639 1372 4726 adiero,
1403 4652 1523 4711 tamen
1543 4640 1674 4713 mimus
1692 4643 1829 4715 dictum
1844 4669 1935 4718 csse:
1960 4643 2014 4720 Ex
2031 4669 2096 4718 ore

163 4744 234 4818 sea
255 4767 320 4816 vos
340 4745 387 4816 ad
408 4746 561 4818 eundem
582 4745 750 4832 modum,
782 4743 970 4839 disciplina
993 4769 1053 4818 re-
1101 4741 1293 4814 infantium
1309 4739 1565 4826 etlactautium
1581 4744 1760 4836 perfecisti
1777 4745 1930 4822 laudem.
1972 4743 2094 4819 Etiam

73 4839 154 4932 gite,
177 4859 212 4918 et
227 4847 332 4918 tacite
346 4869 472 4939 operas
490 4848 529 4918 in
546 4837 631 4937 agro
640 4842 727 4930 Dei,
751 4841 819 4916 hoc
833 4861 903 4932 est,
928 4849 967 4916 in
981 4843 1053 4918 Ec·
1101 4843 1140 4913 in
1163 4841 1405 4917 inbecillibus
1428 4855 1525 4914 amat
1545 4856 1581 4914 et
1601 4840 1768 4937 provehit
1782 4843 1882 4920 Deus
1897 4849 1998 4918 initia
2018 4849 2093 4918 vir-

74 4945 183 5016 clesia:
209 4963 242 5021 et
264 4949 304 5018 in
327 4941 394 5018 hac
413 4949 619 5020 assiduitate
635 4949 798 5019 laborum
819 4961 855 5020 et
871 4947 1051 5020 aerumnis
1099 4957 1234 5031 tutum,
1272 4943 1381 5014 modo
1410 4957 1459 5017 ut¹
1481 4943 1654 5038 proficere
1686 4947 1849 5024 velimus.
1912 4947 2032 5040 Quare
2059 4965 2094 5023 et
2171 4993 2176 5004 =

74 5043 283 5136 ingentibus,
310 5071 401 5144 quae
412 5049 579 5120 ferendae
596 5062 679 5120 suut
699 5048 739 5118 in
760 5045 829 5119 hoc
842 5049 1051 5137 ministerio,
1099 5041 1186 5118 haec
1217 5067 1296 5116 mea
1328 5056 1411 5116 vota
1443 5057 1480 5116 et
1510 5039 1604 5116 hanc
1629 5049 1826 5122 orationem
1851 5047 1929 5122 Deo
1956 5065 2091 5143 gratam

74 5149 169 5218 talem
199 5163 369 5242 praestate
399 5151 647 5234 tolerantiam,
685 5150 827 5244 qualem
851 5151 1051 5243 praestabat
1099 5169 1175 5218 esse
1197 5171 1314 5241 spero.
2018 5181 2022 5194 ·
2053 5159 2056 5168 ¹

74 5241 277 5335 Hieremias,
301 5249 431 5323 Daniel
447 5251 572 5324 etalii.
620 5248 718 5322 Haec
731 5253 878 5323 veniant
892 5250 931 5320 in
946 5273 1050 5322 men-
1199 5247 1360 5320 Primum
1384 5245 1499 5337 igitur
1524 5244 1604 5320 Deo
1628 5262 1792 5338 aeterno,
1825 5251 2092 5345 patrillomini

73 5359 153 5436 tem,
190 5376 270 5426 cum
299 5351 546 5424 mandibulam
575 5351 666 5422 asini
694 5353 881 5424 nominare
905 5351 1049 5430 auditis.
1096 5351 1210 5422 nostri
1225 5349 1305 5421 lesu
1318 5341 1453 5421 Christi
1467 5349 1598 5440 gratias
1613 5371 1696 5442 ago,
1721 5355 1818 5448 quod
1839 5355 2011 5426 immenso
2026 5356 2095 5425 bo·

75 5448 334 5528 Aecidetautem
350 5453 453 5526 vobis
466 5477 608 5552 quoque
620 5467 660 5526 ut
681 5451 865 5541 Samsoni,
887 5468 932 5528 ut
945 5467 1046 5528 aestu
1095 5450 1208 5525 nitate
1228 5475 1265 5523 se
1286 5450 1467 5545 patefecit,
1497 5463 1534 5523 et
1555 5449 1668 5525 lilium
1689 5477 1794 5527 suum
1807 5453 2007 5529 Dominum
2025 5479 2093 5527 no-
2234 5509 2237 5514 -
