4718 5828
81 205 139 281 101
493 199 659 279 nucu
697 197 775 278 uu
816 197 1019 278 ruane.
1044 193 1123 271 m
1159 189 1365 271 lusca.
1398 187 1475 266 ar
1514 190 1650 266 nau.
1922 150 1925 156 ’
2014 201 2087 275 coa

77 373 239 472 producit,
275 397 349 445 non
382 397 474 466 ager.
533 372 685 472 Cunque
715 377 1046 448 animadvertissent

77 493 162 568 saepe
176 478 376 548 immaturas
393 492 524 568 segetes
541 481 671 550 demeti
687 503 817 570 magno
833 481 982 566 damno,
1011 492 1044 548 et

74 583 209 651 fructum
224 581 354 650 laboris
368 581 560 672 superioris
577 583 709 672 perire,
736 595 946 673 proventum
960 580 1043 650 uui-

74 706 196 752 versum
215 682 281 752 soli
301 683 451 772 tempori
476 682 650 765 tribuere,
686 697 720 754 et
743 684 917 774 patienter
938 707 1042 772 expe-

74 784 147 854 ctari
168 783 351 853 voluerunt
374 784 506 854 iustum
529 786 651 854 messis
673 799 822 875 tempus.
877 783 925 854 lta
952 779 1042 852 mihi

73 885 104 953 in
119 884 255 972 singulis
277 885 437 976 partibus
450 885 659 970 literarum,
685 887 854 976 temporis
879 881 1040 954 habenda

73 987 148 1056 ratio
162 987 315 1070 videtur,
339 1001 425 1058 utet
441 987 698 1058 admoveantur
714 993 757 1058 ad
776 1013 832 1058 eas
846 1003 937 1056 artes
953 991 1040 1056 ado-

72 1090 237 1172 lescentes,
270 1088 401 1177 quibus
425 1087 558 1179 ingenii
591 1089 777 1162 infirmitas
806 1091 1040 1182 adsequendis

71 1213 125 1281 par
147 1203 211 1273 est,
243 1202 278 1257 et
302 1189 474 1280 tantisper
503 1191 730 1260 detineantur
751 1195 788 1261 in
821 1187 894 1270 his,
927 1195 1040 1260 donec

71 1291 258 1360 maturuerit
287 1290 480 1374 iudicium,
519 1316 583 1362 nec
606 1315 751 1366 messem
774 1295 963 1384 properent
986 1295 1037 1361 fa-

72 1415 136 1460 tere
149 1405 224 1462 ante
239 1405 389 1482 tempus.
440 1389 489 1463 Et
505 1395 586 1485 quia
604 1395 707 1464 facile
728 1396 944 1465 iuvenilibus
960 1395 1040 1462 ani·

71 1493 126 1560 mis
140 1491 271 1584 obrepit
287 1495 428 1564 satietas
440 1492 634 1586 praesentis
648 1498 776 1581 studii,
804 1511 845 1566 ut
861 1498 899 1564 in
920 1520 960 1566 eo
977 1497 1040 1564 de-

70 1593 160 1664 tineri
181 1597 239 1663 diu
260 1595 338 1664 sine
358 1618 486 1686 magno
510 1598 656 1686 negocio
681 1623 754 1666 non
779 1599 932 1688 possint,
959 1599 1037 1666 ideo

72 1697 217 1784 gradibus
252 1710 421 1789 tanquam
462 1723 587 1768 caveae
622 1700 832 1768 includendi
862 1701 1038 1768 videntur.

70 1793 130 1865 Ubi
147 1797 308 1868 omnibus
322 1797 436 1868 enimi
452 1801 586 1870 viribus
599 1815 769 1892 cogantur
786 1802 823 1870 in
844 1825 956 1870 unum
973 1801 1048 1870 ali-'

70 1899 168 1988 quod,
197 1923 235 1967 ac
265 1913 401 1970 certum
431 1903 636 1992 negocium,
670 1916 842 1996 quantum
869 1905 951 1972 satis
976 1915 1038 1987 est,

69 1999 264 2072 incumbere.
316 1997 382 2072 Est
397 2005 567 2090 omnino,
588 2017 630 2076 ut
645 2007 688 2073 de
703 2005 782 2074 aliis
799 2005 966 2074 omnibus
981 2027 1039 2072 re-

69 2099 140 2184 bus,
162 2103 295 2172 utiliter
308 2118 550 2196 praeceptum,
572 2101 744 2202 βραδέως
757 2099 939 2178 σπεύδειν.
985 2101 1036 2173 lta

70 2203 102 2269 in
119 2205 234 2273 studiis
253 2229 326 2274 non
348 2205 445 2277 aliud
465 2209 611 2297 perinde
633 2209 757 2292 refert,
791 2231 896 2300 quam
919 2231 964 2274 ne
979 2206 1038 2274 in-

69 2305 251 2394 tempestive
267 2331 509 2398 properemus.
561 2307 664 2379 Nunc
686 2310 742 2394 lit,
768 2323 809 2378 ut
829 2333 908 2377 cum
922 2308 1038 2375 varias

70 2405 253 2496 disciplinas
300 2424 537 2500 pervagentur
588 2412 665 2480 sinc
718 2409 844 2479 ordine
892 2410 1039 2502 sineque

69 2507 205 2592 ratione,
258 2510 394 2578 nullam
438 2514 578 2602 penitus
619 2525 831 2602 cognoscant
869 2512 1039 2602 nullaque

70 2609 106 2674 dc
123 2633 155 2676 re
178 2613 370 2700 prudenter
390 2611 547 2683 iudicare
569 2627 714 2708 queant.
767 2601 819 2683 'Et
836 2626 875 2680 ut
895 2635 1039 2682 errones

70 2709 170 2778 nullos
189 2727 303 2782 certos
329 2713 419 2782 lares
442 2709 594 2800 habent,
625 2739 799 2808 nusquam
824 2715 922 2782 atomi
944 2725 1038 2794 sunt,

71 2822 98 2877 ct
114 2825 148 2880 ut
167 2814 283 2906 inquit
307 2813 501 2885 Martialis:
534 2815 706 2910 Quisquis
729 2817 862 2908 ubique
891 2811 1038 2893 habitat,

70 2915 198 2982 maxime
226 2938 402 3008 nusquam
435 2911 592 2999 habitat,
633 2917 779 3001 itailli,
814 2943 892 2986 cum
920 2932 1037 2986 tamen

39 3087 40 3096 ἵ
71 3015 213 3084 omnibus
235 3018 436 3108 disciplinis
461 3019 533 3088 sint
551 3015 726 3112 hospites,
754 3021 890 3087 nullam
908 3014 1039 3087 habent

70 3112 270 3188 familiariter
305 3133 438 3194 notam.
512 3119 636 3215 Neque
669 3122 763 3190 enim
800 3121 874 3188 ficri
912 3133 1037 3212 potest,

71 3220 348 3306 quemadmodum
376 3219 521 3314 reliquit
546 3224 717 3314 scriptum
745 3217 967 3314 Xenophon,
999 3233 1038 3290 ut

73 3317 121 3407 qui
139 3321 242 3390 multa
262 3323 368 3392 simul
386 3323 486 3408 facit,
511 3325 632 3394 omnia
655 3325 722 3392 rite
737 3324 860 3407 faciat,
885 3345 950 3392 nec
965 3322 1038 3390 suf-

72 3417 130 3488 ficit
159 3424 296 3494 animus
326 3423 493 3494 iuvenilis
519 3427 627 3506 variis
657 3449 697 3496 ac
723 3425 872 3494 diversis
898 3423 1038 3493 studiis·

71 3513 134 3589 Hoc
147 3524 181 3590 in
196 3525 346 3596 consilio
364 3527 431 3596 fuit
454 3529 638 3598 autoribus
653 3530 826 3616 graduum
844 3528 881 3594 in
897 3521 1038 3598 scholis.

71 3615 172 3714 Neque
194 3649 254 3716 ego
278 3651 375 3696 nunc
396 3651 599 3722 quenquam
623 3651 696 3697 esse
719 3643 805 3720 puto
830 3643 901 3697 tam
920 3627 1037 3717 impu-

73 3719 210 3810 dentem,
235 3727 298 3820 qni
312 3723 403 3798 hanc
419 3731 592 3800 rationem
613 3735 781 3800 damnare
796 3730 896 3798 ausit.
939 3727 1036 3816 Quid

73 3823 204 3896 enimin
231 3829 358 3899 studiis
380 3833 642 3900 conducibilius
669 3845 721 3900 cst
753 3831 902 3900 ordine?
942 3825 1039 3898 laune

73 3923 217 3999 classibus
240 3932 478 4024 gradibusque
507 3933 607 4002 factis
630 3957 837 4003 conservare
859 3933 1038 4000 conaban-

74 4035 129 4093 tur·
180 4030 251 4101 Vos
269 4033 374 4104 etiam
391 4035 650 4125 adolescentes,
676 4048 717 4106 ut
733 4047 863 4126 quanta
888 4035 957 4102 fide
975 4057 1038 4124 po-

74 4136 128 4198 test
139 4131 205 4205 teri
220 4159 259 4204 ac
277 4133 468 4224 religione,
495 4137 585 4206 detis
602 4161 764 4228 operam,
791 4135 885 4204 utin
901 4136 1039 4202 discen-

74 4227 127 4313 do,
147 4233 231 4304 iusto
248 4240 402 4328 quodam
421 4237 719 4309 ordincutamini.
770 4237 859 4306 Nam
876 4231 941 4304 hac
954 4259 1040 4304 con-

39 4405 40 4412 ,
74 4326 194 4406 fusanea
216 4339 376 4408 discendi
401 4339 557 4424 ratione,
591 4339 661 4407 nisi
678 4339 774 4410 Deus
790 4339 919 4430 aliquis
937 4361 1039 4426 opem

76 4431 174 4506 tulerit
196 4440 317 4508 accisis
339 4441 459 4526 rebus,
493 4465 618 4511 vereor
636 4465 681 4510 ne
697 4465 752 4512 res
768 4436 945 4511 humanae
958 4441 1043 4508 fun-

76 4531 153 4606 ditus
167 4555 379 4617 evertantur.
430 4543 526 4618 Dixi.

74 4871 193 5004 Ἢ,
876 4909 931 4950 au..
947 4870 1043 4950 1525.

883 4979 1038 5018 m

208 5071 370 5194 Proef.
391 5021 454 5160 vin
483 5072 653 5161 Aescls.
683 5081 729 5156 et
755 5070 891 5155 Dem.

131 5233 229 5292 Prodiit
253 5239 372 5310 primum
391 5237 472 5292 simul
498 5257 562 5292 cum
582 5234 706 5290 oratione
725 5233 757 5288 de
775 5231 934 5294 Fridcrico,
981 5246 1042 5280 uam

160 5307 225 5360 ride.
262 5307 364 5363 lterum
378 5311 448 5380 opud
464 5305 538 5363 Crat.
547 5305 615 5378 uyt.
629 5322 654 5373 p.
663 5304 741 5368 oss,
759 5303 786 5354 in
801 5302 956 5356 Declamat.
996 5297 1048 5352 .ll.

162 5395 187 5448 p.
200 5377 256 5451 ⁵9„
279 5377 309 5432 iu
331 5377 410 5436 Serv.
427 5377 461 5432 ll.
482 5397 508 5448 p.
522 5377 565 5434 59.
591 5383 620 5429 et
639 5375 710 5446 apud
729 5372 858 5427 Richard.
872 5370 893 5424 Ι.
912 5387 940 5441 p.
954 5367 1014 5422 ³76.

1093 365 1296 464 Praefatio
1329 372 1372 442 s'n
1404 363 1605 464 Aeschinis
1632 375 1672 439 et
1704 369 1970 446 Demosthenis
1998 396 2086 446 ore·

1502 523 1508 530 -
1523 473 1671 542 tiones..

1090 623 1183 708 Non
1218 634 1344 724 ignoro
1380 630 1565 726 equidem,
1600 647 1772 726 quantum
1807 661 1898 710 onus
1930 641 2085 727 subeam,

1092 761 1269 832 quamque
1294 733 1481 826 ancipitem
1510 757 1550 804 ac
1576 735 1754 804 difficilem
1785 761 1858 807 rem
1885 743 2084 834 suscipiam,

1091 863 1171 908 cum
1188 836 1515 930 interpretationem
1533 832 1658 906 barrum
1678 839 1877 910 orationum
1895 840 2083 914 Aeschinis

1092 963 1131 1008 ac
1146 932 1395 1009 Demosthenis
1416 937 1596 1026 polliceor.
1645 936 1768 1032 Neque
1782 942 1877 1010 enirn
1895 947 2081 1016 mediocris

1092 1055 1143 1110 est
1165 1043 1299 1130 ingenii
1322 1039 1678 1132 prudentissimorum
1705 1037 1899 1114 Oratorum
1924 1049 2082 1134 consilia,

1092 1146 1309 1236 virtutesque
1334 1143 1371 1210 in
1399 1142 1558 1210 oratione
1584 1144 1798 1233 perspicere,
1832 1169 1896 1215 nec
1924 1149 2080 1238 vulgaris

1091 1245 1253 1328 artificis,
1287 1245 1426 1313 divinas
1447 1243 1590 1312 illorum
1613 1248 1822 1330 sententias,
1856 1248 1976 1318 latinis
1999 1275 2079 1320 ver-

1090 1345 1145 1414 bis
1160 1360 1440 1436 repraesentare,
1467 1359 1501 1412 et
1524 1359 1691 1438 tanquam
1716 1347 1906 1436 imaginem
1924 1352 2079 1444 aliquam

1090 1470 1231 1536 graecae
1262 1447 1433 1516 orationis
1463 1439 1638 1516 exhibere.
1697 1445 1793 1535 Quid
1823 1453 1917 1542 quod
1940 1477 2080 1522 causam

1090 1549 1201 1641 ipsam
1237 1549 1312 1617 sine
1353 1571 1554 1638 graecarum
1597 1543 1824 1618 historiarum
1867 1553 2080 1644 cognitione,

1089 1651 1165 1720 sine
1188 1651 1334 1719 scientia
1357 1651 1473 1740 legum
1499 1661 1532 1718 et
1552 1671 1691 1718 morum
1708 1646 1928 1740 Atticorum,
1954 1679 1999 1725 ne
2015 1660 2079 1726 ad-

1090 1753 1187 1843 sequi
1211 1752 1355 1845 quidem
1370 1751 1497 1842 possis.
1554 1747 1627 1820 Nos
1651 1775 1734 1820 vero
1761 1768 1899 1842 praeter
1926 1771 2078 1828 caeteras

1090 1853 1312 1922 difficultates
1335 1839 1431 1921 mira'
1458 1852 1579 1942 inopia
1611 1855 1946 1926 commentariorum
1973 1859 2078 1928 etiam

1089 1955 1299 2024 laboramus.
1351 1949 1499 2024 Accedit
1514 1947 1601 2033 huc,
1628 1955 1724 2046 quod
1740 1955 1779 2023 in
1794 1957 1873 2044 aliis
1888 1960 2022 2028 artibus
2039 1985 2078 2030 ac

1089 2055 1220 2137 literis,
1253 2056 1460 2126 tractatione
1483 2067 1516 2124 et
1536 2055 1661 2124 studiis
1684 2050 1892 2145 hominum„
1925 2062 2079 2132 multae

1089 2157 1243 2228 tenebris
1261 2171 1357 2226 eruta
1381 2157 1495 2226 lucem
1513 2179 1685 2246 accepere.
1738 2155 1873 2228 Graeca
1897 2161 1958 2254 qui
1974 2187 2078 2232 exco-

1088 2260 1201 2328 lerent
1222 2271 1257 2328 et
1279 2259 1515 2350 illustrarent,
1550 2258 1738 2328 defuerunt
1762 2253 1931 2330 hactenus
1948 2263 1986 2330 in
2011 2259 2077 2332 hae

1088 2361 1243 2432 natione.
1296 2357 1397 2447 Quae
1413 2376 1493 2428 cum
1509 2361 1602 2448 apud
1618 2384 1673 2430 me
1689 2361 1820 2449 cogito,
1845 2364 1959 2432 sentio
1977 2366 2078 2458 cqui-

1089 2465 1187 2546 dem,
1213 2461 1249 2529 in
1269 2462 1363 2554 quod
1380 2461 1634 2529 mediscrimen
1651 2462 1855 2543 coniiciam,
1882 2490 1961 2534 cum
1979 2490 2078 2536 suru-

1088 2587 1226 2632 morum
1244 2558 1440 2633 Oratorum
1464 2561 1721 2660 laudatissimus
1744 2564 1931 2634 conciones
1947 2592 2078 2658 propo-

1088 2689 1148 2735 no.
1206 2663 1298 2734 Nolo
1329 2677 1446 2732 autem
1471 2664 1630 2751 longiore
1659 2665 1821 2734 oratione
1844 2669 2076 2738 temeritatem

1089 2787 1268 2848 excusare,
1293 2779 1354 2834 aut
1371 2766 1414 2833 de
1428 2789 1585 2833 mearum
1604 2764 1734 2834 virium
1749 2767 1988 2839 imbecillitate
2001 2793 2077 2838 am-

1088 2869 1250 2937 bitiosius
1266 2868 1394 2937 dicere.
1429 2864 1482 2935 De
1498 2867 1617 2936 animo
1633 2891 1672 2935 ac
1683 2867 1863 2936 voluntate
1879 2895 1959 2938 vere
1974 2895 2077 2962 prae-

1088 2969 1206 3038 dicare
1230 2993 1389 3060 possum,
1424 2993 1480 3035 me
1504 2991 1640 3057 semper
1666 2964 1732 3036 hoc
1753 2983 1942 3058 spectasse,
1974 2972 2077 3042 utin

1088 3067 1152 3139 hirc
1175 3065 1294 3140 schola
1327 3069 1442 3138 studia
1469 3065 1694 3138 honestarum
1724 3070 1853 3138 artium
1880 3072 2076 3146 excitarem.

1086 3171 1211 3266 Neque
1226 3195 1321 3240 narnc
1335 3173 1382 3240 ob
1398 3171 1503 3238 aliam
1520 3195 1657 3239 causam
1674 3167 1735 3238 has
1753 3172 1928 3242 orationes
1943 3199 2076 3266 propo-

1087 3275 1161 3357 sui,
1194 3298 1300 3366 quam
1323 3288 1363 3342 ut
1387 3273 1605 3341 iuventutem
1630 3273 1674 3340 ad
1702 3274 1853 3366 optimos
1877 3290 2016 3345 autores
2043 3289 2088 3346 et-

1087 3376 1292 3464 magistros,
1321 3387 1397 3443 tum
1423 3373 1664 3462 intelligendi,
1698 3387 1771 3444 tum
1787 3371 1928 3446 dicendi
1946 3401 2078 3466 cogno·

1087 3480 1232 3546 scendos
1254 3476 1455 3544 invitarem.
1512 3471 1636 3568 Neque
1654 3499 1737 3544 vcro
1755 3475 1909 3546 alienum
1932 3477 2078 3548 videba-

1087 3591 1164 3663 tur,
1196 3593 1363 3669 tanquam
1387 3591 1526 3664 gustum
1551 3577 1693 3644 illorum
1720 3577 1863 3646 facturis
1879 3603 2078 3670 proponere

1087 3703 1144 3750 eas
1165 3679 1360 3762 orationes,
1393 3700 1482 3769 quae
1498 3679 1682 3746 doctorum
1709 3679 1869 3747 omnium
1890 3703 2076 3765 consensu,

1087 3782 1255 3854 omnibus
1285 3781 1324 3848 in
1355 3775 1423 3847 hoc
1445 3801 1571 3866 genere
1597 3779 1735 3868 scriptis
1760 3782 2024 3868 praeferuntur,
2058 3806 2077 3850 e

1087 3882 1395 3978 quibusqtametsi
1419 3881 1583 3972 pleraque
1603 3903 1668 3947 nos
1683 3881 1838 3968 fugiant,
1863 3896 1981 3951 tamen
1995 3906 2079 3974 pos-
2111 3927 2115 3930 -

1087 3987 1197 4054 simus
1213 3983 1366 4075 plurima
1385 3985 1587 4074 decerpere,
1613 3981 1742 4073 quibus
1755 3981 1872 4052 studia
1887 3999 2006 4054 nostra
2024 3985 2079 4054 lo-

1088 4087 1321 4176 cupletentur.
1373 4079 1488 4152 Notus
1506 4097 1556 4152 est
1575 4081 1785 4149 versiculust

1138 4207 1193 4270 Est
1210 4207 1340 4292 quodam
1356 4207 1476 4288 prodire
1492 4218 1579 4265 tenus
1598 4205 1622 4264 si
1637 4224 1700 4264 uon
1722 4203 1807 4264 datur
1822 4205 1911 4270 ultra.

1088 4320 1244 4390 Proinde
1264 4343 1366 4408 spero
1394 4342 1447 4385 me
1463 4303 1536 4386 non
1552 4315 1741 4384 difficulter
1756 4341 1775 4384 a
1792 4315 1896 4384 bonis
1913 4315 1999 4385 viris
2017 4341 2078 4387 ve-

1090 4424 1187 4491 niam
1212 4421 1480 4512 impetraturum
1506 4441 1596 4502 esse,
1631 4419 1725 4510 quod
1755 4418 1868 4517 maius
1897 4419 2080 4511 aliquanto
2158 4423 2161 4428 “

1091 4524 1276 4612 negocium
1305 4522 1476 4612 suscipio,
1515 4544 1620 4612 quam
1654 4516 1719 4587 hae
1740 4533 1879 4587 nostrae
1912 4521 2082 4590 viriculas
2193 4573 2197 4584 .

1091 4627 1281 4694 videantur
1297 4624 1446 4693 laturae:
1469 4621 1592 4714 Neque
1607 4622 1699 4690 enim
1716 4620 1957 4690 infirmitatem
1968 4642 2081 4691 meam

1093 4726 1291 4796 dissimulo.
1342 4722 1391 4794 Et
1406 4739 1521 4794 tamen
1539 4747 1681 4815 operam
1698 4725 1807 4806 dabo,
1830 4737 1870 4791 ut
1885 4717 1974 4792 hanc
1988 4732 2102 4808 cura,

1094 4828 1296 4918 diligentia,
1328 4841 1362 4896 et
1384 4827 1471 4906 lide,
1505 4850 1594 4919 qnae
1617 4824 1806 4918 inprimis
1829 4823 1867 4891 in
1893 4825 2109 4915 interprete·

1094 4930 1307 5024 requiritur,
1340 4929 1496 4997 sarciam.
1556 4925 1624 4996 Sed
1648 4929 1692 4994 de
1707 4949 1784 4992 meo
1800 4925 1947 4995 cormilio
1962 4927 2080 4997 dicen·

1095 5035 1181 5102 dum
1211 5047 1263 5102 est
1291 5029 1446 5122 parcius,
1481 5031 1574 5120 quod
1611 5030 1654 5096 de
1681 5052 1721 5095 eo
1749 5041 1867 5116 postea
1892 5051 1932 5094 ex
1955 5042 2084 5097 eventu

1095 5133 1287 5204 iudicaturi
1321 5133 1406 5204 sitis.
1471 5129 1574 5198 Nunc
1609 5129 1715 5198 officii
1750 5128 1804 5196 sui
1837 5130 2086 5198 commonendi

1096 5251 1179 5306 sum
1201 5235 1396 5319 auditores,
1428 5255 1511 5300 nam
1537 5244 1576 5302 ut
1600 5233 1790 5323 prudentes
1819 5227 1991 5316 agricolae
2011 5256 2085 5300 non

1097 5349 1244 5408 sumunt
1267 5360 1410 5429 operam
1434 5335 1472 5402 in
1497 5334 1689 5408 exercendo
1712 5329 1824 5400 sterili
1850 5332 1945 5416 solo,
1978 5333 2026 5402 ita
2049 5331 2088 5402 in

1511 5433 1563 5502 7*
