4688 5826
900 285 1063 366 ouon.
1101 285 1177 365 nu
1210 283 1570 368 stammana.
1628 261 1630 266 ’
2197 253 2273 373 rao

233 293 305 371 trs

230 463 421 550 babemus,
453 486 530 532 cam
553 461 689 548 odisse,
723 474 759 534 et
781 473 822 532 ut
852 461 1139 532 nocentissimam
1163 485 1226 554 pe-
1277 463 1475 534 iaciendam
1493 463 1663 556 impellit,
1689 463 1750 534 alii
1765 465 1950 538 subitanea
1968 481 2101 554 morte,
2126 483 2189 541 aut
2208 469 2280 542 alio

233 583 322 639 stem
347 569 484 656 sugere,
519 565 739 658 istorumque
770 557 965 633 heluonum
997 565 1226 635 consuetudi·
1279 567 1446 660 quopiam
1480 567 1574 638 tristi
1598 579 1632 638 et
1663 566 1826 639 inaudito
1851 592 1943 644 casu
1964 570 2119 640 animam
2152 573 2281 649 aufert.

193 693 195 703 ¹
233 693 316 740 nem
341 683 508 760 tanquam
533 666 689 757 pestiferi
713 665 831 735 morbi
851 665 1052 754 contagium
1069 667 1227 738 devitare
1279 663 1418 738 Omnes
1432 662 1613 738 horrendo
1631 691 1757 758 genere
1770 670 1833 740 leti
1853 669 2009 741 absumit
2026 675 2120 743 etad
2143 673 2281 746 inferos

235 773 415 842 debemus.
465 763 514 838 Et
532 767 887 860 quotiesnobistalis
911 769 1086 860 quispiam
1104 793 1228 838 occur·
1279 769 1423 861 abripit.
1484 767 1554 840 Hic
1578 771 1711 854 exitus,
1742 794 1807 840 nec
1830 771 1921 843 alius
1944 773 2026 842 linis
2049 791 2101 847 est
2129 775 2281 847 istarum

234 875 300 956 rit,
323 867 390 940 hoc
411 869 563 957 elogium
586 869 640 937 illi
662 870 699 938 in
722 871 839 938 fronte
865 870 1033 964 scripturn
1050 883 1228 963 putemus,
1279 867 1538 946 heluationum.
1590 870 1665 962 Qui
1681 872 1730 942 sic
1745 872 1891 963 periisse
1907 874 2019 960 volet,
2045 877 2108 946 ille
2123 901 2210 947 sane
2230 879 2282 948 eis

236 975 332 1070 quod
347 975 390 1040 de
407 969 563 1040 Tantalo
579 971 681 1040 estin
702 969 919 1058 Tragoedia:
1280 997 1316 1043 se
1339 973 1528 1061 adiungat,
1553 996 1636 1042 nam
1660 973 1788 1044 melius
1809 977 1854 1044 de
1870 999 1907 1046 se
1930 1000 2005 1045 non
2019 991 2070 1048 est
2084 979 2181 1072 quod
2199 1004 2282 1071 spe-

285 1079 391 1145 Nolite
407 1080 540 1160 hospius
557 1079 594 1140 cd
609 1083 715 1140 metra
730 1083 802 1140 ilico
819 1083 906 1158 istic,
1012 1097 1015 1104 ¹
1279 1089 1353 1162 ret;
1387 1075 1510 1144 nullus
1535 1074 1630 1143 enim
1655 1099 1778 1145 eorum
1795 1071 1945 1147 honesto
1967 1091 2029 1149 aut
2045 1082 2202 1150 naturali
2219 1105 2283 1172 ge-

285 1182 332 1247 Ne
349 1186 489 1262 contagio
501 1203 569 1242 mea
584 1184 672 1244 bonis
686 1183 829 1242 umbrave
844 1184 941 1258 obsit,
1280 1201 1365 1246 nere
1387 1175 1513 1246 mortis
1535 1177 1733 1258 occumbit,
1767 1179 1889 1250 nullus
1914 1193 2062 1249 naturae
2079 1184 2282 1274 reposcenti

286 1284 385 1348 Tanta
401 1289 446 1346 vis
464 1287 581 1346 sceleris
597 1288 630 1344 in
648 1305 773 1366 corpore
788 1297 816 1345 et
829 1287 930 1344 animo
946 1281 1047 1348 haeret
1062 1303 1142 1346 meo.
1280 1279 1435 1348 animam
1452 1279 1589 1363 reddit,
1615 1280 1675 1348 sed
1699 1291 1781 1348 ante
1798 1279 1892 1348 diem
1908 1305 1970 1351 sua
1985 1281 2055 1372 ipsi
2069 1307 2180 1354 manu
2197 1309 2283 1355 cru·

106 1379 109 1386 ’
234 1379 373 1454 Revera
396 1380 492 1448 enim
514 1380 650 1448 nullius
677 1379 795 1450 morbi
817 1379 1019 1468 contagium
1043 1377 1229 1448 nocentius

235 1499 309 1569 est,
335 1507 442 1575 quam
459 1481 584 1550 talium
600 1475 788 1552 hominum
807 1483 1035 1554 consuetudo.

336 1583 582 1673 Proponamus
598 1584 702 1652 nobis
714 1583 861 1652 verbum
879 1581 964 1667 Dei,
990 1583 1087 1674 quod
1106 1580 1229 1651 multis

234 1687 272 1755 in
298 1687 384 1754 locis
404 1707 470 1754 nos
491 1686 536 1753 ab
556 1685 726 1754 ebrietate
746 1697 886 1754 revocat
904 1686 948 1753 ad
965 1683 1157 1768 ieiunium,
1183 1686 1227 1754 ad

236 1789 461 1857 sobrietatem
479 1786 619 1859 invitat.
662 1784 755 1856 Nota
772 1801 822 1854 est
836 1786 1027 1855 sententia:
1052 1784 1106 1854 Ne
1121 1787 1228 1854 corda

234 1904 348 1958 vestra
366 1900 557 1978 graventur
579 1889 735 1980 crapula.
793 1885 840 1957 Et
858 1901 999 1958 sanctus
1016 1885 1147 1956 Paulus
1163 1911 1229 1977 po-

235 1993 360 2084 pulum
378 1985 638 2059 israheliticum
660 2013 680 2058 a
703 1991 846 2080 crapula
864 1991 907 2058 ad
926 1988 1127 2058 idolatriam
1145 2013 1229 2080 pro-

234 2095 373 2186 lapsum
396 2091 561 2164 affirmat.
620 2087 738 2183 Atque
759 2085 923 2160 Christus
952 2090 1026 2179 ipse
1049 2089 1114 2158 ait:
1149 2087 1229 2159 Hoc

110 2259 117 2266 .
233 2217 344 2286 genus
366 2195 635 2262 daemoniorum
660 2215 734 2260 non
759 2191 917 2277 elicitur,
946 2215 1017 2260 nrsr
1039 2191 1174 2260 rerunio
1194 2205 1229 2261 et

234 2297 406 2367 oratione.
464 2289 520 2363 Ex
541 2319 611 2388 quo
634 2295 818 2386 perspicue
842 2295 1003 2386 adparet,
1036 2291 1113 2362 istis
1131 2317 1228 2362 com-

232 2391 505 2468 messationibus
528 2421 568 2464 ac
583 2391 851 2466 heluatiouibus
867 2394 1033 2466 Satanam
1052 2395 1180 2463 accersi
1194 2408 1230 2465 et

233 2501 420 2582 interesse,
461 2499 667 2590 sociumque
697 2521 736 2567 ae
759 2496 945 2566 convivam
974 2519 1048 2565 esse
1078 2496 1228 2566 istorum

194 2635 197 2640 ·
232 2603 433 2672 lurconum.
500 2599 667 2668 Testatur
693 2594 762 2668 hoc
790 2598 895 2668 etiam
929 2609 1075 2666 eventus
1102 2597 1228 2668 talium

139 2793 142 2800 .
232 2703 513 2798 symposiorum,
546 2724 636 2793 quae
662 2723 744 2770 raro
768 2698 845 2768 sine
867 2701 972 2770 caede
994 2699 1144 2792 aliisque
1159 2699 1229 2768 im-

232 2805 400 2874 manibus
417 2814 451 2870 et
467 2797 656 2871 horrendis
673 2801 815 2892 ilagitiis
828 2801 1085 2891 transiguntur.
1136 2799 1229 2871 Ubi-

233 2929 373 3001 cunque
387 2905 496 2994 igitur
509 2905 578 2974 talc
594 2904 738 2997 aliquod
763 2903 967 2972 convivium
985 2903 1150 2994 adparari
1174 2903 1229 2972 vi-

233 3010 343 3092 detis,
369 3003 642 3090 Adolescentes,
667 3029 713 3073 ne
730 3003 860 3095 putetis
871 3002 1027 3095 Angelos
1039 3003 1114 3073 illic
1127 3029 1229 3074 men·

231 3133 289 3180 sae
304 3108 534 3178 administros
546 3121 581 3178 et
598 3108 760 3177 custodes
774 3129 861 3175 esse:
882 3100 921 3174 hi
938 3118 1075 3176 tantum
1089 3107 1228 3176 sobrio-

1280 1380 1408 1450 deliter
1427 1379 1672 1470 perimuntur,
1703 1381 1889 1451 sanitatem
1913 1384 2072 1474 corporis
2092 1397 2125 1456 et
2148 1386 2283 1458 mentis

1280 1495 1483 1573 expugnant
1521 1481 1658 1572 poculis
1683 1495 1718 1551 et
1739 1484 1872 1552 cadunt
1895 1497 1977 1554 ante
2000 1497 2140 1578 tempus
2164 1512 2185 1556 a
2211 1513 2282 1558 na-

1279 1597 1358 1654 tura
1391 1582 1617 1676 praefinitum
1648 1582 1854 1675 turpissimo
1882 1597 1917 1654 et
1948 1581 2117 1657 horribili
2150 1611 2283 1679 genere

1280 1685 1424 1770 mortis,
1455 1685 1517 1777 qui
1540 1697 1705 1775 poterant
1731 1685 1863 1755 multos
1879 1681 2129 1759 adhucannos
2146 1693 2283 1778 vivere,

1280 1801 1314 1856 et
1328 1787 1415 1872 sibi,
1445 1787 1588 1878 suisque
1614 1811 1654 1856 ac
1669 1783 1827 1877 Reipub.
1853 1789 2030 1878 prodesse.
2083 1787 2120 1861 Ο
2136 1817 2283 1864 execra-

1280 1889 1389 1956 bilem
1407 1887 1514 1958 vitam
1528 1911 1634 1980 quam
1649 1887 1813 1978 exigunt!
1849 1885 1886 1958 0
1899 1903 2052 1960 mortem
2065 1895 2179 1968 multo
2197 1921 2283 1966 exe-

1280 1989 1502 2059 crabiliorem
1516 1987 1524 2058 l

1381 2089 1537 2160 Miretur
1563 2089 1693 2183 aliquis
1718 2115 1824 2186 quam
1857 2089 1913 2161 illi
1944 2117 2067 2163 revera
2095 2094 2217 2164 miseri
2247 2111 2284 2170 et
2338 2105 2341 2118 “

1280 2189 1498 2262 miserabiles
1531 2185 1716 2278 homines,
1759 2207 1865 2288 atque
1896 2193 1935 2263 iu
1960 2196 2141 2266 neminem
2166 2199 2284 2287 magis

1280 2317 1387 2384 quam
1405 2295 1443 2362 in
1459 2292 1592 2385 scipsos
1617 2295 1800 2381 crudeles,
1836 2297 1979 2366 tandem
1997 2297 2216 2390 voluptatem
2237 2325 2284 2372 ex

1280 2393 1345 2464 ista
1360 2395 1437 2464 dira
1462 2406 1498 2464 et
1518 2393 1667 2463 immani
1690 2391 1895 2468 heluatione
1918 2397 2074 2488 capiente
2108 2422 2192 2469 nam
2213 2423 2287 2491 gu-

1280 2510 1354 2576 stus
1376 2509 1487 2595 certe,
1520 2496 1583 2593 qui
1603 2519 1727 2571 sensus
1742 2499 1839 2568 solus
1859 2498 1939 2569 cibo
1959 2511 1994 2570 et
2012 2513 2101 2590 potu
2116 2501 2285 2590 allicitur,

1280 2597 1354 2666 illis
1379 2598 1449 2668 iam
1474 2597 1560 2667 olim
1586 2597 1709 2688 periit,
1747 2599 1779 2669 is
1808 2601 1904 2670 euim
1934 2602 2096 2672 coctione
2125 2605 2284 2689 sublata,

1281 2700 1403 2770 nullus
1425 2722 1498 2770 esse
1524 2711 1651 2790 potest.
1716 2699 1843 2771 Fames
1875 2724 1960 2772 vero
1986 2726 2027 2772 ac
2053 2703 2146 2790 sitis,
2185 2731 2284 2800 quae
2340 2731 2341 2786 j

1280 2801 1454 2894 optimum
1489 2801 1757 2872 condimentum
1788 2815 1892 2884 sunt,
1931 2826 2038 2896 quarn
2069 2805 2283 2896 longissime

1281 2905 1411 2974 absunt
1432 2903 1477 2972 ab
1494 2905 1561 2972 eis:
1593 2899 1771 2975 Esuriuut
1787 2929 1995 3000 nunquam,
2020 2907 2147 2978 sitiunt
2161 2911 2282 2984 multo

1280 3007 1418 3089 minus,
1449 3005 1669 3094 ingurgitant
1697 3019 1813 3076 tamen
1843 3001 1980 3092 adbuc,
2012 3024 2209 3104 urgentque
2237 3037 2283 3085 ac

1280 3118 1449 3200 torquent
1471 3106 1623 3197 seipsos,
1657 3109 1933 3198 regurgitantem
1956 3132 2020 3200 per
2040 3133 2080 3180 os
2100 3135 2140 3182 ac
2156 3113 2283 3187 lauces

233 3235 314 3282 rum
329 3210 449 3280 coenis
466 3210 661 3290 intersunt,
688 3233 812 3278 eorum
836 3231 957 3278 curam
974 3221 1120 3298 gerunt,
1147 3233 1227 3278 cum
1281 3221 1405 3300 potum
1427 3207 1673 3290 infundentes,
1700 3210 1814 3279 donec
1830 3212 1875 3280 ad
1893 3210 2041 3302 plenum
2057 3212 2162 3284 istam
2179 3215 2282 3287 cloa-

233 3315 302 3384 isto
318 3333 419 3402 grege
435 3306 633 3380 beluonum
654 3309 857 3380 commercii
872 3306 966 3380 nihil
983 3305 1135 3394 habent,
1167 3312 1228 3380 sed
1281 3333 1357 3378 cam
1373 3310 1510 3400 poculis
1526 3312 1700 3402 expleant.
1749 3309 1858 3382 Nulla
1880 3325 1974 3382 certe
1988 3307 2075 3383 baec
2090 3316 2282 3390 delectatio

233 3413 383 3488 Satanas
416 3413 488 3482 illis
522 3412 719 3498 ministrat,
761 3411 910 3482 Satanas
943 3413 1071 3504 pocula
1097 3411 1230 3498 miscet,
1283 3424 1397 3502 potest
1411 3435 1504 3496 esse,
1530 3415 1591 3482 sed
1609 3426 1678 3497 est,
1705 3416 1799 3506 quod
1812 3413 1930 3507 quivis
1942 3436 2027 3484 sana
2040 3431 2159 3487 mente
2172 3441 2283 3509 prae-

232 3540 375 3610 unaque
391 3539 472 3584 cum
488 3515 573 3584 vino
589 3537 630 3584 ac
645 3513 812 3584 cerevisia
829 3509 980 3606 sulphur
995 3527 1100 3608 atque
1115 3514 1227 3606 picem
1281 3513 1377 3586 ditus
1392 3513 1579 3604 intelligit,
1604 3515 1812 3585 manifestus
1830 3539 1871 3585 ac
1886 3515 2084 3587 diabolicus
2098 3519 2212 3594 furor.

233 3613 498 3712 phlegethontis
519 3616 706 3710 propinat,
739 3616 870 3709 quibus
891 3617 1001 3709 potis,
1034 3616 1151 3687 statim
1171 3617 1230 3688 iu·
1381 3612 1497 3687 Divus
1517 3613 1730 3685 Ambrosius
1760 3617 1879 3686 ocium
1903 3616 1991 3688 dicit
2011 3641 2085 3688 esse
2107 3621 2283 3711 pulvinar

233 3745 310 3791 rere
333 3720 523 3809 incipiunt.
582 3717 711 3788 Nonne
731 3718 876 3796 videtis,
901 3720 1120 3810 quamvelut
1137 3717 1230 3810 lym·
1281 3714 1451 3788 Satanae:
1492 3712 1541 3788 At
1568 3717 1719 3786 ebrietas
1753 3741 1828 3786 non
1858 3719 1966 3787 modo
1991 3720 2175 3810 pulvinar,
2212 3729 2281 3797 sed

233 3817 366 3915 phatici
381 3816 613 3904 bacchentur,
639 3834 674 3890 et
687 3833 855 3912 tanquam
870 3819 1003 3889 rabiosi
1019 3843 1121 3888 canes
1135 3819 1231 3890 inter
1280 3819 1389 3886 molle
1411 3843 1451 3888 ac
1472 3817 1662 3888 delicatum
1687 3819 1804 3889 cubile
1828 3833 1879 3888 est
1895 3817 2065 3902 Satanae,
2096 3847 2280 3918 nusquam

237 3948 273 3994 se
287 3923 400 4016 ipsos,
427 3936 461 3992 et
477 3947 558 3992 cum
573 3921 669 4006 aliis,
695 3933 841 3990 cruento
856 3921 951 3989 ferro
967 3934 1195 3996 concurrant.
1280 3919 1342 3987 ille
1359 3921 1464 3990 cubat
1479 3943 1519 3990 ac
1533 3919 1721 4014 requiescit
1731 3920 1914 3995 libentius.
1966 3920 2041 4010 Qui
2056 3923 2164 4013 igitur
2178 3923 2281 4001 hunc

337 4023 416 4095 Hoc
431 4037 483 4094 est
502 4025 597 4118 quod
623 4037 657 4094 et
670 4017 874 4092 Alexander
888 4021 1038 4092 Macedo
1054 4023 1123 4092 sibi
1138 4021 1230 4092 aeci·
1282 4022 1469 4090 convivam
1493 4035 1528 4092 et
1556 4022 1792 4093 convictorem
1820 4018 2186 4120 cohabitatoremque,
2221 4043 2283 4102 at.

236 4130 320 4198 dere
352 4126 480 4212 sensit,
516 4139 551 4196 et
573 4139 717 4220 questus
747 4124 853 4194 etiam
883 4138 953 4210 est,
985 4149 1113 4217 nempe
1132 4125 1229 4220 quod
1281 4147 1350 4216 que
1367 4124 1471 4195 etiam
1490 4125 1791 4194 condormitorem
1812 4119 1944 4194 habere
1964 4127 2082 4218 cupit,
2115 4128 2281 4202 illetan-

237 4253 318 4300 curn
340 4228 509 4314 bibisset,
548 4227 587 4298 in
616 4251 693 4296 eam
716 4227 852 4297 rabiem
880 4228 1150 4310 accenderetur,
1189 4239 1231 4297 ut
1282 4237 1358 4294 tum
1373 4220 1467 4295 hanc
1489 4225 1522 4295 ei
1544 4227 1662 4294 sedem
1685 4239 1889 4318 praeparet,
1914 4227 2047 4299 credite
2063 4225 2172 4318 mihi,
2198 4257 2280 4306 non
2339 4273 2340 4278 κ

237 4331 333 4402 iuter
346 4331 471 4423 pocula
487 4328 634 4399 intimos
650 4342 685 4400 et
698 4323 923 4398 charissimos
938 4331 1070 4399 amicos
1084 4342 1230 4399 contru-
1282 4327 1345 4397 diu
1369 4328 1501 4411 aberit,
1535 4328 1606 4398 vita
1632 4349 1673 4398 ac
1695 4327 1795 4398 factis
1829 4328 2043 4420 condignam
2075 4335 2278 4405 mercedem

238 4433 391 4518 cidaret,
430 4444 465 4502 et
488 4427 667 4500 Bacchum
696 4453 776 4498 eum
806 4431 962 4500 furorem
986 4431 1055 4500 sibi
1077 4431 1231 4500 obiicere
1281 4429 1386 4499 etiam
1402 4429 1617 4502 redditurus.

237 4535 407 4616 credidit,
450 4533 676 4602 ulciscentem
703 4531 736 4598 Τ
738 4526 897 4602 hebanae
921 4533 1022 4604 urbis
1044 4533 1230 4602 excidium.
1382 4527 1548 4601 Defessus
1563 4531 1632 4600 iam
1649 4555 1759 4623 prope
1773 4555 1850 4602 sum
1867 4532 2019 4604 dicendo
2033 4535 2078 4604 de
2090 4559 2128 4604 re
2140 4537 2279 4607 foedis-

239 4637 389 4709 Satanas
420 4636 489 4705 init
517 4636 581 4704 iste
601 4627 781 4718 Bacchus,
823 4634 886 4725 qui
918 4635 1080 4706 assiduus
1105 4636 1230 4704 talium
1282 4632 1389 4718 sima,
1421 4645 1541 4704 etvos
1565 4626 1792 4704 hauddubie
1816 4635 2058 4706 multoetiam
2078 4637 2190 4728 magis
2208 4663 2280 4710 au-

238 4739 487 4810 conviviorum
511 4736 639 4806 assecla
662 4735 751 4804 solet
773 4757 858 4806 esse.
914 4733 1011 4807 Huic
1026 4737 1155 4828 gaudio
1169 4751 1232 4822 cst,
1282 4735 1414 4804 diendo
1435 4735 1561 4806 defessi
1583 4736 1682 4818 estis,
1715 4736 1820 4804 finem
1843 4735 1953 4826 igitur
1971 4737 2109 4812 faciam.
2168 4736 2223 4810 Ac
2245 4743 2280 4812 si

238 4836 403 4912 homines
416 4863 480 4932 per
491 4837 725 4909 vinolentiam
743 4837 782 4905 in
795 4837 952 4908 furorem
969 4853 1081 4925 actos,
1105 4839 1156 4908 sic
1172 4839 1229 4907 in·
1282 4837 1377 4928 apud
1411 4860 1474 4906 vos
1508 4837 1684 4928 suscipere
1720 4861 1904 4928 personam
1935 4835 2125 4910 monitoris
2157 4865 2279 4914 meam

238 4959 293 5016 ter
311 4968 347 5014 se
369 4941 536 5014 caedibus
559 4953 593 5010 et
616 4939 716 5009 omni
733 4961 860 5029 genere
878 4939 1109 5012 immanitatis
1132 4963 1231 5010 eom·
1282 4934 1533 5009 hancaetatem
1549 4963 1624 5008 non
1639 4951 1799 5029 putarem
1814 4939 2002 5026 dedecere,
2027 4965 2091 5011 vos
2104 4937 2280 5016 adhorta-

239 5046 392 5118 mittere.
443 5041 523 5113 Hoc
539 5041 594 5111 illi
608 5042 846 5134 spectaculum
858 5042 1155 5114 iucundissimum
1169 5055 1232 5127 est,
1281 5063 1341 5110 rer
1352 5033 1624 5125 Adulescentes,
1648 5053 1689 5110 ut
1705 5040 1911 5110 ebrietatem
1926 5055 2094 5136 tanquam
2110 5045 2279 5118 omnium

239 5148 271 5217 is
288 5147 336 5217 ita
353 5149 495 5217 affectos
512 5168 572 5214 eos
588 5157 622 5215 et
638 5145 693 5214 sui
709 5143 878 5234 impotes,
903 5144 1033 5214 deinde
1055 5169 1119 5216 suo
1134 5145 1232 5214 arbi·
1280 5141 1496 5232 flagitiorum
1515 5143 1761 5234 malorumque
1774 5141 1933 5214 fomitem
1960 5161 2000 5214 ac
2021 5145 2157 5216 sontem
2184 5149 2280 5220 vita-

239 5250 309 5320 trio
323 5275 393 5343 quo
410 5251 486 5319 vult
500 5247 652 5318 ducitae
667 5245 836 5336 impellit,
861 5247 974 5316 donec
990 5247 1052 5316 alii
1073 5247 1117 5316 de
1131 5247 1231 5316 fene·
1280 5247 1384 5328 retis,
1409 5244 1563 5314 sobriam
1585 5267 1670 5314 vero
1689 5243 1818 5330 vitam,
1842 5259 1883 5316 ut
1904 5245 2078 5316 virtutum
2100 5249 2280 5339 omnium,

240 5365 312 5422 stra
344 5365 405 5422 aut
437 5375 500 5442 per
532 5351 662 5440 gradus
692 5347 858 5439 prolapso
883 5347 1055 5418 cervicem
1087 5349 1230 5436 frangit,
1281 5342 1476 5417 honestatis
1503 5371 1543 5416 ac
1565 5345 1726 5416 sanitatis
1756 5347 1978 5436 magistram,
2008 5364 2279 5445 parentemque,

239 5453 350 5524 alium
372 5453 624 5525 trucidandum
647 5449 773 5522 obiicit
788 5449 922 5532 sodali,
947 5463 1009 5521 aut
1027 5452 1072 5520 ad
1089 5451 1229 5524 caedem
1280 5447 1594 5542 amplecteremini.
1646 5445 1728 5520 Scio
1751 5471 1815 5538 ego
1845 5473 1952 5543 quam
1981 5449 2115 5523 infame
2141 5467 2177 5526 et
2202 5455 2277 5528 iam
