4704 5826
160 261 236 342 sta
574 257 736 336 nitet.
770 258 848 335 DE
879 258 1091 336 LEGUM
1125 257 1423 340 FONTIBUS
1455 259 1531 338 ET
1563 260 1785 340 ctusts.
2135 261 2213 338 sto

166 439 233 523 sit,
259 451 412 510 moneat.
472 433 588 508 Discis
611 435 782 508 iustitiam
807 433 1056 530 aequalitatem
1080 457 1164 506 esse.
1317 435 1456 510 llsrom
1474 436 1657 508 simiarum
1674 461 1757 508 cuin
1774 437 1908 510 similes
1922 439 1994 511 sint
2006 437 2124 524 multi,
2148 437 2213 532 qni

165 539 233 616 Est
252 563 335 634 ergo
361 555 395 611 et
408 538 503 611 Deus
518 537 699 610 verissime
721 537 898 632 aequalis,
925 536 1164 608 alienissimus
1217 536 1283 612 lioc
1298 537 1544 614 Romanorum
1559 540 1615 612 ius
1630 539 1970 632 sapientissimorum
1986 553 2022 612 et
2035 539 2214 634 peritissi-

168 637 520 742 anpoosonolnips'cy,
546 655 581 714 et
595 643 641 711 ab
655 641 824 712 omnibns
842 640 1037 735 tyrannicis
1053 641 1163 710 mori·
1215 667 1357 714 morum
1388 637 1577 714 bominum
1606 643 1926 718 deliberationibus
1950 643 2143 736 scriptum,
2178 653 2214 712 et

168 752 248 823 bos.
282 745 379 817 Haec
393 745 519 834 ingens
533 743 730 814 consolatio
744 756 805 814 est.
831 739 922 812 Nam
937 767 1017 812 cuin
1034 765 1165 836 aequa-
1216 747 1346 816 deinde
1368 745 1585 816 illustratum
1602 746 1824 838 vituperant,
1850 761 1885 818 et
1906 745 2013 818 stulte
2029 744 2214 816 somniant

169 851 215 922 lis
232 851 295 940 sit,
321 847 554 948 certissimum
572 861 624 918 cst
639 846 729 914 velle
746 869 827 916 euin
845 867 970 914 omnes
986 845 1030 914 ad
1049 845 1163 914 filium
1216 869 1252 918 se
1266 846 1448 918 meliorem
1464 845 1627 938 politiam
1652 849 1805 918 condere
1828 871 1950 941 posse,
1977 871 2103 918 eorum
2118 845 2214 916 deli·

170 950 414 1044 coniugientes
428 949 593 1041 recipere,
610 947 775 1018 necvelle
790 946 978 1036 imaginari
994 961 1164 1040 tanquam
1217 963 1376 1021 ramenta
1395 949 1614 1042 explodenda
1630 963 1730 1020 aunt:
1757 973 1911 1043 quorum
1927 963 2060 1046 quanta
2084 949 2131 1020 sit
2149 971 2213 1018 va-

171 1057 216 1125 de
235 1067 408 1150 tyranno,
441 1065 474 1120 et
501 1051 531 1120 si
554 1050 643 1120 alios
665 1049 809 1142 recipit,
842 1062 877 1119 tc
901 1063 1020 1120 tamen
1039 1047 1165 1118 reiicit.
1216 1053 1330 1136 nitas,
1364 1051 1501 1122 etiamsi
1534 1051 1692 1121 iuniores
1719 1053 1883 1124 nonduin
1913 1053 2056 1138 vident,
2091 1063 2215 1122 tamen

170 1153 263 1227 Cum
286 1155 375 1244 legis
394 1153 578 1223 veritatem
603 1153 770 1224 virtutem
792 1175 884 1232 esse,
913 1173 984 1244 qua
1009 1173 1107 1220 mens
1130 1162 1165 1220 et
1218 1153 1418 1224 senioribus
1438 1153 1609 1245 etperitis
1623 1155 1781 1239 credant,
1807 1177 1881 1226 non
1898 1168 2029 1225 temere
2043 1151 2139 1244 leges
2157 1174 2215 1220 sa-

172 1260 285 1329 oratio
302 1268 520 1346 congruunt,
551 1267 585 1326 ct
599 1254 693 1326 dicta
707 1277 746 1323 ac
761 1269 860 1346 pacta
876 1265 1079 1323 constanter
1092 1275 1166 1322 ser·
1218 1257 1380 1350 pientum
1414 1269 1448 1326 et
1478 1254 1676 1346 peritorum
1709 1255 1852 1326 iudiciis
1884 1257 1993 1342 latas,
2036 1267 2217 1346 receptas,

171 1371 318 1432 vantur:
344 1357 515 1447 cogitabis
528 1353 642 1427 Deum
656 1379 816 1426 veracem
833 1377 925 1440 esse,
949 1379 1015 1425 nec
1028 1355 1166 1424 dissen—
1217 1357 1474 1448 comprobatas,
1494 1358 1682 1428 mutandas
1696 1381 1782 1429 esse.
1815 1356 1893 1428 Hac
1908 1359 1982 1450 ipsa
1998 1358 2042 1428 de
2056 1381 2094 1426 re
2110 1377 2215 1447 saepe

172 1463 240 1534 tire
255 1485 275 1532 a
291 1483 353 1532 sua
369 1458 623 1562 promissione,
648 1481 739 1551 quae
751 1457 962 1528 universalis
978 1470 1039 1530 est.
1072 1453 1165 1527 Cum
1218 1459 1442 1550 gravissimas
1461 1459 1816 1531 commonefactiones
1831 1460 2035 1530 audivimus
2049 1453 2117 1528 hoc
2135 1457 2214 1548 ipso

172 1565 260 1655 legis
287 1585 418 1655 poenas
438 1560 627 1640 scelerum,
659 1584 734 1629 non
762 1555 848 1644 has,
882 1555 1031 1652 Epicuri
1057 1581 1167 1643 more,
1220 1563 1258 1630 in
1277 1563 1356 1632 loco
1378 1583 1398 1630 a
1419 1560 1614 1631 clarissimo
1639 1561 1717 1631 viro
1740 1559 1786 1638 D.
1811 1559 2034 1657 Hieronymo
2056 1554 2216 1642 Schurff,

171 1678 309 1737 tantum
333 1677 478 1756 propter
505 1661 797 1756 tranquillitatem
828 1655 986 1730 humano
1015 1659 1165 1730 consilio
1218 1676 1444 1756 praeceptore
1470 1675 1593 1734 nostro
1626 1677 1794 1756 perpetua
1822 1664 2019 1736 reverentia
2042 1661 2215 1732 colendo:

172 1767 351 1839 institutas
367 1787 440 1836 esse
456 1777 577 1856 putes,
605 1787 727 1834 serum
745 1762 895 1833 sancitas
910 1762 1103 1845 divinitus,
1126 1775 1167 1834 ut
1219 1766 1319 1836 cuius
1331 1765 1521 1850 iudiciuin,
1546 1788 1627 1834 cuin
1645 1765 1866 1852 eruditione,
1884 1779 2016 1849 aetate,
2040 1786 2131 1848 usn,
2157 1785 2216 1831 sa-

154 1867 246 1941 ‘sint
261 1866 618 1938 commonefactiones
632 1867 676 1936 de
692 1865 803 1957 ipsius
819 1865 969 1937 iusticia.
1003 1859 1167 1957 Denique
1219 1867 1353 1959 pientia
1368 1867 1524 1950 excellat,
1548 1889 1653 1960 quem
1668 1868 1812 1961 quidem
1830 1883 1871 1940 ιιι
1883 1867 1979 1940 Deus
1994 1865 2215 1936 incolumem

172 1973 279 2066 plena
295 1982 347 2040 est
361 1963 448 2038 haec
466 1980 539 2040 tota
553 1967 714 2038 doctrina
730 1966 933 2058 sapientiae,
960 1989 1066 2058 quain
1083 1989 1166 2057 pro·
1218 1967 1374 2062 Reipub.
1391 1969 1454 2039 diii
1471 1981 1585 2038 servet
1599 1981 1674 2040 toto
1689 1983 1829 2062 pectore
1842 1982 1937 2064 opto,
1957 1969 2064 2058 longe
2076 1967 2216 2036 antefe-

173 2074 254 2167 piua
267 2069 453 2164 aspicietis,
473 2093 553 2139 cuin
571 2071 738 2139 accedent
752 2082 858 2148 aetas,
883 2068 1049 2150 eruditio,
1070 2091 1166 2141 usus.
1219 2093 1339 2142 ramus
1353 2071 1482 2143 stultae
1496 2070 1678 2141 iuniorum
1692 2071 1899 2145 curiositati.
1946 2071 2018 2144 Sed
2032 2072 2077 2140 de
2092 2061 2161 2139 hac
2174 2089 2217 2138 re

171 2173 278 2247 Nunc
293 2173 446 2243 multum
462 2169 648 2262 profecisse
662 2169 821 2241 iuniores
837 2193 874 2239 se
887 2170 1017 2255 sciant,
1043 2170 1073 2238 si
1087 2170 1167 2238 illas
1219 2173 1306 2244 alias
1319 2173 1421 2266 plura
1437 2173 1606 2243 dicemus.
1997 2228 2003 2262 ,

171 2275 374 2348 barbaricas
388 2273 576 2364 opiniones
597 2296 639 2342 ex
660 2272 787 2342 anisnis
805 2272 965 2352 eiicient,
992 2295 1083 2366 quae
1099 2271 1166 2340 lin-
1321 2273 1514 2370 Postquam
1539 2289 1654 2346 autem
1676 2297 1757 2362 vos,
1788 2287 1830 2345 ut
1851 2271 1959 2344 officii
1983 2273 2099 2346 nostri
2122 2271 2216 2343 ratio

172 2393 262 2470 gunt
277 2378 390 2467 leges,
415 2388 451 2446 et
473 2369 570 2445 hunc
594 2375 757 2444 ordinem
775 2375 979 2466 politicum,
1005 2373 1166 2468 tyranni·
1219 2377 1391 2469 postulat,
1424 2376 1677 2446 commonefeci
1698 2377 1742 2446 de
1762 2375 1961 2448 reverentia
1984 2374 2132 2466 politico
2154 2397 2216 2444 or-

173 2505 254 2554 cum
278 2499 454 2549 carcerem
479 2499 571 2562 esse,
600 2499 666 2547 nec
687 2471 766 2547 Deo
784 2499 889 2546 corae
906 2498 990 2546 esse.
1018 2487 1053 2545 et
1075 2475 1167 2544 inci·
1220 2479 1299 2548 dini
1314 2478 1447 2564 debita,
1472 2501 1542 2571 qua
1556 2478 1661 2548 etiain
1675 2475 1753 2548 Deo
1769 2477 2022 2569 gratitudinem
2036 2489 2217 2569 praestare
2339 2489 2340 2494 ’

172 2584 273 2678 pient
296 2582 335 2650 in
357 2575 424 2650 hac
442 2578 607 2648 miranda
633 2579 901 2649 conservatione
925 2590 1073 2647 naturae
1097 2571 1166 2646 hu·
1218 2580 1370 2652 debetis:
1403 2605 1468 2650 oro
1494 2601 1592 2649 nunc
1616 2593 1691 2651 toto
1722 2595 1862 2674 pectore
1883 2577 2000 2650 Deum
2029 2591 2218 2650 aeternum

172 2707 299 2755 manse
313 2681 619 2773 et'gubcrnatione
634 2679 867 2773 praesentiam
885 2676 954 2749 Dei
968 2701 1167 2770 agnoscere,
1220 2695 1356 2776 patrem
1385 2677 1534 2753 Domini
1561 2681 1673 2752 nostri
1697 2679 1776 2754 lesu
1800 2677 1953 2766 Christi,
1992 2679 2217 2751 conditorem

172 2781 399 2858 abhorreres
414 2783 686 2880 contprbatione
699 2780 854 2852 ordinis:
880 2793 915 2852 et
924 2779 1037 2852 Deum
1054 2803 1166 2862 orare,
1219 2785 1310 2857 coeli
1325 2798 1360 2856 et
1371 2797 1502 2866 terrae,
1528 2797 1561 2853 et
1576 2777 1765 2854 hominum
1780 2797 1814 2854 et
1828 2781 2007 2854 Ecclesiae
2021 2805 2118 2868 suae,
2141 2803 2217 2852 nna

171 2901 212 2961 nt
220 2887 275 2960 sni
284 2885 402 2980 operis
411 2884 578 2956 internos
588 2897 703 2956 custos
712 2897 746 2954 et
754 2897 981 2982 conservator
990 2905 1063 2954 esse
1072 2882 1167 2953 velit.
1220 2911 1301 2958 cuin
1315 2887 1390 2956 filio
1406 2909 1471 2956 suo
1480 2883 1637 2956 Domino
1651 2899 1775 2957 nostro
1788 2883 1865 2957 lesn
1874 2881 2030 2965 Christo,
2045 2883 2216 2956 crucifixo

270 2988 456 3060 Postremo
479 2987 585 3057 etiam
600 3009 730 3056 moneo
752 2985 931 3070 iuniores,
955 2998 997 3056 ut
1013 2985 1167 3056 insulsos
1220 3013 1286 3079 pro
1302 2987 1408 3059 nobis
1423 3001 1457 3058 et
1478 2987 1702 3074 resuscitato,
1722 3001 1757 3060 et
1773 2986 1912 3080 Spiritu
1928 2999 2069 3068 sancto,
2094 3000 2138 3057 nt
2151 3007 2216 3055 sua

172 3105 208 3164 et
231 3089 416 3170 seditiosos
439 3089 609 3160 clamores
632 3111 756 3158 eorum
779 3087 986 3178 explodaut,
1019 3087 1083 3182 qui
1099 3079 1167 3156 hoc
1220 3091 1392 3160 immensa
1408 3087 1650 3160 misericordia
1666 3101 1813 3182 propter
1826 3089 1939 3158 tilium
1958 3099 2134 3180 perpetuo
2156 3087 2217 3157 in-

171 3192 420 3267 Roinanornin
437 3189 492 3260 ius
506 3189 729 3281 vituperant,
756 3203 791 3260 et
808 3189 989 3260 somniant
1003 3211 1040 3258 se
1055 3211 1166 3258 noras
1221 3207 1353 3263 ternos
1370 3192 1515 3282 colligat
1530 3203 1708 3262 aeternam
1725 3187 1978 3261 haereditatem
1990 3189 2084 3274 lilio,
2110 3201 2145 3260 et
2157 3213 2216 3259 re-

170 3295 265 3386 leges
279 3293 431 3364 condere
446 3313 559 3384 posse.
609 3287 749 3362 Horum
772 3289 963 3362 stulticiam
980 3313 1055 3361 non
1070 3293 1165 3361 resu-
1220 3307 1278 3384 gat
1293 3317 1358 3364 nos
1372 3293 1510 3387 Spiritu
1531 3306 1653 3363 sancto
1677 3317 1759 3378 suo,
1785 3305 1899 3362 servet
1914 3285 2074 3384 hospicia
2089 3283 2217 3362 Eccle-

171 3397 256 3469 tabo
276 3395 381 3486 longa
398 3393 580 3477 oratione,
604 3417 685 3464 cnm
708 3393 852 3487 quidem
871 3415 972 3478 vera,
1000 3393 1116 3483 gravis
1132 3405 1167 3463 et
1220 3395 1309 3482 siae,
1333 3409 1462 3468 etcum
1479 3394 1660 3464 verissime
1672 3395 1717 3464 sit
1730 3395 1811 3465 fons
1827 3393 2020 3484 sapientiae
2034 3405 2070 3464 et
2083 3391 2218 3482 legum,

172 3499 359 3592 splendida
382 3495 548 3567 refutatio
571 3493 707 3587 opponi
734 3496 856 3587 possit.
914 3493 986 3571 Sed
1007 3519 1104 3566 nunc
1127 3495 1165 3563 in
1219 3499 1265 3568 sit
1281 3511 1398 3568 custos
1413 3497 1508 3570 inter
1522 3519 1588 3566 nos
1603 3495 1811 3588 disciplinae
1836 3497 1972 3587 legum,
1997 3491 2215 3566 iudiciorum

170 3595 238 3672 hac
251 3599 420 3692 temporis
434 3597 594 3689 augustia
617 3618 694 3667 eam
709 3597 847 3670 omitto.
871 3608 1009 3667 tautiini
1026 3593 1166 3689 Apolo·
1219 3613 1255 3671 et
1276 3599 1440 3685 virtutis,
1470 3613 1504 3670 et
1528 3597 1656 3669 elliciat
1679 3612 1719 3669 ut
1743 3621 1883 3690 semper
1899 3596 1995 3669 inter
2016 3619 2084 3668 nos
2098 3595 2218 3668 luccat

172 3725 256 3794 guin
272 3702 449 3785 recitabo,
473 3699 535 3794 qui
553 3699 685 3770 illustri
704 3698 859 3789 imagine
879 3699 1051 3778 ostendit,
1078 3723 1166 3794 qua·
1218 3725 1301 3772 vera
1317 3701 1429 3794 ipsius
1443 3701 1589 3792 agnitio,
1613 3713 1654 3771 ut
1670 3723 1752 3771 eum
1766 3700 1804 3769 in
1818 3699 1920 3770 omni
1934 3699 2142 3770 aeternitate
2158 3721 2217 3770 ce-

172 3805 225 3876 les
248 3804 320 3876 sint
340 3803 396 3872 illi
416 3801 504 3871 novi
518 3795 766 3872 Nomothetae.
819 3797 931 3872 Simia
953 3823 1044 3894 quae
1065 3813 1165 3893 capta
1219 3803 1408 3878 lebrcmus.
1458 3802 1554 3877 Dixi.

172 3907 218 3978 ab
232 3902 463 3987 hominibus,
487 3901 709 3996 aliquamdiu
723 3901 861 3972 viderat
877 3903 1002 3987 urbes,
1028 3904 1165 3987 domos,

170 4003 361 4078 bominum
376 4027 602 4095 congressos,
626 3997 783 4088 theatra,
807 4005 1019 4095 spectacula,
1043 4003 1165 4074 ludos:

169 4123 290 4204 postea
303 4108 419 4201 elapsa
433 4105 539 4177 rediit
554 4105 597 4176 ad
613 4104 746 4190 simias,
771 4127 812 4175 ac
827 4119 949 4176 narrat
964 4107 1051 4200 quid
1067 4106 1166 4178 vide·
1217 4151 1273 4222 No
1308 4153 1380 4224 ¹17
1988 4147 2043 4238 (m
2072 4159 2156 4224 155⁰
2178 4157 2214 4239 ρ)

170 4212 235 4284 rit:
257 4205 423 4280 bortatur
442 4221 483 4280 ut
503 4203 691 4278 hominurn
711 4206 910 4280 imitatione
926 4209 1082 4280 condant
1100 4211 1166 4278 do·
1224 4206 1398 4278 „2⁸2
1994 4203 2208 4286 ψψζ,

170 4335 268 4398 mos,
293 4311 424 4407 quibus
446 4321 610 4400 tegantur
632 4323 756 4382 contra
776 4321 1016 4401 tempestates:
1042 4325 1076 4382 et
1099 4312 1165 4380 ad-

169 4417 258 4488 dant
289 4413 430 4484 moenia
462 4413 631 4483 adversus
660 4411 812 4496 leones,¹
833 4412 957 4504 lupos,
990 4405 1164 4486 homines.

170 4514 244 4589 Nec
267 4527 406 4587 tantum
422 4509 509 4585 haec
522 4514 659 4585 utilitas
677 4513 908 4606 proponitur,
932 4515 993 4583 scd
1010 4537 1163 4584 comme·
1287 4516 1442 4642 baffi·
1438 4517 1644 4658 ideiiiprt
1639 4515 1688 4640 15ζῖ
1702 4535 1728 4586 a·
1739 4517 1867 4589 ¹¹9⁸tts
1884 4515 2001 4574 senen
2013 4516 2103 4576 TJV·
2115 4521 2215 4592 ptoei

1338 4343 1415 4428 De
1439 4345 1600 4453 legum
1619 4337 1832 4458 fontibus
1854 4351 1902 4426 ct
1924 4345 2087 4428 caucis.

170 4631 358 4690 morantur
379 4611 515 4689 theatra
540 4630 574 4688 et
595 4616 802 4710 spectacula.
853 4613 994 4687 Horum
1011 4615 1164 4688 imitatio
1214 4695 1217 4700 ,

169 4743 316 4812 magnas
330 4718 529 4840 yoliiptates
542 4717 700 4838 paritura
716 4717 929 4838 videbatur..
959 4715 1078 4838 l‘lacet
1097 4717 1164 4839 igi·
1216 4751 1344 4818 omno
1359 4745 1407 4818 de
1421 4752 1519 4819 „em
1534 4749 1664 4844 peplum
1677 4741 1849 4840 pompm
1861 4755 1900 4818 ey
1917 4754 2069 4834 own-,3
2087 4752 2214 4844 aph·—

135 4871 137 4881 ι
169 4837 229 4895 tor
249 4823 461 4905 consilium,
484 4833 519 4891 et
534 4821 720 4892 dimittunt
736 4819 874 4890 vetulae
900 4844 1024 4890 simiae
1044 4845 1164 4890 iunio·
1216 4872 1309 4921 cam
1326 4851 1442 4921 ,imp
1468 4859 1507 4920 ey
1528 4847 1631 4920 ymno
1652 4851 1930 4944 mmmm,
1962 4852 2023 4922 A„
2044 4855 2213 4926 &mm

170 4949 226 4996 res
243 4926 288 4996 ad
302 4923 492 5048 'materiam
515 4923 750 5001 caedendam,
766 4935 812 5042 'et
824 4945 905 4992 saxa
923 4917 1164 5044 convebenda.
1215 4957 1300 5026 pm
1318 4962 1357 5024 π
1371 4955 1524 5045 ΜΝ
1537 4974 1682 5039 emm,
1709 4954 1775 5045 wi
1792 4949 1835 5024 ω
1847 4955 2094 5047 mmmm
2105 4963 2213 5048 mm,

170 5025 243 5098 Sed
274 5021 333 5097 liic
366 5019 643 5116 deprehendunt
676 5023 863 5094 stultitiam
890 5049 991 5094 suain
1026 5047 1160 5098 simiae.
1582 5053 1765 5128 utendum
1781 5057 1844 5127 δὴ.
1949 5067 1957 5078 .

167 5121 324 5200 Deerant
338 5147 496 5212 secures,
521 5137 555 5196 et
569 5125 659 5195 ratio
676 5125 776 5195 ncilla
797 5140 873 5198 erat
887 5125 943 5195 vel
963 5129 1162 5198 caedendae
1213 5157 1301 5246 ΕΜ
1317 5197 1414 5243 mm
1430 5173 1644 5244 mutationis

168 5227 355 5310 materiae,
381 5226 721 5318 velcoagmentandi
736 5226 882 5318 lapides.
925 5223 1089 5322 Denique
1105 5253 1162 5299 ars
1214 5278 1223 5296 .
1423 5275 1432 5292 .
1661 5165 1704 5268 ⁸)
1726 5171 1764 5241 3¹¹
1783 5163 1983 5244 5⁰⁶h⁰³¹¹d³
2002 5167 2068 5244 ¹¹²⁰
2089 5173 2209 5265 ,ΨΜ

168 5337 242 5397 202,
258 5321 528 5396 „ehisteyonica
545 5329 678 5400 dcem·
729 5325 803 5399 Res
818 5327 927 5416 igitur
942 5330 1036 5420 cogit
1048 5353 1106 5400 m
1123 5330 1159 5400 id
1212 5289 1503 5368 interpretatione
1517 5275 1649 5346 multae
1662 5275 1808 5346 suerunt
1821 5297 1955 5359 causae,
1970 5285 2090 5348 tamen
2103 5301 2207 5372 prae-

168 5427 264 5520 quod
282 5423 388 5496 stulte
402 5423 648 5514 instituerant,
670 5428 844 5502 omittere.
1214 5401 1636 5523 Wmeueetmm
1654 5453 1755 5526 iaspis.
