<?xml version="1.0" encoding="UTF-8"?>
<!DOCTYPE html PUBLIC "-//W3C//DTD XHTML 1.0 Transitional//EN"
    "http://www.w3.org/TR/xhtml1/DTD/xhtml1-transitional.dtd">
<html xmlns="http://www.w3.org/1999/xhtml" xml:lang="en" lang="en">
 <head>
  <title>
</title>
<meta http-equiv="Content-Type" content="text/html;charset=utf-8" />
  <meta name='ocr-system' content='tesseract 3.04.00' />
  <meta name='ocr-capabilities' content='ocr_page ocr_carea ocr_par ocr_line ocrx_word'/>
</head>
<body>
  <div class='ocr_page' id='page_1' title='image "./corpusreformato23melagoog/corpusreformato23melagoog_0266.png"; bbox 0 0 4664 5820; ppageno 0'>
   <div class='ocr_carea' id='block_1_1' title="bbox 85 263 2102 368">
    <p class='ocr_par' dir='ltr' id='par_1_1' title="bbox 85 263 2102 368">
     <span class='ocr_line' id='line_1_1' title="bbox 85 263 2102 368; baseline 0.004 -12"><span class='ocrx_word' id='word_1_1' title='bbox 85 279 148 356; x_wconf 77' lang='grc'>509</span> <span class='ocrx_word' id='word_1_2' title='bbox 320 343 323 350; x_wconf 78' lang='grc'>,</span> <span class='ocrx_word' id='word_1_3' title='bbox 540 271 727 352; x_wconf 77' lang='lat' dir='ltr'><strong>·DECL.</strong></span> <span class='ocrx_word' id='word_1_4' title='bbox 758 273 835 350; x_wconf 83' lang='lat' dir='ltr'>DE</span> <span class='ocrx_word' id='word_1_5' title='bbox 868 263 1267 352; x_wconf 77' lang='lat' dir='ltr'><strong>IMPERATORE</strong></span> <span class='ocrx_word' id='word_1_6' title='bbox 1297 269 1548 355; x_wconf 77' lang='lat' dir='ltr'>OTTONE</span> <span class='ocrx_word' id='word_1_7' title='bbox 1578 281 1607 358; x_wconf 89' lang='lat' dir='ltr'>l.</span> <span class='ocrx_word' id='word_1_8' title='bbox 2026 291 2102 368; x_wconf 83' lang='lat'>510</span> 
     </span>
    </p>
   </div>
   <div class='ocr_carea' id='block_1_2' title="bbox 79 435 2156 954">
    <p class='ocr_par' dir='ltr' id='par_1_2' title="bbox 79 435 2156 954">
     <span class='ocr_line' id='line_1_2' title="bbox 82 435 2100 546; baseline 0.003 -21"><span class='ocrx_word' id='word_1_9' title='bbox 82 449 166 526; x_wconf 84' lang='lat' dir='ltr'>Nihil</span> <span class='ocrx_word' id='word_1_10' title='bbox 186 451 298 522; x_wconf 87' lang='lat' dir='ltr'>maius</span> <span class='ocrx_word' id='word_1_11' title='bbox 320 441 373 521; x_wconf 86' lang='lat' dir='ltr'>est</span> <span class='ocrx_word' id='word_1_12' title='bbox 393 470 498 544; x_wconf 89' lang='lat' dir='ltr'>quam</span> <span class='ocrx_word' id='word_1_13' title='bbox 521 449 614 520; x_wconf 84' lang='lat' dir='ltr'>vitae</span> <span class='ocrx_word' id='word_1_14' title='bbox 641 444 814 520; x_wconf 89' lang='lat' dir='ltr'>auxilium</span> <span class='ocrx_word' id='word_1_15' title='bbox 841 449 886 520; x_wconf 90' lang='lat' dir='ltr'>ab</span> <span class='ocrx_word' id='word_1_16' title='bbox 910 435 1057 520; x_wconf 75' lang='lat' dir='ltr'>homin’e</span> <span class='ocrx_word' id='word_1_17' title='bbox 1106 445 1250 518; x_wconf 90' lang='lat' dir='ltr'>interim</span> <span class='ocrx_word' id='word_1_18' title='bbox 1274 440 1321 518; x_wconf 89' lang='lat' dir='ltr'>ab</span> <span class='ocrx_word' id='word_1_19' title='bbox 1347 448 1470 520; x_wconf 88' lang='lat' dir='ltr'>amicis</span> <span class='ocrx_word' id='word_1_20' title='bbox 1491 447 1713 527; x_wconf 88' lang='lat' dir='ltr'>tenuioribus</span> <span class='ocrx_word' id='word_1_21' title='bbox 1730 453 1839 528; x_wconf 86' lang='lat' dir='ltr'>hilari</span> <span class='ocrx_word' id='word_1_22' title='bbox 1854 460 1994 546; x_wconf 87' lang='lat' dir='ltr'>animo,</span> <span class='ocrx_word' id='word_1_23' title='bbox 2020 487 2100 532; x_wconf 92' lang='lat' dir='ltr'>cum</span> 
     </span>
     <span class='ocr_line' id='line_1_3' title="bbox 81 547 2100 650; baseline 0.003 -25"><span class='ocrx_word' id='word_1_24' title='bbox 81 568 195 648; x_wconf 87' lang='lat' dir='ltr'>petere:</span> <span class='ocrx_word' id='word_1_25' title='bbox 220 575 328 647; x_wconf 91' lang='lat' dir='ltr'>quare</span> <span class='ocrx_word' id='word_1_26' title='bbox 348 553 447 624; x_wconf 87' lang='lat' dir='ltr'>decet</span> <span class='ocrx_word' id='word_1_27' title='bbox 470 571 538 621; x_wconf 82' lang='lat' dir='ltr'>nos</span> <span class='ocrx_word' id='word_1_28' title='bbox 552 567 587 622; x_wconf 86' lang='lat' dir='ltr'>et</span> <span class='ocrx_word' id='word_1_29' title='bbox 604 552 710 622; x_wconf 88' lang='lat' dir='ltr'>fidem</span> <span class='ocrx_word' id='word_1_30' title='bbox 726 549 911 646; x_wconf 76' lang='lat' dir='ltr'>lsummam</span> <span class='ocrx_word' id='word_1_31' title='bbox 939 566 975 624; x_wconf 92' lang='lat' dir='ltr'>et</span> <span class='ocrx_word' id='word_1_32' title='bbox 998 550 1057 620; x_wconf 91' lang='lat' dir='ltr'>in·</span> <span class='ocrx_word' id='word_1_33' title='bbox 1108 547 1327 632; x_wconf 85' lang='lat' dir='ltr'>offeruntur,</span> <span class='ocrx_word' id='word_1_34' title='bbox 1361 551 1535 646; x_wconf 88' lang='lat' dir='ltr'>accipere,</span> <span class='ocrx_word' id='word_1_35' title='bbox 1567 581 1673 650; x_wconf 86' lang='lat' dir='ltr'>quam</span> <span class='ocrx_word' id='word_1_36' title='bbox 1692 559 1749 630; x_wconf 91' lang='lat' dir='ltr'>vel</span> <span class='ocrx_word' id='word_1_37' title='bbox 1764 561 1916 631; x_wconf 84' lang='lat' dir='ltr'>maxima</span> <span class='ocrx_word' id='word_1_38' title='bbox 1932 563 2100 634; x_wconf 90' lang='lat' dir='ltr'>beneficia</span> 
     </span>
     <span class='ocr_line' id='line_1_4' title="bbox 82 644 2097 754; baseline 0.004 -29"><span class='ocrx_word' id='word_1_39' title='bbox 82 657 234 726; x_wconf 87' lang='lat' dir='ltr'>dustriam</span> <span class='ocrx_word' id='word_1_40' title='bbox 248 667 418 748; x_wconf 86' lang='lat' dir='ltr'>quantam</span> <span class='ocrx_word' id='word_1_41' title='bbox 439 653 608 747; x_wconf 80' lang='lat' dir='ltr'>consequi</span> <span class='ocrx_word' id='word_1_42' title='bbox 624 653 797 724; x_wconf 87' lang='lat' dir='ltr'>ace&#39;rrimo</span> <span class='ocrx_word' id='word_1_43' title='bbox 814 649 933 723; x_wconf 91' lang='lat' dir='ltr'>studio</span> <span class='ocrx_word' id='word_1_44' title='bbox 947 659 988 724; x_wconf 82' lang='lat' dir='ltr'>a&#39;c</span> <span class='ocrx_word' id='word_1_45' title='bbox 1003 655 1056 723; x_wconf 90' lang='lat' dir='ltr'>la·</span> <span class='ocrx_word' id='word_1_46' title='bbox 1107 649 1145 718; x_wconf 91' lang='lat' dir='ltr'>in</span> <span class='ocrx_word' id='word_1_47' title='bbox 1168 644 1333 726; x_wconf 88' lang='lat' dir='ltr'>homines</span> <span class='ocrx_word' id='word_1_48' title='bbox 1353 652 1534 725; x_wconf 92' lang='lat' dir='ltr'>inferioris</span> <span class='ocrx_word' id='word_1_49' title='bbox 1555 659 1719 730; x_wconf 87' lang='lat' dir='ltr'>fortunae</span> <span class='ocrx_word' id='word_1_50' title='bbox 1747 663 1930 738; x_wconf 87' lang='lat' dir='ltr'>collocare.</span> <span class='ocrx_word' id='word_1_51' title='bbox 1991 663 2097 754; x_wconf 87' lang='lat' dir='ltr'>Quod</span> 
     </span>
     <span class='ocr_line' id='line_1_5' title="bbox 79 751 2098 854; baseline 0.005 -29"><span class='ocrx_word' id='word_1_52' title='bbox 79 760 153 830; x_wconf 90' lang='lat' dir='ltr'>bore</span> <span class='ocrx_word' id='word_1_53' title='bbox 165 775 365 848; x_wconf 85' lang='lat' dir='ltr'>possumus,</span> <span class='ocrx_word' id='word_1_54' title='bbox 391 755 435 824; x_wconf 90' lang='lat' dir='ltr'>ad</span> <span class='ocrx_word' id='word_1_55' title='bbox 454 755 682 825; x_wconf 80' lang='lat' dir='ltr'>exercendam</span> <span class='ocrx_word' id='word_1_56' title='bbox 698 769 808 827; x_wconf 88' lang='lat' dir='ltr'>artem</span> <span class='ocrx_word' id='word_1_57' title='bbox 829 754 971 848; x_wconf 90' lang='lat' dir='ltr'>plenam</span> <span class='ocrx_word' id='word_1_58' title='bbox 986 751 1057 826; x_wconf 89' lang='lat' dir='ltr'>hu·</span> <span class='ocrx_word' id='word_1_59' title='bbox 1108 775 1170 842; x_wconf 88' lang='lat' dir='ltr'>ego</span> <span class='ocrx_word' id='word_1_60' title='bbox 1195 765 1236 821; x_wconf 93' lang='lat' dir='ltr'>ut</span> <span class='ocrx_word' id='word_1_61' title='bbox 1262 767 1297 824; x_wconf 91' lang='lat' dir='ltr'>et</span> <span class='ocrx_word' id='word_1_62' title='bbox 1316 765 1350 824; x_wconf 94' lang='lat' dir='ltr'>te</span> <span class='ocrx_word' id='word_1_63' title='bbox 1369 755 1545 827; x_wconf 84' lang='lat' dir='ltr'>facturum</span> <span class='ocrx_word' id='word_1_64' title='bbox 1570 784 1666 830; x_wconf 89' lang='lat' dir='ltr'>nunc</span> <span class='ocrx_word' id='word_1_65' title='bbox 1691 786 1847 854; x_wconf 88' lang='lat' dir='ltr'>sperem,</span> <span class='ocrx_word' id='word_1_66' title='bbox 1879 779 1938 835; x_wconf 88' lang='lat' dir='ltr'>tua</span> <span class='ocrx_word' id='word_1_67' title='bbox 1967 761 2098 836; x_wconf 82' lang='lat' dir='ltr'>isthaec</span> 
     </span>
     <span class='ocr_line' id='line_1_6' title="bbox 79 853 2156 954; baseline 0.002 -26"><span class='ocrx_word' id='word_1_68' title='bbox 79 857 241 929; x_wconf 79' lang='lat' dir='ltr'>maritatis</span> <span class='ocrx_word' id='word_1_69' title='bbox 255 855 392 928; x_wconf 83' lang='lat' dir='ltr'>afferre.</span> <span class='ocrx_word' id='word_1_70' title='bbox 408 857 412 866; x_wconf 86' lang='lat'>&#39;</span> <span class='ocrx_word' id='word_1_71' title='bbox 443 853 539 926; x_wconf 85' lang='lat' dir='ltr'>Dixi.</span> <span class='ocrx_word' id='word_1_72' title='bbox 1107 855 1243 923; x_wconf 85' lang='lat' dir='ltr'>summa</span> <span class='ocrx_word' id='word_1_73' title='bbox 1257 855 1422 925; x_wconf 90' lang='lat' dir='ltr'>voluntas</span> <span class='ocrx_word' id='word_1_74' title='bbox 1437 859 1536 946; x_wconf 89' lang='lat' dir='ltr'>facit,</span> <span class='ocrx_word' id='word_1_75' title='bbox 1553 887 1622 954; x_wconf 89' lang='lat' dir='ltr'>qua</span> <span class='ocrx_word' id='word_1_76' title='bbox 1637 861 1954 954; x_wconf 89' lang='lat' dir='ltr'>pulcherrimarum</span> <span class='ocrx_word' id='word_1_77' title='bbox 1968 867 2097 937; x_wconf 90' lang='lat' dir='ltr'>artium</span> <span class='ocrx_word' id='word_1_78' title='bbox 2154 929 2156 932; x_wconf 83' lang='lat'>.</span> 
     </span>
    </p>
   </div>
   <div class='ocr_carea' id='block_1_3' title="bbox 1107 955 2213 1062">
    <p class='ocr_par' dir='ltr' id='par_1_3' title="bbox 1107 955 2213 1062">
     <span class='ocr_line' id='line_1_7' title="bbox 1107 955 2213 1062; baseline 0.015 -38"><span class='ocrx_word' id='word_1_79' title='bbox 1107 955 1310 1026; x_wconf 88' lang='lat' dir='ltr'>eommunia</span> <span class='ocrx_word' id='word_1_80' title='bbox 1342 957 1527 1030; x_wconf 91' lang='lat' dir='ltr'>nobiscum</span> <span class='ocrx_word' id='word_1_81' title='bbox 1558 965 1676 1033; x_wconf 89' lang='lat' dir='ltr'>studia</span> <span class='ocrx_word' id='word_1_82' title='bbox 1713 965 1952 1059; x_wconf 83' lang='lat' dir='ltr'>amplecteris,</span> <span class='ocrx_word' id='word_1_83' title='bbox 1992 981 2097 1062; x_wconf 88' lang='lat' dir='ltr'>atque</span> <span class='ocrx_word' id='word_1_84' title='bbox 2210 1019 2213 1026; x_wconf 79' lang='lat'>,</span> 
     </span>
    </p>
   </div>
   <div class='ocr_carea' id='block_1_4' title="bbox 76 1035 2098 1668">
    <p class='ocr_par' dir='ltr' id='par_1_4' title="bbox 85 1035 2098 1254">
     <span class='ocr_line' id='line_1_8' title="bbox 85 1035 2097 1158; baseline 0.008 -36"><span class='ocrx_word' id='word_1_85' title='bbox 85 1035 1048 1128; x_wconf 42' lang='lat' dir='ltr'>„w</span> <span class='ocrx_word' id='word_1_86' title='bbox 1106 1057 1252 1128; x_wconf 84' lang='lat' dir='ltr'>effecisti</span> <span class='ocrx_word' id='word_1_87' title='bbox 1277 1057 1399 1144; x_wconf 89' lang='lat' dir='ltr'>etiam,</span> <span class='ocrx_word' id='word_1_88' title='bbox 1430 1073 1470 1132; x_wconf 91' lang='lat' dir='ltr'>ut</span> <span class='ocrx_word' id='word_1_89' title='bbox 1500 1087 1724 1158; x_wconf 86' lang='lat' dir='ltr'>nequaquam</span> <span class='ocrx_word' id='word_1_90' title='bbox 1748 1067 1899 1150; x_wconf 81' lang='lat' dir='ltr'>videaris</span> <span class='ocrx_word' id='word_1_91' title='bbox 1922 1069 2097 1151; x_wconf 81' lang='lat' dir='ltr'>fefellisse,</span> 
     </span>
     <span class='ocr_line' id='line_1_9' title="bbox 952 1159 2098 1254; baseline 0.013 -29"><span class='ocrx_word' id='word_1_92' title='bbox 952 1196 955 1200; x_wconf 93' lang='lat'><em>-</em></span> <span class='ocrx_word' id='word_1_93' title='bbox 1106 1181 1212 1252; x_wconf 92' lang='lat' dir='ltr'>quam</span> <span class='ocrx_word' id='word_1_94' title='bbox 1235 1159 1330 1250; x_wconf 91' lang='lat' dir='ltr'>apud</span> <span class='ocrx_word' id='word_1_95' title='bbox 1353 1182 1418 1230; x_wconf 86' lang='lat' dir='ltr'>nos</span> <span class='ocrx_word' id='word_1_96' title='bbox 1443 1163 1506 1232; x_wconf 92' lang='lat' dir='ltr'>diu</span> <span class='ocrx_word' id='word_1_97' title='bbox 1530 1159 1705 1254; x_wconf 75' lang='lat' dir='ltr'>habuisti,</span> <span class='ocrx_word' id='word_1_98' title='bbox 1733 1169 1871 1241; x_wconf 89' lang='lat' dir='ltr'>futurae</span> <span class='ocrx_word' id='word_1_99' title='bbox 1887 1171 2098 1242; x_wconf 83' lang='lat' dir='ltr'>eruditionis</span> 
     </span>
    </p>

    <p class='ocr_par' dir='ltr' id='par_1_5' title="bbox 76 1260 2097 1668">
     <span class='ocr_line' id='line_1_10' title="bbox 76 1260 1425 1360; baseline 0.007 -39"><span class='ocrx_word' id='word_1_100' title='bbox 76 1281 123 1354; x_wconf 70' lang='lat' dir='ltr'>No</span> <span class='ocrx_word' id='word_1_101' title='bbox 144 1285 190 1360; x_wconf 70' lang='lat'>55</span> <span class='ocrx_word' id='word_1_102' title='bbox 887 1308 936 1350; x_wconf 48' lang='grc' dir='ltr'>,ω</span> <span class='ocrx_word' id='word_1_103' title='bbox 958 1285 1056 1353; x_wconf 65' lang='lat'>1540,</span> <span class='ocrx_word' id='word_1_104' title='bbox 1107 1273 1187 1330; x_wconf 90' lang='lat' dir='ltr'>tuac</span> <span class='ocrx_word' id='word_1_105' title='bbox 1207 1260 1425 1352; x_wconf 85' lang='lat' dir='ltr'>opinionem.</span> 
     </span>
     <span class='ocr_line' id='line_1_11' title="bbox 77 1339 2097 1443; baseline 0.008 -17"><span class='ocrx_word' id='word_1_106' title='bbox 77 1339 201 1426; x_wconf 42' lang='grc' dir='ltr'>..ἶν’</span> <span class='ocrx_word' id='word_1_107' title='bbox 894 1396 1051 1421; x_wconf 59' lang='lat'>⁴»-</span> <span class='ocrx_word' id='word_1_108' title='bbox 1207 1359 1411 1432; x_wconf 89' lang='lat' dir='ltr'>Probarunt</span> <span class='ocrx_word' id='word_1_109' title='bbox 1431 1363 1527 1432; x_wconf 91' lang='lat' dir='ltr'>enim</span> <span class='ocrx_word' id='word_1_110' title='bbox 1551 1365 1586 1435; x_wconf 93' lang='lat' dir='ltr'>id</span> <span class='ocrx_word' id='word_1_111' title='bbox 1609 1363 1699 1438; x_wconf 92' lang='lat' dir='ltr'>mihi</span> <span class='ocrx_word' id='word_1_112' title='bbox 1722 1387 1797 1442; x_wconf 91' lang='lat' dir='ltr'>non</span> <span class='ocrx_word' id='word_1_113' title='bbox 1821 1371 1972 1443; x_wconf 90' lang='lat' dir='ltr'>aliorum</span> <span class='ocrx_word' id='word_1_114' title='bbox 1994 1375 2037 1442; x_wconf 89' lang='lat' dir='ltr'>de</span> <span class='ocrx_word' id='word_1_115' title='bbox 2063 1386 2097 1442; x_wconf 90' lang='lat' dir='ltr'>te</span> 
     </span>
     <span class='ocr_line' id='line_1_12' title="bbox 231 1456 2097 1596; baseline 0.01 -73"><span class='ocrx_word' id='word_1_116' title='bbox 231 1509 281 1596; x_wconf 77' lang='lat' dir='ltr'><em>D</em></span> <span class='ocrx_word' id='word_1_117' title='bbox 349 1510 358 1528; x_wconf 92' lang='lat'><strong><em>.</em></strong></span> <span class='ocrx_word' id='word_1_118' title='bbox 518 1518 538 1592; x_wconf 66' lang='lat' dir='ltr'><strong><em>t</em></strong></span> <span class='ocrx_word' id='word_1_119' title='bbox 647 1501 729 1593; x_wconf 57' lang='lat' dir='ltr'>ott</span> <span class='ocrx_word' id='word_1_120' title='bbox 842 1502 878 1588; x_wconf 74' lang='grc' dir='ltr'><strong><em>Ι</em></strong></span> <span class='ocrx_word' id='word_1_121' title='bbox 1106 1456 1346 1532; x_wconf 91' lang='lat' dir='ltr'>honestissimi</span> <span class='ocrx_word' id='word_1_122' title='bbox 1361 1488 1541 1534; x_wconf 90' lang='lat' dir='ltr'>sermones</span> <span class='ocrx_word' id='word_1_123' title='bbox 1556 1469 1690 1558; x_wconf 87' lang='lat' dir='ltr'>solum,</span> <span class='ocrx_word' id='word_1_124' title='bbox 1717 1495 1861 1558; x_wconf 89' lang='lat' dir='ltr'>verum,</span> <span class='ocrx_word' id='word_1_125' title='bbox 1887 1498 1990 1568; x_wconf 91' lang='lat' dir='ltr'>quam</span> <span class='ocrx_word' id='word_1_126' title='bbox 2008 1471 2097 1544; x_wconf 94' lang='lat' dir='ltr'>mihi</span> 
     </span>
     <span class='ocr_line' id='line_1_13' title="bbox 283 1531 2096 1668; baseline 0.015 -50"><span class='ocrx_word' id='word_1_127' title='bbox 283 1533 518 1620; x_wconf 60' lang='lat' dir='ltr'>‘impera</span> <span class='ocrx_word' id='word_1_128' title='bbox 541 1533 617 1596; x_wconf 53' lang='grc' dir='ltr'>ονε</span> <span class='ocrx_word' id='word_1_129' title='bbox 730 1531 814 1590; x_wconf 65' lang='lat'>⁰²¹⁶</span> <span class='ocrx_word' id='word_1_130' title='bbox 872 1570 882 1592; x_wconf 85' lang='lat'><em>⁰</em></span> <span class='ocrx_word' id='word_1_131' title='bbox 1101 1560 1220 1658; x_wconf 70' lang='lat' dir='ltr'>&#39;nuper</span> <span class='ocrx_word' id='word_1_132' title='bbox 1235 1565 1381 1658; x_wconf 89' lang='lat' dir='ltr'>quidam</span> <span class='ocrx_word' id='word_1_133' title='bbox 1402 1566 1554 1654; x_wconf 86' lang='lat' dir='ltr'>amicus,</span> <span class='ocrx_word' id='word_1_134' title='bbox 1578 1599 1597 1640; x_wconf 91' lang='lat' dir='ltr'>a</span> <span class='ocrx_word' id='word_1_135' title='bbox 1623 1585 1656 1641; x_wconf 89' lang='lat' dir='ltr'>te</span> <span class='ocrx_word' id='word_1_136' title='bbox 1671 1575 1838 1665; x_wconf 89' lang='lat' dir='ltr'>scriptam</span> <span class='ocrx_word' id='word_1_137' title='bbox 1854 1575 1897 1644; x_wconf 89' lang='lat' dir='ltr'>ad</span> <span class='ocrx_word' id='word_1_138' title='bbox 1916 1598 1969 1662; x_wconf 92' lang='lat' dir='ltr'>se,</span> <span class='ocrx_word' id='word_1_139' title='bbox 1994 1601 2096 1668; x_wconf 91' lang='lat' dir='ltr'>prae-</span> 
     </span>
    </p>
   </div>
   <div class='ocr_carea' id='block_1_5' title="bbox 136 1661 2097 1806">
    <p class='ocr_par' dir='ltr' id='par_1_6' title="bbox 136 1661 2097 1806">
     <span class='ocr_line' id='line_1_14' title="bbox 136 1661 2097 1768; baseline 0.005 -32"><span class='ocrx_word' id='word_1_140' title='bbox 136 1669 165 1724; x_wconf 81' lang='lat' dir='ltr'>tn</span> <span class='ocrx_word' id='word_1_141' title='bbox 183 1669 334 1726; x_wconf 74' lang='lat' dir='ltr'>Dectamae.</span> <span class='ocrx_word' id='word_1_142' title='bbox 350 1667 383 1721; x_wconf 84' lang='lat' dir='ltr'>T·</span> <span class='ocrx_word' id='word_1_143' title='bbox 399 1665 432 1721; x_wconf 83' lang='lat'>¹¹·</span> <span class='ocrx_word' id='word_1_144' title='bbox 472 1663 565 1734; x_wconf 56' lang='grc' dir='ltr'>ΑΜ,</span> <span class='ocrx_word' id='word_1_145' title='bbox 583 1665 747 1749; x_wconf 63' lang='grc' dir='ltr'>ἱ“,5“’θ·ῐ·</span> <span class='ocrx_word' id='word_1_146' title='bbox 761 1661 796 1720; x_wconf 85' lang='lat'>¹¹·</span> <span class='ocrx_word' id='word_1_147' title='bbox 809 1681 839 1747; x_wconf 83' lang='lat' dir='ltr'>p.</span> <span class='ocrx_word' id='word_1_148' title='bbox 853 1663 914 1750; x_wconf 72' lang='lat'><strong>⁴⁷⁵,-</strong></span> <span class='ocrx_word' id='word_1_149' title='bbox 938 1675 965 1722; x_wconf 74' lang='lat' dir='ltr'>et</span> <span class='ocrx_word' id='word_1_150' title='bbox 984 1667 1056 1750; x_wconf 76' lang='lat' dir='ltr'>apud</span> <span class='ocrx_word' id='word_1_151' title='bbox 1104 1667 1184 1738; x_wconf 92' lang='lat' dir='ltr'>buit</span> <span class='ocrx_word' id='word_1_152' title='bbox 1206 1667 1409 1756; x_wconf 87' lang='lat' dir='ltr'>legendam,</span> <span class='ocrx_word' id='word_1_153' title='bbox 1437 1668 1583 1759; x_wconf 85' lang='lat' dir='ltr'>epistola</span> <span class='ocrx_word' id='word_1_154' title='bbox 1599 1673 1703 1743; x_wconf 88' lang='lat' dir='ltr'>etiam</span> <span class='ocrx_word' id='word_1_155' title='bbox 1721 1673 1833 1746; x_wconf 90' lang='lat' dir='ltr'>latina</span> <span class='ocrx_word' id='word_1_156' title='bbox 1853 1689 1886 1745; x_wconf 91' lang='lat' dir='ltr'>et</span> <span class='ocrx_word' id='word_1_157' title='bbox 1901 1678 2097 1768; x_wconf 91' lang='lat' dir='ltr'>splendida,</span> 
     </span>
     <span class='ocr_line' id='line_1_15' title="bbox 165 1733 1055 1806; baseline -0.002 -14"><span class='ocrx_word' id='word_1_158' title='bbox 165 1739 280 1795; x_wconf 77' lang='lat' dir='ltr'>Richsrd</span> <span class='ocrx_word' id='word_1_159' title='bbox 303 1737 338 1792; x_wconf 89' lang='lat' dir='ltr'>ll.</span> <span class='ocrx_word' id='word_1_160' title='bbox 363 1737 427 1806; x_wconf 86' lang='lat' dir='ltr'>p.8</span> <span class='ocrx_word' id='word_1_161' title='bbox 465 1761 527 1790; x_wconf 90' lang='lat'><em>.·-·</em></span> <span class='ocrx_word' id='word_1_162' title='bbox 576 1734 727 1806; x_wconf 78' lang='lat' dir='ltr'>Epistulam</span> <span class='ocrx_word' id='word_1_163' title='bbox 754 1733 950 1790; x_wconf 74' lang='lat' dir='ltr'>dedicatoriam</span> <span class='ocrx_word' id='word_1_164' title='bbox 974 1745 1055 1790; x_wconf 82' lang='lat' dir='ltr'>cnam</span> 
     </span>
    </p>
   </div>
   <div class='ocr_carea' id='block_1_6' title="bbox 166 1767 2096 1972">
    <p class='ocr_par' dir='ltr' id='par_1_7' title="bbox 166 1767 2096 1972">
     <span class='ocr_line' id='line_1_16' title="bbox 168 1767 2096 1885; baseline 0.006 -24"><span class='ocrx_word' id='word_1_165' title='bbox 168 1809 209 1862; x_wconf 85' lang='lat' dir='ltr'>bic</span> <span class='ocrx_word' id='word_1_166' title='bbox 230 1807 369 1870; x_wconf 78' lang='lat' dir='ltr'>dedimus,</span> <span class='ocrx_word' id='word_1_167' title='bbox 387 1803 450 1874; x_wconf 84' lang='lat' dir='ltr'>quis</span> <span class='ocrx_word' id='word_1_168' title='bbox 471 1803 555 1856; x_wconf 85' lang='lat' dir='ltr'>dubio</span> <span class='ocrx_word' id='word_1_169' title='bbox 574 1810 657 1858; x_wconf 85' lang='lat' dir='ltr'>caret.</span> <span class='ocrx_word' id='word_1_170' title='bbox 674 1800 882 1858; x_wconf 82' lang='lat' dir='ltr'>Melanthonem</span> <span class='ocrx_word' id='word_1_171' title='bbox 905 1823 964 1860; x_wconf 82' lang='lat' dir='ltr'>eam</span> <span class='ocrx_word' id='word_1_172' title='bbox 983 1823 1056 1860; x_wconf 78' lang='lat' dir='ltr'>eon·</span> <span class='ocrx_word' id='word_1_173' title='bbox 1105 1791 1174 1861; x_wconf 68' lang='lat' dir='ltr'>qua</span> <span class='ocrx_word' id='word_1_174' title='bbox 1190 1767 1293 1836; x_wconf 63' lang='lat' dir='ltr'>facile</span> <span class='ocrx_word' id='word_1_175' title='bbox 1316 1769 1432 1885; x_wconf 48' lang='lat' dir='ltr'>poluit</span> <span class='ocrx_word' id='word_1_176' title='bbox 1449 1774 1653 1860; x_wconf 63' lang='lat' dir='ltr'>Persuaderi</span> <span class='ocrx_word' id='word_1_177' title='bbox 1678 1769 1787 1864; x_wconf 65' lang='lat' dir='ltr'>mihis</span> <span class='ocrx_word' id='word_1_178' title='bbox 1812 1777 1935 1848; x_wconf 55' lang='lat' dir='ltr'>utilem</span> <span class='ocrx_word' id='word_1_179' title='bbox 1952 1803 2096 1872; x_wconf 64' lang='lat' dir='ltr'>operam</span> 
     </span>
     <span class='ocr_line' id='line_1_17' title="bbox 166 1865 2096 1972; baseline 0.011 -42"><span class='ocrx_word' id='word_1_180' title='bbox 166 1877 275 1946; x_wconf 78' lang='lat' dir='ltr'>cepisse.</span> <span class='ocrx_word' id='word_1_181' title='bbox 312 1873 489 1944; x_wconf 78' lang='lat' dir='ltr'>llepistolis</span> <span class='ocrx_word' id='word_1_182' title='bbox 507 1871 570 1924; x_wconf 78' lang='lat' dir='ltr'>satis</span> <span class='ocrx_word' id='word_1_183' title='bbox 590 1869 769 1938; x_wconf 67' lang='lat' dir='ltr'>intelligisne,</span> <span class='ocrx_word' id='word_1_184' title='bbox 793 1869 942 1928; x_wconf 84' lang='lat' dir='ltr'>llenrieum</span> <span class='ocrx_word' id='word_1_185' title='bbox 963 1871 1056 1928; x_wconf 83' lang='lat' dir='ltr'>Lune-</span> <span class='ocrx_word' id='word_1_186' title='bbox 1105 1871 1171 1940; x_wconf 84' lang='lat' dir='ltr'>loll</span> <span class='ocrx_word' id='word_1_187' title='bbox 1195 1865 1411 1939; x_wconf 75' lang='lat' dir='ltr'>Germaniae</span> <span class='ocrx_word' id='word_1_188' title='bbox 1434 1885 1648 1956; x_wconf 64' lang='lat' dir='ltr'>navalurum</span> <span class='ocrx_word' id='word_1_189' title='bbox 1674 1891 1725 1966; x_wconf 79' lang='lat' dir='ltr'>ie,</span> <span class='ocrx_word' id='word_1_190' title='bbox 1750 1877 1845 1972; x_wconf 78' lang='lat' dir='ltr'>quod</span> <span class='ocrx_word' id='word_1_191' title='bbox 1864 1903 2002 1950; x_wconf 83' lang='lat' dir='ltr'>summo</span> <span class='ocrx_word' id='word_1_192' title='bbox 2019 1894 2096 1950; x_wconf 81' lang='lat' dir='ltr'>Slu-</span> 
     </span>
    </p>
   </div>
   <div class='ocr_carea' id='block_1_7' title="bbox 166 1939 2096 2174">
    <p class='ocr_par' dir='ltr' id='par_1_8' title="bbox 166 1939 2096 2174">
     <span class='ocr_line' id='line_1_18' title="bbox 166 1939 2096 2065; baseline 0.016 -46"><span class='ocrx_word' id='word_1_193' title='bbox 166 1947 325 2065; x_wconf 47' lang='lat' dir='ltr'>burgensp&#39;m</span> <span class='ocrx_word' id='word_1_194' title='bbox 339 1961 402 2063; x_wconf 45' lang='lat'>{¹¹:¹¹2</span> <span class='ocrx_word' id='word_1_195' title='bbox 416 1939 613 2063; x_wconf 50' lang='lat' dir='ltr'>fflffjemlm·</span> <span class='ocrx_word' id='word_1_196' title='bbox 630 1957 682 1994; x_wconf 85' lang='lat'>⁸¹¹⁰</span> <span class='ocrx_word' id='word_1_197' title='bbox 699 1950 894 2012; x_wconf 68' lang='lat' dir='ltr'>⁹¹⁸‘⁰‘P⁸⁹&#39;‘·</span> <span class='ocrx_word' id='word_1_198' title='bbox 910 1941 1056 1998; x_wconf 75' lang='lat' dir='ltr'>familiari·</span> <span class='ocrx_word' id='word_1_199' title='bbox 1105 1971 1164 2039; x_wconf 93' lang='lat' dir='ltr'>dio</span> <span class='ocrx_word' id='word_1_200' title='bbox 1195 1970 1290 2039; x_wconf 86' lang='lat' dir='ltr'>visus</span> <span class='ocrx_word' id='word_1_201' title='bbox 1320 1971 1367 2038; x_wconf 93' lang='lat' dir='ltr'>sis</span> <span class='ocrx_word' id='word_1_202' title='bbox 1388 1974 1518 2041; x_wconf 89' lang='lat' dir='ltr'>versari</span> <span class='ocrx_word' id='word_1_203' title='bbox 1548 1975 1586 2044; x_wconf 90' lang='lat' dir='ltr'>in</span> <span class='ocrx_word' id='word_1_204' title='bbox 1610 1977 1936 2050; x_wconf 75' lang='lat' dir='ltr'>liberalissimorum</span> <span class='ocrx_word' id='word_1_205' title='bbox 1965 1983 2096 2052; x_wconf 90' lang='lat' dir='ltr'>artium</span> 
     </span>
     <span class='ocr_line' id='line_1_19' title="bbox 166 2027 2096 2174; baseline 0.019 -55"><span class='ocrx_word' id='word_1_206' title='bbox 166 2027 273 2068; x_wconf 54' lang='grc' dir='ltr'>’Νη</span> <span class='ocrx_word' id='word_1_207' title='bbox 306 2031 341 2066; x_wconf 64' lang='lat'>”⁰</span> <span class='ocrx_word' id='word_1_208' title='bbox 502 2045 511 2066; x_wconf 74' lang='grc'>’</span> <span class='ocrx_word' id='word_1_209' title='bbox 1105 2071 1248 2160; x_wconf 88' lang='lat' dir='ltr'>studiis,</span> <span class='ocrx_word' id='word_1_210' title='bbox 1281 2073 1326 2140; x_wconf 87' lang='lat' dir='ltr'>ad</span> <span class='ocrx_word' id='word_1_211' title='bbox 1349 2073 1571 2144; x_wconf 86' lang='lat' dir='ltr'>retinendam</span> <span class='ocrx_word' id='word_1_212' title='bbox 1597 2081 1776 2169; x_wconf 88' lang='lat' dir='ltr'>publicam</span> <span class='ocrx_word' id='word_1_213' title='bbox 1802 2107 1921 2174; x_wconf 88' lang='lat' dir='ltr'>pacem</span> <span class='ocrx_word' id='word_1_214' title='bbox 1946 2081 2096 2154; x_wconf 89' lang='lat' dir='ltr'>Germa-</span> 
     </span>
    </p>
   </div>
   <div class='ocr_carea' id='block_1_8' title="bbox 78 2173 2118 2684">
    <p class='ocr_par' dir='ltr' id='par_1_9' title="bbox 78 2173 2118 2684">
     <span class='ocr_line' id='line_1_20' title="bbox 79 2173 2118 2278; baseline -0.002 -20"><span class='ocrx_word' id='word_1_215' title='bbox 79 2193 192 2260; x_wconf 76' lang='lat' dir='ltr'>aratio</span> <span class='ocrx_word' id='word_1_216' title='bbox 214 2187 261 2257; x_wconf 90' lang='lat' dir='ltr'>de</span> <span class='ocrx_word' id='word_1_217' title='bbox 278 2191 514 2276; x_wconf 81' lang='lat' dir='ltr'>Imperatore</span> <span class='ocrx_word' id='word_1_218' title='bbox 531 2183 664 2253; x_wconf 83' lang='lat' dir='ltr'>Ottone</span> <span class='ocrx_word' id='word_1_219' title='bbox 688 2185 832 2272; x_wconf 85' lang='lat' dir='ltr'>primo,</span> <span class='ocrx_word' id='word_1_220' title='bbox 860 2182 907 2256; x_wconf 83' lang='lat' dir='ltr'>ab</span> <span class='ocrx_word' id='word_1_221' title='bbox 932 2189 973 2256; x_wconf 86' lang='lat' dir='ltr'><em>H</em></span> <span class='ocrx_word' id='word_1_222' title='bbox 977 2208 1056 2256; x_wconf 86' lang='lat' dir='ltr'>en·</span> <span class='ocrx_word' id='word_1_223' title='bbox 1103 2173 1202 2257; x_wconf 66' lang='lat' dir='ltr'>aiae,</span> <span class='ocrx_word' id='word_1_224' title='bbox 1227 2186 1262 2242; x_wconf 90' lang='lat' dir='ltr'>ct</span> <span class='ocrx_word' id='word_1_225' title='bbox 1284 2177 1547 2264; x_wconf 68' lang='lat' dir='ltr'>propagandam</span> <span class='ocrx_word' id='word_1_226' title='bbox 1569 2175 1754 2272; x_wconf 78' lang='lat' dir='ltr'>Evangelii</span> <span class='ocrx_word' id='word_1_227' title='bbox 1773 2185 1968 2254; x_wconf 88' lang='lat' dir='ltr'>doctrinam</span> <span class='ocrx_word' id='word_1_228' title='bbox 1986 2185 2118 2278; x_wconf 70' lang='lat' dir='ltr'>perti.</span> 
     </span>
     <span class='ocr_line' id='line_1_21' title="bbox 78 2273 2096 2385; baseline 0.007 -42"><span class='ocrx_word' id='word_1_229' title='bbox 78 2295 161 2360; x_wconf 63' lang='lat' dir='ltr'><strong><em>rico</em></strong></span> <span class='ocrx_word' id='word_1_230' title='bbox 201 2284 534 2362; x_wconf 53' lang='lat' dir='ltr'>§medenatedt</span> <span class='ocrx_word' id='word_1_231' title='bbox 576 2281 881 2380; x_wconf 63' lang='lat' dir='ltr'>Lunaeburpemi</span> <span class='ocrx_word' id='word_1_232' title='bbox 920 2281 1055 2380; x_wconf 62' lang='lat' dir='ltr'>facea,</span> <span class='ocrx_word' id='word_1_233' title='bbox 1106 2274 1282 2344; x_wconf 86' lang='lat' dir='ltr'>uentibus.</span> <span class='ocrx_word' id='word_1_234' title='bbox 1336 2273 1441 2364; x_wconf 85' lang='lat' dir='ltr'>Quod</span> <span class='ocrx_word' id='word_1_235' title='bbox 1460 2277 1488 2343; x_wconf 89' lang='lat' dir='ltr'>sl</span> <span class='ocrx_word' id='word_1_236' title='bbox 1509 2281 1659 2370; x_wconf 89' lang='lat' dir='ltr'>probare</span> <span class='ocrx_word' id='word_1_237' title='bbox 1674 2297 1834 2385; x_wconf 84' lang='lat' dir='ltr'>possent,</span> <span class='ocrx_word' id='word_1_238' title='bbox 1860 2294 1900 2356; x_wconf 89' lang='lat' dir='ltr'>ut</span> <span class='ocrx_word' id='word_1_239' title='bbox 1916 2280 2010 2356; x_wconf 91' lang='lat' dir='ltr'>haud</span> <span class='ocrx_word' id='word_1_240' title='bbox 2028 2289 2096 2357; x_wconf 90' lang='lat' dir='ltr'>du-</span> 
     </span>
     <span class='ocr_line' id='line_1_22' title="bbox 78 2376 2095 2488; baseline -0.001 -28"><span class='ocrx_word' id='word_1_241' title='bbox 78 2401 107 2460; x_wconf 85' lang='lat' dir='ltr'>et</span> <span class='ocrx_word' id='word_1_242' title='bbox 127 2396 376 2482; x_wconf 80' lang='lat' dir='ltr'>pronunciata</span> <span class='ocrx_word' id='word_1_243' title='bbox 403 2409 531 2458; x_wconf 84' lang='lat' dir='ltr'>mense</span> <span class='ocrx_word' id='word_1_244' title='bbox 558 2384 665 2478; x_wconf 83' lang='lat' dir='ltr'>Se&#39;pi.</span> <span class='ocrx_word' id='word_1_245' title='bbox 690 2408 788 2456; x_wconf 86' lang='lat' dir='ltr'>anae</span> <span class='ocrx_word' id='word_1_246' title='bbox 815 2385 935 2478; x_wconf 69' lang='lat'>1540,</span> <span class='ocrx_word' id='word_1_247' title='bbox 969 2413 1055 2462; x_wconf 79' lang='lat' dir='ltr'>cam</span> <span class='ocrx_word' id='word_1_248' title='bbox 1107 2377 1162 2445; x_wconf 90' lang='lat' dir='ltr'>bie</span> <span class='ocrx_word' id='word_1_249' title='bbox 1178 2399 1253 2445; x_wconf 90' lang='lat' dir='ltr'>non</span> <span class='ocrx_word' id='word_1_250' title='bbox 1267 2376 1344 2446; x_wconf 90' lang='lat' dir='ltr'>sine</span> <span class='ocrx_word' id='word_1_251' title='bbox 1362 2377 1516 2468; x_wconf 88' lang='lat' dir='ltr'>pernicie</span> <span class='ocrx_word' id='word_1_252' title='bbox 1539 2403 1601 2450; x_wconf 88' lang='lat' dir='ltr'>sua</span> <span class='ocrx_word' id='word_1_253' title='bbox 1619 2377 1727 2453; x_wconf 89' lang='lat' dir='ltr'>hodie</span> <span class='ocrx_word' id='word_1_254' title='bbox 1743 2385 1973 2488; x_wconf 64' lang='lat' dir='ltr'>experiuntur</span> <span class='ocrx_word' id='word_1_255' title='bbox 1987 2387 2095 2480; x_wconf 89' lang='lat' dir='ltr'>pleri-</span> 
     </span>
     <span class='ocr_line' id='line_1_23' title="bbox 79 2473 2094 2590; baseline 0 -30"><span class='ocrx_word' id='word_1_256' title='bbox 79 2493 273 2563; x_wconf 81' lang='lat' dir='ltr'>decerneret</span> <span class='ocrx_word' id='word_1_257' title='bbox 300 2495 465 2586; x_wconf 72' lang='lat' dir='ltr'>insignia</span> <span class='ocrx_word' id='word_1_258' title='bbox 499 2511 563 2559; x_wconf 87' lang='lat' dir='ltr'>ma</span> <span class='ocrx_word' id='word_1_259' title='bbox 588 2494 768 2560; x_wconf 83' lang='lat' dir='ltr'>istrorum</span> <span class='ocrx_word' id='word_1_260' title='bbox 792 2481 1055 2584; x_wconf 69' lang='lat' dir='ltr'>Philosophiae</span> <span class='ocrx_word' id='word_1_261' title='bbox 1105 2503 1172 2572; x_wconf 71' lang='lat' dir='ltr'>qua</span> <span class='ocrx_word' id='word_1_262' title='bbox 1187 2480 1429 2568; x_wconf 60' lang='lat' dir='ltr'>magistratus,</span> <span class='ocrx_word' id='word_1_263' title='bbox 1460 2473 1671 2554; x_wconf 84' lang='lat' dir='ltr'>haberemus</span> <span class='ocrx_word' id='word_1_264' title='bbox 1686 2485 1841 2578; x_wconf 85' lang='lat' dir='ltr'>profecto</span> <span class='ocrx_word' id='word_1_265' title='bbox 1865 2484 2094 2590; x_wconf 75' lang='lat' dir='ltr'>Germaniam</span> 
     </span>
     <span class='ocr_line' id='line_1_24' title="bbox 79 2512 2094 2684; baseline 0.006 -36"><span class='ocrx_word' id='word_1_266' title='bbox 79 2591 227 2666; x_wconf 52' lang='lat' dir='ltr'>honesti,</span> <span class='ocrx_word' id='word_1_267' title='bbox 260 2600 300 2665; x_wconf 66' lang='lat' dir='ltr'>ee</span> <span class='ocrx_word' id='word_1_268' title='bbox 327 2591 490 2663; x_wconf 60' lang='lat' dir='ltr'>eruditis</span> <span class='ocrx_word' id='word_1_269' title='bbox 519 2512 652 2684; x_wconf 49' lang='lat' dir='ltr'>vegente·</span> <span class='ocrx_word' id='word_1_270' title='bbox 687 2587 829 2660; x_wconf 60' lang='lat' dir='ltr'>damin„</span> <span class='ocrx_word' id='word_1_271' title='bbox 853 2591 1056 2664; x_wconf 58' lang='lat' dir='ltr'>scholasti.</span> <span class='ocrx_word' id='word_1_272' title='bbox 1105 2581 1337 2670; x_wconf 90' lang='lat' dir='ltr'>pacatiorem,</span> <span class='ocrx_word' id='word_1_273' title='bbox 1363 2579 1671 2674; x_wconf 85' lang='lat' dir='ltr'>atqucEeclesiam</span> <span class='ocrx_word' id='word_1_274' title='bbox 1689 2589 1912 2658; x_wconf 86' lang='lat' dir='ltr'>nullomodo</span> <span class='ocrx_word' id='word_1_275' title='bbox 1933 2591 2094 2662; x_wconf 85' lang='lat' dir='ltr'>totcala·</span> 
     </span>
    </p>
   </div>
   <div class='ocr_carea' id='block_1_9' title="bbox 238 2679 2095 2787">
    <p class='ocr_par' dir='ltr' id='par_1_10' title="bbox 238 2679 2095 2787">
     <span class='ocr_line' id='line_1_25' title="bbox 238 2679 2095 2787; baseline 0.008 -38"><span class='ocrx_word' id='word_1_276' title='bbox 238 2703 295 2770; x_wconf 42' lang='grc' dir='ltr'>εἰς</span> <span class='ocrx_word' id='word_1_277' title='bbox 320 2699 360 2766; x_wconf 65' lang='lat' dir='ltr'>in</span> <span class='ocrx_word' id='word_1_278' title='bbox 384 2691 593 2784; x_wconf 60' lang='lat' dir='ltr'>Academia</span> <span class='ocrx_word' id='word_1_279' title='bbox 623 2689 883 2787; x_wconf 64' lang='lat' dir='ltr'>Viteberpemi,</span> <span class='ocrx_word' id='word_1_280' title='bbox 1104 2679 1285 2751; x_wconf 81' lang='lat' dir='ltr'>milatibus</span> <span class='ocrx_word' id='word_1_281' title='bbox 1301 2702 1515 2772; x_wconf 88' lang='lat' dir='ltr'>oppressam.</span> <span class='ocrx_word' id='word_1_282' title='bbox 1567 2683 1688 2774; x_wconf 84' lang='lat' dir='ltr'>Quare</span> <span class='ocrx_word' id='word_1_283' title='bbox 1703 2689 1839 2758; x_wconf 89' lang='lat' dir='ltr'>laudari</span> <span class='ocrx_word' id='word_1_284' title='bbox 1856 2691 1939 2760; x_wconf 88' lang='lat' dir='ltr'>satis</span> <span class='ocrx_word' id='word_1_285' title='bbox 1953 2693 2095 2764; x_wconf 89' lang='lat' dir='ltr'>institu-</span> 
     </span>
    </p>
   </div>
   <div class='ocr_carea' id='block_1_10' title="bbox 78 2791 2095 2966">
    <p class='ocr_par' dir='ltr' id='par_1_11' title="bbox 78 2791 2095 2966">
     <span class='ocr_line' id='line_1_26' title="bbox 78 2791 2095 2966; baseline 0.004 -55"><span class='ocrx_word' id='word_1_286' title='bbox 78 2818 306 2916; x_wconf 84' lang='lat' dir='ltr'>lllustrissimo</span> <span class='ocrx_word' id='word_1_287' title='bbox 331 2843 491 2934; x_wconf 87' lang='lat' dir='ltr'>Principi</span> <span class='ocrx_word' id='word_1_288' title='bbox 521 2841 675 2912; x_wconf 90' lang='lat' dir='ltr'>Domino</span> <span class='ocrx_word' id='word_1_289' title='bbox 695 2833 899 2911; x_wconf 81' lang='lat' dir='ltr'>Francisco</span> <span class='ocrx_word' id='word_1_290' title='bbox 922 2833 1056 2914; x_wconf 81' lang='lat' dir='ltr'>Olloni</span> <span class='ocrx_word' id='word_1_291' title='bbox 1104 2791 2095 2966; x_wconf 43' lang='grc' dir='ltr'>ῗὲζῃιινξέἓζῧῐὲοἳῒέῃζῗωὲξίήῗῗὲἶἑᾞξὲἰξῑᾙίἓὲἰᾞ</span> 
     </span>
    </p>
   </div>
   <div class='ocr_carea' id='block_1_11' title="bbox 76 2943 1053 3236">
    <p class='ocr_par' dir='ltr' id='par_1_12' title="bbox 76 2943 1053 3236">
     <span class='ocr_line' id='line_1_27' title="bbox 77 2943 1053 3034; baseline 0.004 -22"><span class='ocrx_word' id='word_1_292' title='bbox 77 2943 376 3020; x_wconf 79' lang='lat' dir='ltr'>brunsvicensium</span> <span class='ocrx_word' id='word_1_293' title='bbox 392 2959 428 3014; x_wconf 89' lang='lat' dir='ltr'>et</span> <span class='ocrx_word' id='word_1_294' title='bbox 445 2943 798 3031; x_wconf 85' lang='lat' dir='ltr'>Lunaebnrgensium</span> <span class='ocrx_word' id='word_1_295' title='bbox 822 2945 922 3031; x_wconf 87' lang='lat' dir='ltr'>duci,</span> <span class='ocrx_word' id='word_1_296' title='bbox 948 2967 1053 3034; x_wconf 81' lang='lat' dir='ltr'>genc-</span> 
     </span>
     <span class='ocr_line' id='line_1_28' title="bbox 76 3041 1053 3138; baseline 0.001 -22"><span class='ocrx_word' id='word_1_297' title='bbox 76 3048 229 3118; x_wconf 86' lang='lat' dir='ltr'>rosissimi</span> <span class='ocrx_word' id='word_1_298' title='bbox 253 3047 432 3138; x_wconf 89' lang='lat' dir='ltr'>Principis</span> <span class='ocrx_word' id='word_1_299' title='bbox 453 3042 597 3116; x_wconf 82' lang='lat' dir='ltr'>Ersresti</span> <span class='ocrx_word' id='word_1_300' title='bbox 618 3045 710 3124; x_wconf 89' lang='lat' dir='ltr'>filio,</span> <span class='ocrx_word' id='word_1_301' title='bbox 742 3041 928 3116; x_wconf 75' lang='lat' dir='ltr'>Hemina</span> <span class='ocrx_word' id='word_1_302' title='bbox 949 3043 1053 3132; x_wconf 81' lang='lat' dir='ltr'>Sme-</span> 
     </span>
     <span class='ocr_line' id='line_1_29' title="bbox 304 3142 808 3236; baseline -0.006 -17"><span class='ocrx_word' id='word_1_303' title='bbox 304 3142 468 3219; x_wconf 80' lang='lat' dir='ltr'>densledl</span> <span class='ocrx_word' id='word_1_304' title='bbox 485 3145 808 3236; x_wconf 85' lang='lat' dir='ltr'>Lunaeburgensis.</span> 
     </span>
    </p>
   </div>
   <div class='ocr_carea' id='block_1_12' title="bbox 1102 2985 2094 3170">
    <p class='ocr_par' dir='ltr' id='par_1_13' title="bbox 1102 2985 2094 3170">
     <span class='ocr_line' id='line_1_30' title="bbox 1104 2985 2094 3088; baseline 0.012 -34"><span class='ocrx_word' id='word_1_305' title='bbox 1104 2985 1266 3076; x_wconf 88' lang='lat' dir='ltr'>publicae</span> <span class='ocrx_word' id='word_1_306' title='bbox 1283 2999 1417 3056; x_wconf 90' lang='lat' dir='ltr'>vestrae</span> <span class='ocrx_word' id='word_1_307' title='bbox 1432 3002 1537 3082; x_wconf 87' lang='lat' dir='ltr'>atque</span> <span class='ocrx_word' id='word_1_308' title='bbox 1562 2990 1728 3062; x_wconf 87' lang='lat' dir='ltr'>iuvandis</span> <span class='ocrx_word' id='word_1_309' title='bbox 1750 2987 1937 3080; x_wconf 86' lang='lat' dir='ltr'>Ecclesiis,</span> <span class='ocrx_word' id='word_1_310' title='bbox 1974 2995 2094 3088; x_wconf 91' lang='lat' dir='ltr'>cupias</span> 
     </span>
     <span class='ocr_line' id='line_1_31' title="bbox 1102 3089 2093 3170; baseline 0.015 -15"><span class='ocrx_word' id='word_1_311' title='bbox 1102 3089 1215 3156; x_wconf 86' lang='lat' dir='ltr'>lacere</span> <span class='ocrx_word' id='word_1_312' title='bbox 1250 3101 1370 3157; x_wconf 86' lang='lat' dir='ltr'>contra</span> <span class='ocrx_word' id='word_1_313' title='bbox 1408 3092 1701 3162; x_wconf 87' lang='lat' dir='ltr'>consuetudinem</span> <span class='ocrx_word' id='word_1_314' title='bbox 1737 3094 1911 3166; x_wconf 89' lang='lat' dir='ltr'>maiorum</span> <span class='ocrx_word' id='word_1_315' title='bbox 1939 3109 2093 3170; x_wconf 86' lang='lat' dir='ltr'>tuorum.</span> 
     </span>
    </p>
   </div>
   <div class='ocr_carea' id='block_1_13' title="bbox 74 3285 2159 5522">
    <p class='ocr_par' dir='ltr' id='par_1_14' title="bbox 76 3285 2159 3597">
     <span class='ocr_line' id='line_1_32' title="bbox 77 3285 2093 3388; baseline -0.002 -16"><span class='ocrx_word' id='word_1_316' title='bbox 77 3285 321 3372; x_wconf 72' lang='lat' dir='ltr'>satisfacturus</span> <span class='ocrx_word' id='word_1_317' title='bbox 338 3296 459 3368; x_wconf 92' lang='lat' dir='ltr'>amicis</span> <span class='ocrx_word' id='word_1_318' title='bbox 475 3293 633 3388; x_wconf 89' lang='lat' dir='ltr'>aliquot,</span> <span class='ocrx_word' id='word_1_319' title='bbox 658 3291 852 3364; x_wconf 88' lang='lat' dir='ltr'>editionem</span> <span class='ocrx_word' id='word_1_320' title='bbox 880 3293 1052 3365; x_wconf 89' lang='lat' dir='ltr'>orationis</span> <span class='ocrx_word' id='word_1_321' title='bbox 1102 3315 1261 3380; x_wconf 88' lang='lat' dir='ltr'>operam,</span> <span class='ocrx_word' id='word_1_322' title='bbox 1288 3315 1392 3384; x_wconf 89' lang='lat' dir='ltr'>quam</span> <span class='ocrx_word' id='word_1_323' title='bbox 1409 3304 1491 3361; x_wconf 89' lang='lat' dir='ltr'>ante</span> <span class='ocrx_word' id='word_1_324' title='bbox 1507 3295 1643 3386; x_wconf 88' lang='lat' dir='ltr'>aliquot</span> <span class='ocrx_word' id='word_1_325' title='bbox 1657 3296 1892 3379; x_wconf 82' lang='lat' dir='ltr'>annosbonis</span> <span class='ocrx_word' id='word_1_326' title='bbox 1904 3301 2039 3370; x_wconf 86' lang='lat' dir='ltr'>artibus</span> <span class='ocrx_word' id='word_1_327' title='bbox 2055 3301 2093 3368; x_wconf 91' lang='lat' dir='ltr'>in</span> 
     </span>
     <span class='ocr_line' id='line_1_33' title="bbox 76 3387 2159 3496; baseline -0 -24"><span class='ocrx_word' id='word_1_328' title='bbox 76 3403 112 3470; x_wconf 93' lang='lat' dir='ltr'>de</span> <span class='ocrx_word' id='word_1_329' title='bbox 136 3401 346 3496; x_wconf 86' lang='lat' dir='ltr'>lmpe&#39;ratore</span> <span class='ocrx_word' id='word_1_330' title='bbox 370 3387 505 3470; x_wconf 76' lang='lat' dir='ltr'>Ott⁰one</span> <span class='ocrx_word' id='word_1_331' title='bbox 534 3397 649 3488; x_wconf 90' lang='lat' dir='ltr'>primo</span> <span class='ocrx_word' id='word_1_332' title='bbox 675 3395 777 3464; x_wconf 91' lang='lat' dir='ltr'>valde</span> <span class='ocrx_word' id='word_1_333' title='bbox 798 3395 1051 3486; x_wconf 82' lang='lat' dir='ltr'>flagitantibus,</span> <span class='ocrx_word' id='word_1_334' title='bbox 1093 3391 1232 3461; x_wconf 68' lang='lat' dir='ltr'>Galliis</span> <span class='ocrx_word' id='word_1_335' title='bbox 1248 3394 1372 3482; x_wconf 73' lang='lat' dir='ltr'>dedit,</span> <span class='ocrx_word' id='word_1_336' title='bbox 1388 3416 1611 3488; x_wconf 90' lang='lat' dir='ltr'>nequaquam</span> <span class='ocrx_word' id='word_1_337' title='bbox 1627 3423 1716 3490; x_wconf 89' lang='lat' dir='ltr'>opus</span> <span class='ocrx_word' id='word_1_338' title='bbox 1732 3413 1784 3469; x_wconf 85' lang='lat' dir='ltr'>est</span> <span class='ocrx_word' id='word_1_339' title='bbox 1804 3399 1871 3468; x_wconf 91' lang='lat' dir='ltr'>tibi</span> <span class='ocrx_word' id='word_1_340' title='bbox 1887 3401 1930 3469; x_wconf 90' lang='lat' dir='ltr'>ad</span> <span class='ocrx_word' id='word_1_341' title='bbox 1949 3401 2093 3472; x_wconf 89' lang='lat' dir='ltr'>imitan·</span> <span class='ocrx_word' id='word_1_342' title='bbox 2154 3472 2159 3486; x_wconf 75' lang='grc'>,</span> 
     </span>
     <span class='ocr_line' id='line_1_34' title="bbox 77 3495 2011 3597; baseline 0.002 -27"><span class='ocrx_word' id='word_1_343' title='bbox 77 3504 254 3574; x_wconf 76' lang='lat' dir='ltr'>existimavi</span> <span class='ocrx_word' id='word_1_344' title='bbox 281 3524 377 3571; x_wconf 87' lang='lat' dir='ltr'>meas</span> <span class='ocrx_word' id='word_1_345' title='bbox 397 3519 523 3590; x_wconf 88' lang='lat' dir='ltr'>operas</span> <span class='ocrx_word' id='word_1_346' title='bbox 547 3497 630 3581; x_wconf 90' lang='lat' dir='ltr'>tihi,</span> <span class='ocrx_word' id='word_1_347' title='bbox 664 3497 855 3566; x_wconf 87' lang='lat' dir='ltr'>clarissime</span> <span class='ocrx_word' id='word_1_348' title='bbox 870 3495 1051 3588; x_wconf 87' lang='lat' dir='ltr'>Princeps,</span> <span class='ocrx_word' id='word_1_349' title='bbox 1101 3495 1186 3597; x_wconf 76' lang='lat' dir='ltr'>«lum</span> <span class='ocrx_word' id='word_1_350' title='bbox 1199 3519 1219 3563; x_wconf 81' lang='lat' dir='ltr'>a</span> <span class='ocrx_word' id='word_1_351' title='bbox 1234 3519 1290 3582; x_wconf 78' lang='lat' dir='ltr'>me</span> <span class='ocrx_word' id='word_1_352' title='bbox 1307 3495 1470 3586; x_wconf 72' lang='lat' dir='ltr'>proponi·</span> <span class='ocrx_word' id='word_1_353' title='bbox 2002 3557 2011 3567; x_wconf 83' lang='grc'>-.</span> 
     </span>
    </p>

    <p class='ocr_par' dir='ltr' id='par_1_15' title="bbox 74 3593 2102 5522">
     <span class='ocr_line' id='line_1_35' title="bbox 77 3593 2091 3696; baseline -0.001 -22"><span class='ocrx_word' id='word_1_354' title='bbox 77 3605 283 3693; x_wconf 87' lang='lat' dir='ltr'>potissimum</span> <span class='ocrx_word' id='word_1_355' title='bbox 312 3601 570 3692; x_wconf 88' lang='lat' dir='ltr'>nuncupandas</span> <span class='ocrx_word' id='word_1_356' title='bbox 599 3620 684 3670; x_wconf 89' lang='lat' dir='ltr'>esse.</span> <span class='ocrx_word' id='word_1_357' title='bbox 740 3593 819 3666; x_wconf 84' lang='lat' dir='ltr'>Etsi</span> <span class='ocrx_word' id='word_1_358' title='bbox 851 3597 946 3666; x_wconf 91' lang='lat' dir='ltr'>enim</span> <span class='ocrx_word' id='word_1_359' title='bbox 976 3623 1048 3667; x_wconf 90' lang='lat' dir='ltr'>non</span> <span class='ocrx_word' id='word_1_360' title='bbox 1202 3593 1785 3696; x_wconf 71' lang='lat' dir='ltr'>DeOttonelmpepatoredieam.</span> <span class='ocrx_word' id='word_1_361' title='bbox 1837 3599 1945 3672; x_wconf 90' lang='lat' dir='ltr'>Hune</span> <span class='ocrx_word' id='word_1_362' title='bbox 1960 3601 2091 3692; x_wconf 89' lang='lat' dir='ltr'>accipio</span> 
     </span>
     <span class='ocr_line' id='line_1_36' title="bbox 76 3693 2093 3798; baseline 0.001 -28"><span class='ocrx_word' id='word_1_363' title='bbox 76 3703 270 3793; x_wconf 80' lang='lat' dir='ltr'>ignorarem,</span> <span class='ocrx_word' id='word_1_364' title='bbox 291 3707 386 3798; x_wconf 88' lang='lat' dir='ltr'>qnod</span> <span class='ocrx_word' id='word_1_365' title='bbox 404 3699 582 3772; x_wconf 87' lang='lat' dir='ltr'>aGraecis</span> <span class='ocrx_word' id='word_1_366' title='bbox 596 3699 665 3768; x_wconf 92' lang='lat' dir='ltr'>dici</span> <span class='ocrx_word' id='word_1_367' title='bbox 681 3699 780 3784; x_wconf 90' lang='lat' dir='ltr'>solet,</span> <span class='ocrx_word' id='word_1_368' title='bbox 800 3693 892 3768; x_wconf 93' lang='lat' dir='ltr'>nihil</span> <span class='ocrx_word' id='word_1_369' title='bbox 909 3701 1050 3786; x_wconf 89' lang='lat' dir='ltr'>referre,</span> <span class='ocrx_word' id='word_1_370' title='bbox 1103 3711 1196 3767; x_wconf 86' lang='lat' dir='ltr'>tanta</span> <span class='ocrx_word' id='word_1_371' title='bbox 1209 3699 1245 3766; x_wconf 88' lang='lat' dir='ltr'>vi</span> <span class='ocrx_word' id='word_1_372' title='bbox 1257 3697 1390 3787; x_wconf 91' lang='lat' dir='ltr'>ingenii</span> <span class='ocrx_word' id='word_1_373' title='bbox 1405 3711 1508 3790; x_wconf 87' lang='lat' dir='ltr'>atque</span> <span class='ocrx_word' id='word_1_374' title='bbox 1522 3701 1750 3772; x_wconf 87' lang='lat' dir='ltr'>contentione</span> <span class='ocrx_word' id='word_1_375' title='bbox 1766 3703 1802 3771; x_wconf 92' lang='lat' dir='ltr'>in</span> <span class='ocrx_word' id='word_1_376' title='bbox 1820 3703 1996 3773; x_wconf 88' lang='lat' dir='ltr'>discendis</span> <span class='ocrx_word' id='word_1_377' title='bbox 2013 3703 2093 3774; x_wconf 83' lang='lat' dir='ltr'>lite-</span> 
     </span>
     <span class='ocr_line' id='line_1_37' title="bbox 76 3799 2092 3908; baseline -0 -35"><span class='ocrx_word' id='word_1_378' title='bbox 76 3808 176 3877; x_wconf 85' lang='lat' dir='ltr'>sisne</span> <span class='ocrx_word' id='word_1_379' title='bbox 198 3811 302 3902; x_wconf 87' lang='lat' dir='ltr'>plane</span> <span class='ocrx_word' id='word_1_380' title='bbox 328 3805 511 3886; x_wconf 89' lang='lat' dir='ltr'>inimicus,</span> <span class='ocrx_word' id='word_1_381' title='bbox 547 3827 593 3870; x_wconf 88' lang='lat' dir='ltr'>an</span> <span class='ocrx_word' id='word_1_382' title='bbox 620 3801 822 3892; x_wconf 86' lang='lat' dir='ltr'>importune</span> <span class='ocrx_word' id='word_1_383' title='bbox 846 3801 1050 3887; x_wconf 89' lang='lat' dir='ltr'>benevolus,</span> <span class='ocrx_word' id='word_1_384' title='bbox 1103 3800 1149 3868; x_wconf 91' lang='lat' dir='ltr'>ris</span> <span class='ocrx_word' id='word_1_385' title='bbox 1166 3799 1381 3883; x_wconf 83' lang='lat' dir='ltr'>elaborasse,</span> <span class='ocrx_word' id='word_1_386' title='bbox 1406 3813 1445 3868; x_wconf 92' lang='lat' dir='ltr'>ut</span> <span class='ocrx_word' id='word_1_387' title='bbox 1462 3824 1646 3894; x_wconf 87' lang='lat' dir='ltr'>nunquam</span> <span class='ocrx_word' id='word_1_388' title='bbox 1664 3817 1746 3872; x_wconf 89' lang='lat' dir='ltr'>ante</span> <span class='ocrx_word' id='word_1_389' title='bbox 1764 3807 1913 3908; x_wconf 84' lang='lat' dir='ltr'>cognitis</span> <span class='ocrx_word' id='word_1_390' title='bbox 1938 3807 2092 3890; x_wconf 48' lang='lat' dir='ltr'>clemen&lt;</span> 
     </span>
     <span class='ocr_line' id='line_1_38' title="bbox 76 3901 2090 4000; baseline 0 -26"><span class='ocrx_word' id='word_1_391' title='bbox 76 3907 107 3976; x_wconf 90' lang='lat' dir='ltr'>in</span> <span class='ocrx_word' id='word_1_392' title='bbox 132 3912 303 3979; x_wconf 88' lang='lat' dir='ltr'>neminem</span> <span class='ocrx_word' id='word_1_393' title='bbox 327 3905 476 4000; x_wconf 89' lang='lat' dir='ltr'>perinde</span> <span class='ocrx_word' id='word_1_394' title='bbox 506 3917 611 3996; x_wconf 84' lang='lat' dir='ltr'>atque.</span> <span class='ocrx_word' id='word_1_395' title='bbox 633 3901 670 3970; x_wconf 92' lang='lat' dir='ltr'>in</span> <span class='ocrx_word' id='word_1_396' title='bbox 698 3927 755 3972; x_wconf 88' lang='lat' dir='ltr'>me</span> <span class='ocrx_word' id='word_1_397' title='bbox 777 3927 959 3996; x_wconf 92' lang='lat' dir='ltr'>nunquam</span> <span class='ocrx_word' id='word_1_398' title='bbox 983 3903 1049 3973; x_wconf 89' lang='lat' dir='ltr'>tibi</span> <span class='ocrx_word' id='word_1_399' title='bbox 1102 3917 1219 3972; x_wconf 88' lang='lat' dir='ltr'>torum</span> <span class='ocrx_word' id='word_1_400' title='bbox 1233 3901 1365 3992; x_wconf 89' lang='lat' dir='ltr'>figuris,</span> <span class='ocrx_word' id='word_1_401' title='bbox 1387 3926 1466 3970; x_wconf 90' lang='lat' dir='ltr'>cnm</span> <span class='ocrx_word' id='word_1_402' title='bbox 1479 3903 1640 3992; x_wconf 89' lang='lat' dir='ltr'>priorum</span> <span class='ocrx_word' id='word_1_403' title='bbox 1654 3903 1825 3976; x_wconf 88' lang='lat' dir='ltr'>amisisset</span> <span class='ocrx_word' id='word_1_404' title='bbox 1838 3933 1981 3977; x_wconf 84' lang='lat' dir='ltr'>uxorem</span> <span class='ocrx_word' id='word_1_405' title='bbox 1992 3931 2090 3976; x_wconf 90' lang='lat' dir='ltr'>suam</span> 
     </span>
     <span class='ocr_line' id='line_1_39' title="bbox 76 4001 2091 4104; baseline 0 -27"><span class='ocrx_word' id='word_1_406' title='bbox 76 4011 238 4098; x_wconf 85' lang='lat' dir='ltr'>cognitum</span> <span class='ocrx_word' id='word_1_407' title='bbox 264 4033 364 4104; x_wconf 88' lang='lat' dir='ltr'>posse</span> <span class='ocrx_word' id='word_1_408' title='bbox 386 4008 477 4092; x_wconf 92' lang='lat' dir='ltr'>dici,</span> <span class='ocrx_word' id='word_1_409' title='bbox 504 4019 621 4074; x_wconf 87' lang='lat' dir='ltr'>tamen</span> <span class='ocrx_word' id='word_1_410' title='bbox 640 4027 712 4073; x_wconf 92' lang='lat' dir='ltr'>non</span> <span class='ocrx_word' id='word_1_411' title='bbox 731 4005 920 4074; x_wconf 87' lang='lat' dir='ltr'>defuerunt</span> <span class='ocrx_word' id='word_1_412' title='bbox 937 4005 1049 4074; x_wconf 89' lang='lat' dir='ltr'>maio-</span> <span class='ocrx_word' id='word_1_413' title='bbox 1099 4001 1280 4088; x_wconf 71' lang='lat' dir='ltr'>blatteam,</span> <span class='ocrx_word' id='word_1_414' title='bbox 1306 4003 1427 4094; x_wconf 89' lang='lat' dir='ltr'>paucis</span> <span class='ocrx_word' id='word_1_415' title='bbox 1444 4003 1624 4074; x_wconf 90' lang='lat' dir='ltr'>mensibus</span> <span class='ocrx_word' id='word_1_416' title='bbox 1641 4006 1770 4075; x_wconf 90' lang='lat' dir='ltr'>bonam</span> <span class='ocrx_word' id='word_1_417' title='bbox 1792 4007 1923 4078; x_wconf 85' lang='lat' dir='ltr'>latinae</span> <span class='ocrx_word' id='word_1_418' title='bbox 1938 4010 2091 4098; x_wconf 88' lang='lat' dir='ltr'>linguae,</span> 
     </span>
     <span class='ocr_line' id='line_1_40' title="bbox 76 4101 2091 4206; baseline 0 -29"><span class='ocrx_word' id='word_1_419' title='bbox 76 4133 281 4192; x_wconf 67' lang='lat' dir='ltr'>rursusne,</span> <span class='ocrx_word' id='word_1_420' title='bbox 309 4135 398 4206; x_wconf 88' lang='lat' dir='ltr'>quae</span> <span class='ocrx_word' id='word_1_421' title='bbox 419 4133 463 4178; x_wconf 89' lang='lat' dir='ltr'>ue</span> <span class='ocrx_word' id='word_1_422' title='bbox 488 4101 555 4174; x_wconf 90' lang='lat' dir='ltr'>hoc</span> <span class='ocrx_word' id='word_1_423' title='bbox 582 4105 911 4196; x_wconf 83' lang='lat' dir='ltr'>praetermitterem,</span> <span class='ocrx_word' id='word_1_424' title='bbox 934 4105 1048 4197; x_wconf 90' lang='lat' dir='ltr'>pluri·</span> <span class='ocrx_word' id='word_1_425' title='bbox 1100 4107 1229 4176; x_wconf 88' lang='lat' dir='ltr'>artium</span> <span class='ocrx_word' id='word_1_426' title='bbox 1255 4105 1457 4173; x_wconf 90' lang='lat' dir='ltr'>liberalium</span> <span class='ocrx_word' id='word_1_427' title='bbox 1486 4115 1522 4174; x_wconf 87' lang='lat' dir='ltr'>et</span> <span class='ocrx_word' id='word_1_428' title='bbox 1545 4129 1722 4174; x_wconf 90' lang='lat' dir='ltr'>sacrarum</span> <span class='ocrx_word' id='word_1_429' title='bbox 1748 4107 1929 4179; x_wconf 90' lang='lat' dir='ltr'>literarum</span> <span class='ocrx_word' id='word_1_430' title='bbox 1953 4135 2091 4180; x_wconf 89' lang='lat' dir='ltr'>assecu-</span> 
     </span>
     <span class='ocr_line' id='line_1_41' title="bbox 74 4199 2102 4299; baseline 0.001 -23"><span class='ocrx_word' id='word_1_431' title='bbox 74 4235 160 4280; x_wconf 88' lang='lat' dir='ltr'>mum</span> <span class='ocrx_word' id='word_1_432' title='bbox 181 4209 425 4284; x_wconf 84' lang='lat' dir='ltr'>hortabantur.</span> <span class='ocrx_word' id='word_1_433' title='bbox 490 4206 579 4276; x_wconf 82' lang='lat' dir='ltr'>Nam</span> <span class='ocrx_word' id='word_1_434' title='bbox 606 4231 684 4277; x_wconf 91' lang='lat' dir='ltr'>cum</span> <span class='ocrx_word' id='word_1_435' title='bbox 716 4209 758 4275; x_wconf 91' lang='lat' dir='ltr'>ad</span> <span class='ocrx_word' id='word_1_436' title='bbox 784 4199 876 4276; x_wconf 86' lang='lat' dir='ltr'>hanc</span> <span class='ocrx_word' id='word_1_437' title='bbox 898 4207 1047 4299; x_wconf 88' lang='lat' dir='ltr'>primam</span> <span class='ocrx_word' id='word_1_438' title='bbox 1101 4208 1222 4276; x_wconf 88' lang='lat' dir='ltr'>tussit</span> <span class='ocrx_word' id='word_1_439' title='bbox 1251 4205 1506 4294; x_wconf 83' lang='lat' dir='ltr'>cognitionem3</span> <span class='ocrx_word' id='word_1_440' title='bbox 1542 4211 1846 4298; x_wconf 88' lang='lat' dir='ltr'>posteadoctrina</span> <span class='ocrx_word' id='word_1_441' title='bbox 1881 4213 1985 4281; x_wconf 88' lang='lat' dir='ltr'>etiam</span> <span class='ocrx_word' id='word_1_442' title='bbox 2015 4234 2102 4280; x_wconf 84' lang='lat' dir='ltr'>non·</span> 
     </span>
     <span class='ocr_line' id='line_1_42' title="bbox 74 4307 2088 4405; baseline 0.001 -27"><span class='ocrx_word' id='word_1_443' title='bbox 74 4315 132 4380; x_wconf 91' lang='lat' dir='ltr'>mei</span> <span class='ocrx_word' id='word_1_444' title='bbox 149 4317 310 4386; x_wconf 91' lang='lat' dir='ltr'>noticiam</span> <span class='ocrx_word' id='word_1_445' title='bbox 328 4313 483 4381; x_wconf 90' lang='lat' dir='ltr'>viderem</span> <span class='ocrx_word' id='word_1_446' title='bbox 509 4333 582 4377; x_wconf 89' lang='lat' dir='ltr'>non</span> <span class='ocrx_word' id='word_1_447' title='bbox 607 4309 798 4377; x_wconf 89' lang='lat' dir='ltr'>admodum</span> <span class='ocrx_word' id='word_1_448' title='bbox 824 4311 1047 4400; x_wconf 90' lang='lat' dir='ltr'>profuturum</span> <span class='ocrx_word' id='word_1_449' title='bbox 1100 4330 1265 4401; x_wconf 85' lang='lat' dir='ltr'>aequasse</span> <span class='ocrx_word' id='word_1_450' title='bbox 1286 4307 1422 4391; x_wconf 90' lang='lat' dir='ltr'>solum,</span> <span class='ocrx_word' id='word_1_451' title='bbox 1450 4333 1570 4376; x_wconf 89' lang='lat' dir='ltr'>verum</span> <span class='ocrx_word' id='word_1_452' title='bbox 1585 4333 1765 4399; x_wconf 90' lang='lat' dir='ltr'>superasse</span> <span class='ocrx_word' id='word_1_453' title='bbox 1786 4313 1903 4398; x_wconf 85' lang='lat' dir='ltr'>facile,</span> <span class='ocrx_word' id='word_1_454' title='bbox 1929 4316 2088 4405; x_wconf 90' lang='lat' dir='ltr'>quitum</span> 
     </span>
     <span class='ocr_line' id='line_1_43' title="bbox 76 4405 2090 4510; baseline 0.002 -33"><span class='ocrx_word' id='word_1_455' title='bbox 76 4409 166 4494; x_wconf 92' lang='lat' dir='ltr'>mihi,</span> <span class='ocrx_word' id='word_1_456' title='bbox 191 4415 283 4510; x_wconf 92' lang='lat' dir='ltr'>quod</span> <span class='ocrx_word' id='word_1_457' title='bbox 301 4439 374 4484; x_wconf 91' lang='lat' dir='ltr'>non</span> <span class='ocrx_word' id='word_1_458' title='bbox 389 4413 498 4504; x_wconf 90' lang='lat' dir='ltr'>magis</span> <span class='ocrx_word' id='word_1_459' title='bbox 512 4425 544 4481; x_wconf 82' lang='lat' dir='ltr'>te</span> <span class='ocrx_word' id='word_1_460' title='bbox 558 4407 784 4500; x_wconf 75' lang='lat' dir='ltr'>suspexerim,</span> <span class='ocrx_word' id='word_1_461' title='bbox 805 4435 911 4504; x_wconf 89' lang='lat' dir='ltr'>quam</span> <span class='ocrx_word' id='word_1_462' title='bbox 928 4424 1047 4482; x_wconf 82' lang='lat' dir='ltr'>uttam</span> <span class='ocrx_word' id='word_1_463' title='bbox 1099 4423 1197 4480; x_wconf 84' lang='lat' dir='ltr'>erant</span> <span class='ocrx_word' id='word_1_464' title='bbox 1216 4409 1391 4500; x_wconf 91' lang='lat' dir='ltr'>principes</span> <span class='ocrx_word' id='word_1_465' title='bbox 1406 4421 1441 4478; x_wconf 86' lang='lat' dir='ltr'>et</span> <span class='ocrx_word' id='word_1_466' title='bbox 1457 4408 1582 4498; x_wconf 90' lang='lat' dir='ltr'>vulgus</span> <span class='ocrx_word' id='word_1_467' title='bbox 1596 4405 1865 4505; x_wconf 81' lang='lat' dir='ltr'>Episcopornm.</span> <span class='ocrx_word' id='word_1_468' title='bbox 1916 4413 1994 4485; x_wconf 90' lang='lat' dir='ltr'>Hoc</span> <span class='ocrx_word' id='word_1_469' title='bbox 2019 4413 2090 4483; x_wconf 91' lang='lat' dir='ltr'>lm-</span> 
     </span>
     <span class='ocr_line' id='line_1_44' title="bbox 75 4507 2091 4608; baseline 0.004 -32"><span class='ocrx_word' id='word_1_470' title='bbox 75 4514 135 4581; x_wconf 89' lang='lat' dir='ltr'>vile</span> <span class='ocrx_word' id='word_1_471' title='bbox 154 4512 217 4586; x_wconf 93' lang='lat' dir='ltr'>hoc</span> <span class='ocrx_word' id='word_1_472' title='bbox 237 4517 488 4586; x_wconf 86' lang='lat' dir='ltr'>munusculum</span> <span class='ocrx_word' id='word_1_473' title='bbox 504 4511 570 4582; x_wconf 93' lang='lat' dir='ltr'>tibi</span> <span class='ocrx_word' id='word_1_474' title='bbox 595 4511 651 4578; x_wconf 85' lang='lat' dir='ltr'>vel</span> <span class='ocrx_word' id='word_1_475' title='bbox 675 4511 787 4579; x_wconf 90' lang='lat' dir='ltr'>invito</span> <span class='ocrx_word' id='word_1_476' title='bbox 811 4513 1048 4597; x_wconf 89' lang='lat' dir='ltr'>obtruderem,</span> <span class='ocrx_word' id='word_1_477' title='bbox 1101 4511 1273 4602; x_wconf 87' lang='lat' dir='ltr'>peratoris</span> <span class='ocrx_word' id='word_1_478' title='bbox 1293 4507 1440 4580; x_wconf 89' lang='lat' dir='ltr'>Ottonis</span> <span class='ocrx_word' id='word_1_479' title='bbox 1464 4511 1642 4602; x_wconf 89' lang='lat' dir='ltr'>exemplo,</span> <span class='ocrx_word' id='word_1_480' title='bbox 1668 4526 1708 4582; x_wconf 91' lang='lat' dir='ltr'>ut</span> <span class='ocrx_word' id='word_1_481' title='bbox 1722 4517 1866 4585; x_wconf 86' lang='lat' dir='ltr'>debebis</span> <span class='ocrx_word' id='word_1_482' title='bbox 1885 4517 2091 4608; x_wconf 91' lang='lat' dir='ltr'>plurimum,</span> 
     </span>
     <span class='ocr_line' id='line_1_45' title="bbox 74 4609 2090 4706; baseline 0.002 -24"><span class='ocrx_word' id='word_1_483' title='bbox 74 4621 292 4702; x_wconf 87' lang='lat' dir='ltr'>persuadebar</span> <span class='ocrx_word' id='word_1_484' title='bbox 314 4643 387 4687; x_wconf 90' lang='lat' dir='ltr'>non</span> <span class='ocrx_word' id='word_1_485' title='bbox 402 4615 521 4685; x_wconf 90' lang='lat' dir='ltr'>minus</span> <span class='ocrx_word' id='word_1_486' title='bbox 537 4611 761 4706; x_wconf 88' lang='lat' dir='ltr'>proditurum</span> <span class='ocrx_word' id='word_1_487' title='bbox 780 4612 819 4680; x_wconf 93' lang='lat' dir='ltr'>in</span> <span class='ocrx_word' id='word_1_488' title='bbox 837 4613 963 4703; x_wconf 86' lang='lat' dir='ltr'>vulgus</span> <span class='ocrx_word' id='word_1_489' title='bbox 977 4609 1047 4685; x_wconf 93' lang='lat' dir='ltr'>Ot·</span> <span class='ocrx_word' id='word_1_490' title='bbox 1098 4617 1146 4683; x_wconf 89' lang='lat' dir='ltr'>ita</span> <span class='ocrx_word' id='word_1_491' title='bbox 1159 4613 1291 4704; x_wconf 92' lang='lat' dir='ltr'>poteris</span> <span class='ocrx_word' id='word_1_492' title='bbox 1307 4611 1434 4682; x_wconf 89' lang='lat' dir='ltr'>aeriter</span> <span class='ocrx_word' id='word_1_493' title='bbox 1447 4613 1582 4702; x_wconf 91' lang='lat' dir='ltr'>impelli</span> <span class='ocrx_word' id='word_1_494' title='bbox 1600 4613 1762 4685; x_wconf 91' lang='lat' dir='ltr'>etiamad</span> <span class='ocrx_word' id='word_1_495' title='bbox 1780 4619 1953 4687; x_wconf 89' lang='lat' dir='ltr'>bonarum</span> <span class='ocrx_word' id='word_1_496' title='bbox 1969 4615 2090 4689; x_wconf 86' lang='lat' dir='ltr'>litera-</span> 
     </span>
     <span class='ocr_line' id='line_1_46' title="bbox 75 4713 2089 4808; baseline 0.001 -26"><span class='ocrx_word' id='word_1_497' title='bbox 75 4725 179 4787; x_wconf 90' lang='lat' dir='ltr'>tonem</span> <span class='ocrx_word' id='word_1_498' title='bbox 205 4745 224 4789; x_wconf 90' lang='lat' dir='ltr'>a</span> <span class='ocrx_word' id='word_1_499' title='bbox 252 4745 308 4788; x_wconf 89' lang='lat' dir='ltr'>me</span> <span class='ocrx_word' id='word_1_500' title='bbox 338 4719 404 4788; x_wconf 90' lang='lat' dir='ltr'>tibi</span> <span class='ocrx_word' id='word_1_501' title='bbox 426 4727 503 4790; x_wconf 85' lang='lat' dir='ltr'>iure</span> <span class='ocrx_word' id='word_1_502' title='bbox 526 4713 699 4788; x_wconf 87' lang='lat' dir='ltr'>dedicari,</span> <span class='ocrx_word' id='word_1_503' title='bbox 734 4715 831 4806; x_wconf 89' lang='lat' dir='ltr'>quod</span> <span class='ocrx_word' id='word_1_504' title='bbox 856 4727 889 4784; x_wconf 90' lang='lat' dir='ltr'>ct</span> <span class='ocrx_word' id='word_1_505' title='bbox 912 4715 1048 4784; x_wconf 89' lang='lat' dir='ltr'>nemini</span> <span class='ocrx_word' id='word_1_506' title='bbox 1099 4739 1178 4784; x_wconf 88' lang='lat' dir='ltr'>rum</span> <span class='ocrx_word' id='word_1_507' title='bbox 1193 4714 1448 4802; x_wconf 88' lang='lat' dir='ltr'>cognitionem,</span> <span class='ocrx_word' id='word_1_508' title='bbox 1474 4717 1568 4808; x_wconf 88' lang='lat' dir='ltr'>quod</span> <span class='ocrx_word' id='word_1_509' title='bbox 1587 4718 1753 4786; x_wconf 88' lang='lat' dir='ltr'>memoria</span> <span class='ocrx_word' id='word_1_510' title='bbox 1769 4743 1889 4789; x_wconf 90' lang='lat' dir='ltr'>earum</span> <span class='ocrx_word' id='word_1_511' title='bbox 1907 4721 2089 4800; x_wconf 89' lang='lat' dir='ltr'>virtutum,</span> 
     </span>
     <span class='ocr_line' id='line_1_47' title="bbox 76 4811 2089 4914; baseline 0.003 -31"><span class='ocrx_word' id='word_1_512' title='bbox 76 4839 144 4887; x_wconf 87' lang='lat' dir='ltr'>eum</span> <span class='ocrx_word' id='word_1_513' title='bbox 171 4821 337 4891; x_wconf 87' lang='lat' dir='ltr'>destinari</span> <span class='ocrx_word' id='word_1_514' title='bbox 366 4820 494 4889; x_wconf 91' lang='lat' dir='ltr'>rectius</span> <span class='ocrx_word' id='word_1_515' title='bbox 526 4816 740 4906; x_wconf 88' lang='lat' dir='ltr'>putaverim,</span> <span class='ocrx_word' id='word_1_516' title='bbox 772 4839 878 4909; x_wconf 90' lang='lat' dir='ltr'>quam</span> <span class='ocrx_word' id='word_1_517' title='bbox 900 4817 1048 4908; x_wconf 87' lang='lat' dir='ltr'>posteris</span> <span class='ocrx_word' id='word_1_518' title='bbox 1099 4813 1435 4910; x_wconf 88' lang='lat' dir='ltr'>quibusHenricos‚</span> <span class='ocrx_word' id='word_1_519' title='bbox 1459 4811 1630 4900; x_wconf 82' lang='lat' dir='ltr'>Ottones,</span> <span class='ocrx_word' id='word_1_520' title='bbox 1654 4821 1696 4886; x_wconf 89' lang='lat' dir='ltr'>ad</span> <span class='ocrx_word' id='word_1_521' title='bbox 1716 4844 1805 4914; x_wconf 89' lang='lat' dir='ltr'>quos</span> <span class='ocrx_word' id='word_1_522' title='bbox 1826 4835 1937 4890; x_wconf 90' lang='lat' dir='ltr'>vestra</span> <span class='ocrx_word' id='word_1_523' title='bbox 1957 4834 2089 4912; x_wconf 90' lang='lat' dir='ltr'>spectat</span> 
     </span>
     <span class='ocr_line' id='line_1_48' title="bbox 75 4912 2086 5011; baseline 0.003 -30"><span class='ocrx_word' id='word_1_524' title='bbox 75 4917 358 4996; x_wconf 84' lang='lat' dir='ltr'>suisadcundem</span> <span class='ocrx_word' id='word_1_525' title='bbox 381 4920 587 5011; x_wconf 87' lang='lat' dir='ltr'>sanguinem</span> <span class='ocrx_word' id='word_1_526' title='bbox 615 4916 896 5007; x_wconf 86' lang='lat' dir='ltr'>pertinentibus,</span> <span class='ocrx_word' id='word_1_527' title='bbox 930 4912 1048 4988; x_wconf 92' lang='lat' dir='ltr'>ethoc</span> <span class='ocrx_word' id='word_1_528' title='bbox 1098 4918 1216 5007; x_wconf 87' lang='lat' dir='ltr'>origo,</span> <span class='ocrx_word' id='word_1_529' title='bbox 1250 4915 1452 4986; x_wconf 86' lang='lat' dir='ltr'>excelluisse</span> <span class='ocrx_word' id='word_1_530' title='bbox 1484 4917 1576 4985; x_wconf 88' lang='lat' dir='ltr'>fama</span> <span class='ocrx_word' id='word_1_531' title='bbox 1601 4931 1671 5002; x_wconf 90' lang='lat' dir='ltr'>est,</span> <span class='ocrx_word' id='word_1_532' title='bbox 1705 4945 1845 4990; x_wconf 85' lang='lat' dir='ltr'>necesse</span> <span class='ocrx_word' id='word_1_533' title='bbox 1879 4921 1923 4990; x_wconf 89' lang='lat' dir='ltr'>sit</span> <span class='ocrx_word' id='word_1_534' title='bbox 1947 4921 2086 4990; x_wconf 89' lang='lat' dir='ltr'>incitari</span> 
     </span>
     <span class='ocr_line' id='line_1_49' title="bbox 76 5017 2087 5112; baseline 0.002 -26"><span class='ocrx_word' id='word_1_535' title='bbox 76 5019 178 5090; x_wconf 81' lang='lat' dir='ltr'>officio</span> <span class='ocrx_word' id='word_1_536' title='bbox 207 5025 290 5108; x_wconf 89' lang='lat' dir='ltr'>tihi,</span> <span class='ocrx_word' id='word_1_537' title='bbox 321 5037 362 5093; x_wconf 90' lang='lat' dir='ltr'>nt</span> <span class='ocrx_word' id='word_1_538' title='bbox 392 5019 608 5112; x_wconf 87' lang='lat' dir='ltr'>magistratui</span> <span class='ocrx_word' id='word_1_539' title='bbox 638 5041 736 5103; x_wconf 92' lang='lat' dir='ltr'>meo,</span> <span class='ocrx_word' id='word_1_540' title='bbox 768 5019 899 5086; x_wconf 86' lang='lat' dir='ltr'>eisdem</span> <span class='ocrx_word' id='word_1_541' title='bbox 925 5019 1048 5104; x_wconf 89' lang='lat' dir='ltr'>literis,</span> <span class='ocrx_word' id='word_1_542' title='bbox 1098 5043 1159 5087; x_wconf 74' lang='lat' dir='ltr'>ios</span> <span class='ocrx_word' id='word_1_543' title='bbox 1182 5017 1376 5109; x_wconf 86' lang='lat' dir='ltr'>plurimum</span> <span class='ocrx_word' id='word_1_544' title='bbox 1403 5033 1437 5087; x_wconf 91' lang='lat' dir='ltr'>et</span> <span class='ocrx_word' id='word_1_545' title='bbox 1461 5019 1616 5093; x_wconf 87' lang='lat' dir='ltr'>accendi.</span> <span class='ocrx_word' id='word_1_546' title='bbox 1669 5017 1856 5110; x_wconf 89' lang='lat' dir='ltr'>Originem</span> <span class='ocrx_word' id='word_1_547' title='bbox 1877 5035 2025 5091; x_wconf 90' lang='lat' dir='ltr'>vestram</span> <span class='ocrx_word' id='word_1_548' title='bbox 2043 5025 2087 5092; x_wconf 89' lang='lat' dir='ltr'>ad</span> 
     </span>
     <span class='ocr_line' id='line_1_50' title="bbox 76 5117 2088 5220; baseline 0.003 -34"><span class='ocrx_word' id='word_1_549' title='bbox 76 5117 108 5186; x_wconf 88' lang='lat' dir='ltr'>in</span> <span class='ocrx_word' id='word_1_550' title='bbox 125 5123 246 5213; x_wconf 89' lang='lat' dir='ltr'>quibus</span> <span class='ocrx_word' id='word_1_551' title='bbox 263 5149 328 5195; x_wconf 87' lang='lat' dir='ltr'>nos</span> <span class='ocrx_word' id='word_1_552' title='bbox 342 5148 543 5202; x_wconf 87' lang='lat' dir='ltr'>versamur,</span> <span class='ocrx_word' id='word_1_553' title='bbox 569 5119 746 5204; x_wconf 88' lang='lat' dir='ltr'>studioso,</span> <span class='ocrx_word' id='word_1_554' title='bbox 771 5119 966 5210; x_wconf 90' lang='lat' dir='ltr'>plurimum</span> <span class='ocrx_word' id='word_1_555' title='bbox 991 5145 1047 5190; x_wconf 88' lang='lat' dir='ltr'>me</span> <span class='ocrx_word' id='word_1_556' title='bbox 1097 5121 1268 5191; x_wconf 83' lang='lat' dir='ltr'>Ottonem</span> <span class='ocrx_word' id='word_1_557' title='bbox 1291 5119 1445 5210; x_wconf 91' lang='lat' dir='ltr'>primum</span> <span class='ocrx_word' id='word_1_558' title='bbox 1475 5121 1554 5188; x_wconf 91' lang='lat' dir='ltr'>dico</span> <span class='ocrx_word' id='word_1_559' title='bbox 1583 5135 1766 5214; x_wconf 84' lang='lat' dir='ltr'>propterea</span> <span class='ocrx_word' id='word_1_560' title='bbox 1791 5137 1966 5213; x_wconf 90' lang='lat' dir='ltr'>spectare,</span> <span class='ocrx_word' id='word_1_561' title='bbox 1998 5151 2088 5220; x_wconf 89' lang='lat' dir='ltr'>quo-</span> 
     </span>
     <span class='ocr_line' id='line_1_51' title="bbox 75 5217 2088 5318; baseline 0.006 -34"><span class='ocrx_word' id='word_1_562' title='bbox 75 5220 248 5296; x_wconf 84' lang='lat' dir='ltr'>arbitratus</span> <span class='ocrx_word' id='word_1_563' title='bbox 271 5225 337 5296; x_wconf 90' lang='lat' dir='ltr'>sim</span> <span class='ocrx_word' id='word_1_564' title='bbox 363 5247 435 5294; x_wconf 92' lang='lat' dir='ltr'>csse</span> <span class='ocrx_word' id='word_1_565' title='bbox 459 5223 673 5292; x_wconf 87' lang='lat' dir='ltr'>devinctum.</span> <span class='ocrx_word' id='word_1_566' title='bbox 741 5217 918 5304; x_wconf 89' lang='lat' dir='ltr'>Accessit,</span> <span class='ocrx_word' id='word_1_567' title='bbox 950 5225 1046 5316; x_wconf 93' lang='lat' dir='ltr'>quod</span> <span class='ocrx_word' id='word_1_568' title='bbox 1096 5223 1192 5292; x_wconf 89' lang='lat' dir='ltr'>niam</span> <span class='ocrx_word' id='word_1_569' title='bbox 1217 5243 1303 5290; x_wconf 87' lang='lat' dir='ltr'>avus</span> <span class='ocrx_word' id='word_1_570' title='bbox 1321 5234 1436 5290; x_wconf 90' lang='lat' dir='ltr'>vester</span> <span class='ocrx_word' id='word_1_571' title='bbox 1450 5217 1627 5292; x_wconf 86' lang='lat' dir='ltr'>llenricus</span> <span class='ocrx_word' id='word_1_572' title='bbox 1649 5249 1763 5315; x_wconf 88' lang='lat' dir='ltr'>nuper</span> <span class='ocrx_word' id='word_1_573' title='bbox 1780 5237 1941 5296; x_wconf 92' lang='lat' dir='ltr'>mortuus</span> <span class='ocrx_word' id='word_1_574' title='bbox 1954 5242 2088 5318; x_wconf 81' lang='lat' dir='ltr'>patrem</span> 
     </span>
     <span class='ocr_line' id='line_1_52' title="bbox 76 5315 2090 5422; baseline 0.006 -37"><span class='ocrx_word' id='word_1_575' title='bbox 76 5321 328 5398; x_wconf 81' lang='lat' dir='ltr'>existimaverim</span> <span class='ocrx_word' id='word_1_576' title='bbox 360 5327 398 5395; x_wconf 91' lang='lat' dir='ltr'>in</span> <span class='ocrx_word' id='word_1_577' title='bbox 427 5323 632 5417; x_wconf 88' lang='lat' dir='ltr'>accipiendo</span> <span class='ocrx_word' id='word_1_578' title='bbox 665 5323 769 5392; x_wconf 89' lang='lat' dir='ltr'>etiam</span> <span class='ocrx_word' id='word_1_579' title='bbox 798 5323 1046 5392; x_wconf 86' lang='lat' dir='ltr'>liberalitatem</span> <span class='ocrx_word' id='word_1_580' title='bbox 1095 5319 1221 5394; x_wconf 90' lang='lat' dir='ltr'>habuit</span> <span class='ocrx_word' id='word_1_581' title='bbox 1254 5315 1443 5406; x_wconf 84' lang='lat' dir='ltr'>O&#39;ttonem,</span> <span class='ocrx_word' id='word_1_582' title='bbox 1477 5323 1589 5392; x_wconf 91' lang='lat' dir='ltr'>filium</span> <span class='ocrx_word' id='word_1_583' title='bbox 1625 5324 1826 5412; x_wconf 82' lang='lat' dir='ltr'>Frederici,</span> <span class='ocrx_word' id='word_1_584' title='bbox 1860 5326 1960 5397; x_wconf 89' lang='lat' dir='ltr'>cuius</span> <span class='ocrx_word' id='word_1_585' title='bbox 1991 5345 2090 5422; x_wconf 85' lang='lat' dir='ltr'>pater</span> 
     </span>
     <span class='ocr_line' id='line_1_53' title="bbox 76 5413 2090 5522; baseline 0.003 -32"><span class='ocrx_word' id='word_1_586' title='bbox 76 5429 234 5508; x_wconf 87' lang='lat' dir='ltr'>quandam</span> <span class='ocrx_word' id='word_1_587' title='bbox 250 5413 380 5514; x_wconf 83' lang='lat' dir='ltr'>inesse,</span> <span class='ocrx_word' id='word_1_588' title='bbox 405 5449 470 5496; x_wconf 90' lang='lat' dir='ltr'>nec</span> <span class='ocrx_word' id='word_1_589' title='bbox 485 5427 603 5495; x_wconf 92' lang='lat' dir='ltr'>minus</span> <span class='ocrx_word' id='word_1_590' title='bbox 621 5424 755 5514; x_wconf 87' lang='lat' dir='ltr'>regium</span> <span class='ocrx_word' id='word_1_591' title='bbox 770 5420 912 5511; x_wconf 88' lang='lat' dir='ltr'>haberi,</span> <span class='ocrx_word' id='word_1_592' title='bbox 939 5449 1047 5517; x_wconf 87' lang='lat' dir='ltr'>parva</span> <span class='ocrx_word' id='word_1_593' title='bbox 1094 5419 1326 5494; x_wconf 88' lang='lat' dir='ltr'>Bernhardus</span> <span class='ocrx_word' id='word_1_594' title='bbox 1348 5425 1438 5508; x_wconf 87' lang='lat' dir='ltr'>fuit,</span> <span class='ocrx_word' id='word_1_595' title='bbox 1468 5425 1563 5494; x_wconf 85' lang='lat' dir='ltr'>filius</span> <span class='ocrx_word' id='word_1_596' title='bbox 1578 5425 1702 5517; x_wconf 84' lang='lat' dir='ltr'>Magni</span> <span class='ocrx_word' id='word_1_597' title='bbox 1728 5429 1899 5522; x_wconf 93' lang='lat' dir='ltr'>principis</span> <span class='ocrx_word' id='word_1_598' title='bbox 1914 5427 2090 5500; x_wconf 84' lang='lat' dir='ltr'>Brunsvi-</span> 
     </span>
    </p>
   </div>
   <div class='ocr_carea' id='block_1_14' title="bbox 0 0 2336 5817">
    <p class='ocr_par' dir='ltr' id='par_1_16' title="bbox 0 0 2336 5817">
     <span class='ocr_line' id='line_1_54' title="bbox 0 0 2336 5817; baseline 0 0"><span class='ocrx_word' id='word_1_599' title='bbox 0 0 2336 5817; x_wconf 95' lang='lat' dir='ltr'> </span> 
     </span>
    </p>
   </div>
   <div class='ocr_carea' id='block_1_15' title="bbox 1103 3189 2206 3292">
    <p class='ocr_par' dir='ltr' id='par_1_17' title="bbox 1103 3189 2206 3292">
     <span class='ocr_line' id='line_1_55' title="bbox 1103 3189 2206 3292; baseline 0.008 -33"><span class='ocrx_word' id='word_1_600' title='bbox 1103 3189 1217 3259; x_wconf 88' lang='lat' dir='ltr'>Patris</span> <span class='ocrx_word' id='word_1_601' title='bbox 1247 3189 1298 3261; x_wconf 90' lang='lat' dir='ltr'>tui</span> <span class='ocrx_word' id='word_1_602' title='bbox 1333 3189 1582 3279; x_wconf 87' lang='lat' dir='ltr'>sapientissimi</span> <span class='ocrx_word' id='word_1_603' title='bbox 1620 3196 1790 3288; x_wconf 89' lang='lat' dir='ltr'>principis</span> <span class='ocrx_word' id='word_1_604' title='bbox 1818 3191 2093 3292; x_wconf 86' lang='lat' dir='ltr'>pulcherrimam</span> <span class='ocrx_word' id='word_1_605' title='bbox 2205 3215 2206 3218; x_wconf 76' lang='grc'>’</span> 
     </span>
    </p>
   </div>
  </div>
 </body>
</html>
