4646 5824
112 313 177 392 ars
317 323 323 340 ,
571 259 1641 394 'oscnnunonornnaenm'cma
1895 367 1925 440 x,
2066 329 2144 415 774

108 487 142 558 in
156 507 225 580 quo
239 479 377 556 disisti:
401 473 569 556 SicDens
582 479 906 570 dilexitrnundom,
927 493 967 556 ut
981 479 1095 554 filium
1144 475 1190 550 ab
1213 471 1371 550 Ecclesia
1391 479 1650 573 disputationes
1672 483 1756 560 illae
1779 482 1995 570 Stoicorum.
2045 499 2138 581 Nam

107 611 203 663 suum
216 575 442 676 unigenitum
458 585 560 658 daret
574 608 640 677 pro
657 587 816 668 mundo,
840 597 879 658 ut
896 585 1015 656 omnis
1031 582 1095 678 qui
1143 593 1179 652 et
1191 577 1427 654 iudiditDeus
1441 577 1608 658 humanis
1624 587 1828 679 pectoribus
1842 594 2020 698 oropydc,
2044 631 2137 704 quae

107 690 210 763 credit
225 687 264 758 in
282 711 377 772 eum,
394 709 470 758 nou
484 699 616 780 pereat,
638 687 699 757 sed
713 681 841 759 habeat
855 686 965 758 vitam
981 699 1095 758 aeter·
1141 685 1330 770 moneant,
1355 697 1397 758 ut
1414 699 1556 758 nostros
1578 688 1788 781 diligamus,
1822 701 1986 774 secundis
2009 729 2135 783 eorum

107 815 194 865 uam.
244 786 326 863 Oro
352 787 460 861 etiam
481 801 515 860 te
537 785 635 860 Deus
657 799 800 860 aeterne
824 801 924 882 pater
945 785 1094 860 Domini
1142 785 1455 890 rebuslaetcmur,
1478 800 1513 859 et
1534 789 1691 862 adversis
1713 795 1916 889 doleamus,
1945 817 1979 878 et
2003 820 2044 880 ut
2066 835 2136 885 no.

106 887 455 976 nostrilesuChristi,
471 903 512 964 ut
525 888 748 963 carissimum
762 889 948 982 coniugem
963 913 1094 976 meum,
1141 899 1296 960 atrorum
1312 887 1486 960 desiderio
1502 889 1727 968 adficiamur:
1754 909 1788 972 et
1810 894 1897 972 haec
1919 905 1997 980 lieri
2022 909 2134 1006 iubet,

107 1009 137 1068 et
152 993 390 1066 dulcissimam
407 991 516 1064 liliam
531 1015 630 1084 regas
650 1003 685 1064 et
697 1015 834 1080 serves,
859 1005 895 1065 et
909 993 947 1063 in
963 987 1020 1062 his
1036 1015 1098 1070 re·.
1141 989 1203 1068 sed
1226 987 1443 1086 moderate),
1472 1013 1703 1084 agnoscamus
1720 997 1813 1072 mala
1832 1018 1972 1096 nostra,
1997 1035 2039 1086 ac
2064 1017 2133 1089 do-

106 1097 266 1188 gionibus
287 1093 525 1166 ministerium
541 1089 748 1184 Evangelii,
771 1087 945 1166 Ecclesiae
968 1107 1002 1166 et
1023 1091 1092 1164 Po·
1140 1091 1285 1166 leamua.
1568 1168 1574 1178 ,

106 1199 193 1271 litias
215 1199 394 1270 defendas.
462 1193 560 1268 Haec
590 1219 693 1288 saepe
717 1195 941 1290 ingeminans
966 1197 1092 1268 diebus
1241 1190 1312 1268 Sed
1328 1206 1448 1270 tamen
1460 1209 1605 1290 propter
1620 1191 1683 1268 has
1697 1199 1785 1274 duas
1799 1227 1920 1282 causas
1936 1213 2041 1288 dolor
2053 1243 2133 1294 rno-

106 1303 236 1384 decem,
262 1313 296 1372 et
317 1321 392 1372 sese
414 1299 585 1370 adversus
606 1321 755 1392 pavores
781 1299 1022 1383 confirmavit,
1057 1312 1092 1370 et
1140 1295 1319 1366 derandus
1334 1309 1397 1370 est.
1447 1294 1629 1385 Primum,
1655 1301 1833 1393 quianon
1857 1325 2133 1412 estrepngnau·

107 1400 306 1486 charissimo
336 1399 481 1492 coniugi
503 1399 664 1494 Principi
692 1415 727 1472 et
750 1401 975 1472 dulcissimae
998 1399 1092 1472 filiae
1139 1399 1226 1468 dum
1242 1397 1401 1470 iusticias
1415 1393 1502 1482 Dei,
1528 1425 1618 1498 quae
1639 1402 1846 1482 universum
1866 1435 1978 1504 genus
2003 1416 2130 1498 huma.

107 1505 211 1575 leuire
227 1503 444 1576 moesticiam
460 1503 609 1578 studuit.
636 1501 867 1596 Saepeetiam
885 1498 1024 1576 hortata
1040 1517 1093 1574 est
1139 1523 1227 1570 num
1253 1513 1367 1571 morte
1390 1500 1562 1579 oneravit.
1625 1501 1764 1578 Deinde
1792 1513 1857 1584 etsi
1878 1541 1975 1592 mors
1994 1526 2131 1598 malum

106 1605 208 1678 liliam
224 1620 258 1678 et
272 1617 424 1678 caeteras
437 1604 605 1696 virgines,
630 1627 677 1675 ne
691 1606 875 1676 coelestem
892 1605 1090 1676 doctrinam
1140 1615 1210 1684 est,
1241 1614 1359 1676 tamen
1380 1603 1579 1676 firmissima
1604 1608 1807 1684 assensione
1827 1628 1925 1688 tuam
1950 1624 2133 1702 celsitudi-

107 1721 162 1778 aut
177 1707 419 1800 voluptatibus
432 1721 494 1778 aut
509 1705 719 1799 corruptelis
745 1709 950 1798 dogmatum
975 1707 1092 1780 excuti
1139 1727 1222 1774 nem
1237 1705 1434 1798 amplexam
1450 1729 1522 1782 esse
1537 1703 1602 1778 has
1615 1707 1755 1784 divinas
1767 1721 1957 1795 sententias
1971 1751 2047 1800 non
2062 1734 2132 1820 du-

108 1809 170 1880 sibi
185 1821 409 1901 paterentur,
442 1831 532 1878 neve
556 1809 712 1882 sinerent
732 1809 890 1900 extingui
912 1810 1091 1892 timorem,
1140 1805 1231 1878 bito:
1258 1805 1422 1880 Preciosa
1437 1831 1533 1881 mors
1547 1807 1759 1884 Sanctorum
1767 1841 1777 1904 3
1811 1818 1914 1894 item:
1941 1823 2042 1904 Beati
2067 1837 2132 1930 qni

107 1911 233 1994 fedem,
261 1925 297 1984 et
313 1911 576 1982 invocationem
589 1911 673 1986 Dei.
719 1909 883 2006 Denique
896 1906 955 1981 hic
971 1925 1090 1984 estre-
1139 1907 1178 1976 in
1191 1905 1348 1980 Domino
1364 1909 1579 1988 moriuntur.
1635 1911 1717 1985 Non
1739 1931 1791 1992 est
1811 1947 1908 1996 mors
1934 1943 2131 2010 extremum

108 2035 179 2084 mus
195 2035 287 2106 agon
304 2025 399 2085 totus
415 2013 554 2084 illustre
567 2013 812 2085 testimonium
826 2015 895 2086 fuit
917 2015 1021 2096 fidei,
1056 2027 1093 2086 et
1138 2011 1333 2097 malorum,
1371 2014 1432 2082 sed
1459 2012 1530 2110 piis
1554 2013 1622 2086 iter
1647 2029 1699 2089 est
1724 2019 1770 2090 ad
1796 2024 2036 2106 dulcissimam
2060 2033 2132 2112 Dei

109 2129 261 2187 aeternae
276 2115 436 2188 iusticiae
450 2115 523 2185 iarn
538 2115 577 2186 in
591 2117 697 2186 corde
712 2139 888 2190 accensae.
934 2113 984 2189 Et
998 2116 1092 2187 inter
1140 2113 1441 2188 consuetudinem.
1487 2112 1598 2188 Levat
1612 2117 1773 2192 dolorem
1788 2121 1828 2196 iu
1843 2151 2054 2232 quacunque
2078 2166 2131 2234 re,

109 2213 186 2288 haec
206 2231 310 2303 vota,
352 2229 390 2289 et
411 2211 475 2288 has
496 2217 733 2288 confessiones
757 2241 775 2288 a
799 2241 946 2310 corpore
973 2219 1091 2288 anima
1139 2213 1268 2308 siquid
1286 2215 1398 2288 inesse
1416 2215 1502 2288 boni
1518 2218 1687 2296 cernitur.
1736 2217 1833 2316 Ergo
1858 2236 1987 2307 mentis
2007 2245 2131 2318 oculos

109 2333 219 2391 sancta
250 2332 286 2390 et
306 2315 384 2389 Deo
416 2341 497 2390 cara
527 2318 763 2411 placidissime
786 2320 956 2396 discessit.
1021 2315 1092 2390 Hic
1140 2313 1282 2406 deligito
1299 2317 1337 2387 in
1354 2313 1439 2388 haec
1456 2317 1562 2389 tona.
1619 2316 1700 2392 Etsi
1720 2326 1820 2400 abest
1844 2335 2004 2410 coniunx*
2025 2356 2087 2418 tua
2107 2373 2130 2420 a

22 2457 25 2470 =
108 2421 258 2493 mortalis
272 2421 367 2492 vitae
380 2421 461 2492 finis
475 2419 563 2508 fuit,
588 2419 656 2512 ipsi
671 2422 815 2516 quidem
830 2419 1007 2494 Dominae
1022 2421 1092 2490 mi·
1140 2433 1330 2510 conspectu
1346 2431 1425 2505 tuo,
1451 2431 1486 2492 et
1509 2419 1602 2492 filiae
1622 2421 1865 2518 dulcissimae,
1898 2449 2014 2512 tamen
2036 2445 2130 2522 laeta

109 2522 196 2594 nime
208 2523 339 2608 tristis,
371 2525 431 2593 sed
455 2519 765 2616 optimoPrincipi
789 2523 902 2609 filiae,
927 2537 961 2594 et
986 2523 1092 2594 nobis
1139 2519 1273 2592 fruitur
1299 2521 1369 2600 iam
1400 2533 1611 2613 conspectu,
1650 2528 1822 2618 sapientia
1842 2547 1880 2608 et
1904 2548 2130 2623 sermonibus

109 2625 265 2697 omuibus
281 2623 385 2694 valde
399 2623 599 2696 luctuosus:
625 2629 666 2696 'ac
683 2647 730 2694 ne
750 2623 920 2716 principis
941 2637 975 2696 et
997 2624 1092 2694 filiae
1139 2617 1226 2707 Dei,
1252 2635 1285 2694 et
1300 2621 1366 2694 lilii
1380 2621 1456 2694 eius
1470 2619 1620 2696 Domini
1635 2631 1750 2702 nostri
1767 2629 1846 2708 lesu
1862 2633 2013 2733 Christi,
2037 2647 2130 2724 Pro-

109 2723 278 2816 iugentem
296 2725 457 2797 dolorem
473 2749 637 2818 augeam,
666 2727 728 2820 qui
744 2749 865 2797 causas
881 2726 936 2796 sui
950 2749 1092 2796 moero·
1140 2717 1340 2814 phetarum,
1365 2719 1633 2818 Apostolorum.
1666 2727 1740 2802 lam
1753 2733 1793 2806 in
1809 2753 1910 2812 coetu
1924 2748 2131 2828 coelestium

109 2827 356 2915 rismaximas,
383 2829 488 2898 etiam
504 2828 608 2903 nobis
625 2828 840 2914 tacentibus,
872 2829 1013 2913 vident,
1046 2830 1091 2898 de
1140 2815 1383 2896 matronarum
1413 2827 1516 2900 audit
1544 2828 1774 2907 disserentem
1795 2835 1949 2916 Mariam
1973 2853 2018 2922 de
2039 2837 2130 2948 blin,

110 2929 204 3000 nobis
221 2932 349 3002 dicam.
399 2927 549 3002 Ferreus
571 2944 642 3015 est,
668 2931 732 3024 qni
755 2931 794 2999 in
817 2943 917 3002 tanto
944 2930 1090 3022 publico
1140 2927 1241 2998 audit
1256 2923 1370 3000 Evam
1389 2929 1434 3012 de
1447 2927 1562 3021 prima
1584 2935 1787 3010 conditione
1808 2947 1948 3032 generis
1967 2945 2129 3047 humani,

110 3029 215 3118 luctu,
251 3055 333 3103 cum
347 3029 468 3103 rideat
480 3029 657 3124 Principis
683 3046 719 3104 et
740 3032 1013 3130 praecipuorum
1035 3031 1092 3102 vi·
1141 3030 1186 3098 de
1212 3028 1286 3100 suis
1312 3032 1491 3104 aerumnis
1507 3045 1541 3104 et
1554 3031 1828 3114 liberationibus
1842 3050 2128 3136 concionantem.

109 3125 273 3204 commin
290 3132 458 3204 omnibus
474 3132 679 3218 ordinibus,
696 3131 889 3204 'nobilium
917 3148 953 3205 et
975 3155 1091 3204 sacer·
1140 3125 1252 3202 Audit
1269 3128 1393 3204 Saram
1409 3145 1444 3204 et
1458 3147 1611 3206 caeteras
1623 3137 1756 3214 similes
1772 3157 1953 3223 matronas
1972 3179 2129 3234 comme-

110 3233 222 3306 dotum
241 3229 461 3330 lachrymas,
484 3257 564 3305 cum
579 3233 672 3304 filiae
687 3233 863 3328 Principis
890 3251 925 3308 et
946 3247 1000 3307 tot
1023 3230 1092 3304 ho·
1140 3247 1319 3303 morantes
1342 3231 1411 3304 Dei
1436 3234 1618 3310 beneficia.
1673 3236 1788 3318 Audit
1812 3247 1969 3348 denique
1990 3276 2128 3352 patrem

110 3331 379 3410 notissimarum
396 3349 640 3408 matronarum
663 3335 814 3408 eiulatus
839 3337 979 3418 audiat,
1014 3337 1091 3424 sine
1140 3334 1245 3404 etiam
1261 3355 1385 3420 suum,
1404 3331 1540 3426 Regem
1555 3338 1656 3430 pium
1682 3357 1717 3420 et
1733 3342 1810 3419 Deo
1824 3341 1990 3446 charum,
2016 3365 2129 3438 filim.

110 3459 261 3510 moerore
276 3460 350 3511 esse
365 3451 491 3530 potest.
540 3433 672 3509 Causas
694 3439 803 3530 igitur
826 3439 973 3510 dolendi
994 3437 1091 3530 cogi·
1140 3457 1209 3528 que
1228 3457 1268 3504 ac
1284 3433 1643 3529 filiascomplectitur.
1693 3441 1795 3518 Nihil
1811 3456 1955 3549 utrique
1970 3477 2127 3540 vestrum

111 3549 231 3625 temus,
256 3541 463 3612 adiiciamus
477 3539 576 3608 luctu
592 3539 718 3630 optimi
736 3539 914 3633 Principis
935 3556 969 3614 et
985 3541 1089 3623 filiae,
1139 3535 1295 3629 optatius
1309 3537 1395 3622 luit,
1421 3563 1527 3632 quam
1544 3555 1585 3612 ut
1608 3543 1671 3614 illo
1696 3549 1901 3626 dulcissima
1921 3563 2128 3643 coelestium

110 3653 146 3708 ut
161 3641 256 3714 iubet
271 3634 461 3727 nosDeus,
489 3641 693 3732 praesertim
702 3639 909 3736 Principum
925 3644 1091 3712 beneme-
1139 3639 1395 3712 consuetudine
1408 3641 1629 3730 frueremini,
1652 3649 1699 3718 ad
1715 3674 1820 3746 quam
1835 3661 1932 3752 quod
1949 3663 2048 3755 prior
2063 3674 2129 3744 ad·

111 3740 251 3816 sitorum
270 3744 437 3814 adversos
461 3763 561 3812 casus
583 3756 723 3832 nostros
746 3745 894 3832 ducere,
922 3759 957 3817 et
977 3743 1091 3818 nostri
1140 3741 1283 3820 ducitur
1299 3741 1453 3814 coniunx
1470 3755 1545 3829 tua,
1571 3747 1785 3826 sivolumus
1798 3781 1879 3831 vera
1893 3761 2020 3856 dicere,
2045 3794 2128 3862 gra.

111 3845 231 3916 amoris
260 3869 341 3938 erga
368 3868 430 3916 eos
449 3835 741 3934 significationem
761 3847 924 3918 societate
946 3845 1089 3917 moesti·
1139 3837 1501 3942 tulandaesteihaec
1518 3847 1680 3923 felicitas.
1738 3853 1830 3928 Nam
1854 3856 1941 3936 baec
1966 3894 2056 3964 quae
2079 3879 2126 3948 de

111 3943 176 4016 ciae
189 3929 384 4022 ostendere.
433 3945 573 4018 Deinde
596 3970 637 4016 eo
660 3947 862 4036 doleamus,
896 3951 993 4043 quod
1020 3949 1089 4020 tale
1139 3947 1397 4018 cousuetudine
1409 3960 1570 4020 aeternae
1580 3945 1758 4028 Ecclesiae
1772 3963 2030 4056 adseveramus,
2050 4001 2127 4051 non

110 4045 206 4120 decus
226 4065 262 4126 et
286 4047 463 4140 exemplar
485 4047 678 4134 virtutum,
725 4043 812 4122 haee
839 4051 936 4140 regio
962 4050 1090 4135 amisit,
1138 4061 1223 4118 sunt
1236 4047 1396 4119 fabulosa
1411 4071 1451 4120 ac
1465 4049 1593 4126 similia
1609 4071 1810 4144 poematum
1834 4068 1879 4136 de
1902 4093 2027 4166 campo
2048 4081 2126 4176 ely.

109 4153 265 4246 quodque
274 4149 465 4224 Patronem
474 4143 721 4236 Ecclesiarum,
746 4151 930 4224 literarum
947 4166 981 4224 et
995 4153 1089 4222 mul·
1138 4149 1202 4218 sio.
1259 4145 1335 4218 Nos
1354 4148 1394 4220 in
1415 4145 1573 4224 Ecclesia
1595 4155 1667 4226 Dei
1697 4161 1906 4240 testimoniis
1926 4171 2127 4255 illustribus

110 4259 216 4322 torum
240 4252 526 4324 calamitosorum
549 4252 742 4333 amisimus.
796 4252 865 4325 Sed
889 4249 1089 4348 lachrymae
1138 4249 1866 4350 confirmatfsessediviuaspromissiones
1886 4275 2035 4368 scimus,
2070 4285 2126 4356 vi-
2192 4315 2196 4324 ·

110 4372 219 4424 rocem
235 4355 455 4446 impediunt,
481 4353 562 4423 ideo
578 4347 671 4423 hanc
688 4366 823 4446 partem
838 4355 1010 4452 orationis
1026 4356 1089 4426 ab·
1137 4351 1264 4424 delicet
1278 4351 1579 4426 resuscilalifflem
1593 4360 1657 4430 filil
1671 4357 1750 4452 Dei,
1774 4379 1808 4442 et
1824 4375 2020 4452 multorum
2033 4387 2126 4457 alio-

110 4472 237 4546 mmpo.
280 4453 426 4528 Utinam
442 4468 572 4540 antem,
596 4469 635 4526 ut
650 4455 796 4530 dolendi
809 4481 930 4528 causas
944 4470 1090 4550 propter
1136 4477 1240 4540 rum,
1267 4453 1329 4550 qui
1347 4455 1492 4528 extincti
1506 4459 1722 4542 revixerunt.
1772 4467 1877 4546 Certo
1891 4475 2002 4569 igitur
2016 4487 2125 4560 adfir-
2252 4463 2256 4477 ’

110 4557 271 4646 populum
286 4557 445 4650 exposui,
464 4557 512 4627 ita
528 4567 666 4650 possem
683 4558 801 4652 aliqua
817 4584 858 4628 ex
874 4573 972 4652 parte
989 4571 1087 4630 tanto
1137 4557 1307 4626 mnndum
1332 4571 1413 4644 est,¹
1437 4552 1600 4636 homines
1621 4567 1668 4636 ad
1688 4565 1804 4645 Deum
1829 4601 2017 4660 conversos
2041 4613 2124 4664 vera

111 4657 240 4730 vulneri
256 4657 435 4751 Principis
452 4673 486 4731 et
501 4659 591 4728 filiae
609 4659 752 4728 mederi.
812 4657 1089 4756 Acfiliamqui-
1138 4658 1354 4750 poenitentia
1371 4673 1405 4732 et
1420 4659 1504 4748 fide,
1534 4678 1567 4737 et
1586 4669 1904 4763 acquiescentesrin
1928 4688 2123 4765 mediatore

29 4755 33 4768 '
112 4755 182 4828 dem
206 4763 295 4854 patri
319 4785 443 4833 omnes
463 4760 605 4831 ordines
631 4764 902 4850 commendant,
932 4767 1088 4857 ¹eumque
1135 4757 1304 4847 filioDei,
1330 4761 1549 4838 discedentes
1563 4792 1605 4838 ex
1621 4764 1685 4844 hac
1701 4773 1790 4863 vita,
1814 4781 1896 4852 duci
1912 4787 1956 4856 ad
1973 4787 2125 4866 laetissi-

112 4875 222 4948 oraut,
244 4875 334 4938 utet
351 4866 398 4934 ob
419 4859 510 4934 hanc
527 4885 668 4933 causam
688 4862 816 4933 fortius
830 4879 1002 4956 repugnet
1022 4867 1087 4936 do·
1137 4887 1230 4933 mam
1247 4877 1410 4934 aeternae
1424 4858 1602 4942 Ecclesiae
1625 4880 1927 4961 consuetudinem.
1991 4889 2127 4968 Memi.

112 4955 191 5048 lori,
213 4979 251 5038 ut
266 4967 342 5038 eius
357 4962 518 5038 oratione
535 4977 568 5035 et
581 4967 682 5036 vultu
698 4963 802 5036 filiae
818 4989 955 5037 summa
971 4967 1088 5038 luctus
1137 4965 1223 5036 nisti
1238 4978 1356 5072 autern
1372 4963 1543 5062 Princeps
1558 4985 1673 5048 totum
1690 4977 1780 5051 vitae
1794 4987 2019 5064 curriculum.
2038 5021 2125 5072 con-

113 5065 285 5140 arerbitate
302 5071 509 5140 abducatur.
561 5061 640 5138 Etsi
656 5081 792 5148 autem,
818 5065 988 5162 Princeps
1002 5067 1088 5138 illu·
1137 5065 1246 5158 iugis,
1268 5067 1414 5158 plenum
1432 5071 1592 5164 pietatis,
1617 5079 1704 5149 etin
1721 5072 1788 5154 hoe
1805 5100 1960 5163 extremo
1974 5099 2125 5175 articulo

113 5163 287 5251 unissime,
320 5169 433 5264 pietas
449 5183 510 5241 tua
526 5167 705 5248 laudanda
719 5182 790 5256 est,
824 5171 919 5262 quod
935 5170 1088 5242 extincta
1137 5167 1332 5274 clarissima
1353 5171 1453 5262 signa
1477 5173 1592 5249 animi
1616 5180 1865 5278 acquiescentis
1897 5189 1937 5264 in
1958 5197 2033 5270 filio
2057 5199 2126 5277 Dei

114 5253 303 5344 charissima
327 5273 477 5362 coniuge
501 5283 601 5342 tanto
624 5271 749 5342 dolore
773 5284 808 5341 et
820 5271 996 5343 desiderio
1012 5271 1087 5343 eius
1138 5271 1433 5350 animadvertisti.
1489 5273 1556 5350 His
1581 5281 1681 5356 iactis
1704 5285 1944 5370 fundamentis
1965 5307 2129 5378 consola.

113 5365 364 5467 adficeris(non
379 5374 474 5446 enim
489 5371 664 5457 ii‘sumus,
690 5373 752 5466 qui
768 5367 862 5444 nihil
879 5374 1012 5462 dolere,
1032 5397 1089 5446 sa-
1139 5373 1296 5461 tionum,
1339 5389 1374 5448 et
1395 5379 1492 5472 quod
1514 5375 1591 5454 Deo
1612 5383 1850 5462 obediendum
1871 5396 1935 5486 sit,
1974 5417 2008 5475 et
2031 5411 2129 5502 quod

114 5463 268 5553 pientiam
284 5491 345 5550 aut
358 5477 522 5548 virtutem
539 5495 613 5544 esse
626 5471 815 5560 finxerunt,
840 5489 1090 5550 removeantur
1140 5475 1295 5549 coniunx
1334 5491 1395 5552 tua
1430 5481 1640 5654 {giemum
1678 5497 1934 5574 consuetudine
1974 5505 2128 5585 fruatur:
