4718 5828
217 207 267 280 ιι
313 171 322 180 ’
721 197 887 276 nucu
919 193 998 277 uu
1030 198 1269 278 sruuus
1303 169 1737 280 rnnonoorcrs.
2055 253 2059 258 .
2197 203 2250 276 ss

221 373 532 473 eterrapcorlucto
543 372 756 468 palpabilem
773 397 858 448 esse.
909 371 957 446 Et
972 370 1211 470 haecquidem
1261 371 1404 447 Christo
1426 369 1670 446 transmissum
1693 376 1838 472 quidem
1869 389 1921 448 est
1941 371 2010 446 boc
2036 375 2185 460 laetum,
2219 389 2251 446 et

222 483 363 567 omnia,
388 481 416 550 si
429 491 568 570 peccato
585 489 711 546 natura
728 500 803 545 rron
822 477 943 548 vitiata
959 492 1064 560 esset,
1092 500 1215 548 omnes
1264 493 1425 548 aeternae
1439 477 1691 548 consolationis
1706 481 1886 566 verbum,
1906 492 1941 548 et
1956 475 2192 568 Evangeliuor
2210 483 2254 546 ad

222 585 355 678 posteri
379 578 514 664 Adam,
538 567 685 650 masculi
702 578 797 648 iuxta
815 603 855 648 ac
874 580 1065 674 foeminae,
1092 580 1214 650 claris-
1265 594 1432 672 posteros.
1492 577 1563 650 Sed
1594 595 1712 650 tamen
1741 583 1835 652 intra
1861 582 2007 672 parietes
2039 581 2077 648 in
2107 582 2261 668 angulis,
2352 569 2353 590 ³

222 689 311 757 sime
337 685 475 775 cognita
504 677 726 766 habuissent,
760 695 864 776 atque
895 683 945 750 ita
968 695 1082 752 totum
1106 705 1216 772 genus
1265 697 1401 753 tantum
1433 681 1471 748 in
1501 681 1646 752 familiis
1678 679 1984 768 Patriarcbarum‚
2023 683 2118 775 apud
2142 680 2260 752 Habel

176 807 183 820 ‘
224 785 422 860 humanum
440 785 485 854 ab
501 779 653 854 Oriente
668 805 781 876 usque
806 786 848 852 ad
870 779 1101 854 Occidentem
1127 785 1216 854 suis-
1264 798 1422 863 tantum,
1451 780 1540 852 illud
1567 784 1688 853 lumen
1712 780 1999 876 Tlreologorum,
2030 785 2123 876 apud
2154 779 2260 854 Noha
2352 837 2353 848 ,

162 913 163 924 ’
199 905 278 962 ἐει
309 886 530 983 gymnasium
561 887 741 978 quoddam
772 881 1050 974 pulcherrimum
1078 899 1113 955 ει
1144 887 1215 960 fre,-
1267 899 1447 978 parentem
1462 884 1610 954 alterum
1627 885 1766 973 generis
1781 883 1947 970 humani,
1968 889 2060 977 apud
2077 883 2160 958 Sem
2176 909 2262 956 ιιειε
2352 945 2353 948 ,

224 990 496 1086 quentissimum
524 982 738 1056 scholarium
761 981 992 1076 Theologiae:
1026 985 1093 1056 nisi
1120 988 1214 1079 quod
1267 1010 1453 1078 euagrium,
1478 1011 1630 1080 vereque
1644 1001 1829 1077 augustum
1849 983 2131 1072 Melchisedech,
2157 989 2260 1082 quasi

224 1095 414 1164 discrimen
437 1093 557 1158 forsan
579 1088 701 1158 luisset
725 1089 919 1172 donorum,
952 1089 1044 1159 sicut
1067 1089 1167 1158 stella
1197 1112 1217 1157 a
1267 1088 1494 1178 margaritum
1528 1089 1749 1180 preciosum,
1798 1090 2031 1174 custoditum,
2072 1111 2263 1159 conserva-

135 1275 141 1288 ·
223 1197 325 1266 stella
347 1193 470 1263 differt
492 1190 659 1262 claritate.
726 1187 859 1258 Verum
892 1205 1077 1285 postquam
1111 1189 1216 1282 primi
1267 1206 1413 1284 tumque
1447 1188 1510 1260 εει
1527 1191 1664 1283 reliquo
1694 1203 1769 1263 toto
1804 1189 1951 1261 Cainico
1985 1203 2018 1260 ct
2058 1188 2262 1261 Nimrotico

225 1298 281 1365 illi
316 1309 477 1387 parentes
511 1293 622 1361 nostri
656 1292 792 1382 decepti
818 1287 1218 1392 coronopius-Diaboli,
1267 1293 1403 1362 mundo
1422 1303 1456 1360 ει
1473 1305 1554 1362 aute
1570 1307 1605 1362 et
1629 1306 1706 1382 post
1722 1293 1918 1374 diluvium,
1946 1292 2144 1362 insaniente
2160 1295 2262 1362 rabie

225 1423 294 1492 qua
317 1419 389 1466 non
418 1393 548 1464 desinit
571 1393 734 1462 insidiari
758 1416 866 1482 regno
887 1391 974 1478 Dei,
1008 1394 1096 1484 lapsi
1123 1407 1217 1474 sunt,
1267 1393 1396 1462 infiniti
1414 1394 1562 1477 erroris,
1585 1393 1786 1474 idolatriae,
1811 1395 2102 1478 abominationis,
2122 1396 2261 1487 reliqua

100 1525 105 1543 ‘
206 1501 286 1568 ‘illa
302 1499 424 1567 divina
442 1509 476 1566 ει
492 1497 663 1564 excellens
679 1507 804 1564 natura
827 1491 982 1564 hominis
997 1491 1219 1565 horribiliter
1268 1511 1340 1566 tota
1359 1495 1511 1564 colluvie
1526 1490 1712 1564 hominum
1737 1497 1975 1566 tumultuante
1993 1495 2115 1574 bellis,
2142 1498 2265 1566 caedi.
2352 1513 2353 1526 ¹

224 1612 390 1690 cormpta
415 1611 487 1688 est,
513 1597 714 1681 debilitata,
746 1610 780 1666 ει
798 1597 909 1666 'fracta
924 1597 961 1665 in
984 1598 1119 1666 viribus
1140 1619 1218 1667 cor·
1269 1599 1352 1678 bus,
1386 1596 1490 1681 rixis,
1525 1598 1832 1677 contentionibus,
1866 1592 2075 1666 hominibus
2096 1598 2189 1666 inter
2224 1622 2262 1665 se

96 1751 102 1765 ι
226 1701 537 1796 porisetaoimue.
588 1697 707 1790 Atque
725 1698 814 1766 illud
836 1699 962 1768 uitium
984 1700 1132 1788 originis
1151 1700 1219 1768 late
1269 1697 1499 1788 flagrantibus
1527 1699 1689 1789 viperino
1725 1700 1829 1790 plaue
1859 1700 1962 1778 odio,
2002 1699 2102 1766 omui
2132 1721 2262 1788 genere
2352 1761 2353 1764 ,

155 1837 157 1844 ’
224 1807 577 1892 inomnespostecos
603 1801 702 1869 Adae
725 1813 960 1891 propagatum
982 1815 1050 1884 est,
1084 1801 1218 1870 utiam
1268 1799 1468 1870 acerbitatis
1501 1813 1535 1870 ει
1567 1801 1795 1872 crudelitatis.
1859 1799 1952 1870 Sunt
1986 1819 2067 1888 ergo
2102 1801 2263 1894 reliquae.

228 1907 268 1975 in
305 1904 473 1974 omnibus
511 1901 740 1981 mortalibus,
792 1915 979 1994 antequam
1019 1904 1222 1972 inserantur
1269 1898 1451 1972 doctrinae
1475 1925 1621 1984 ¹omnes,
1654 1916 1688 1972 ct
1713 1897 1944 1990 Philosophia
1973 1915 2065 1981 tota,
2100 1905 2263 1994 adeoque.

226 2002 392 2088 Christo,
428 2000 613 2073 horribilis
637 2002 683 2073 sit
703 2003 869 2089 caecitas,
902 2017 944 2074 ut
967 2029 1081 2098 neque
1103 2001 1219 2073 Deum
1269 2005 1342 2095 ipse
1364 2001 1578 2092 Decalogus,
1611 2003 1824 2096 conscriptio
1844 2004 1960 2090 legum
1984 2017 2019 2072 ει
2036 2016 2266 2096 statutorum,
2352 2017 2353 2026 ’

228 2123 300 2180 tam
320 2109 413 2176 clare
437 2128 668 2194 cognoscere,
702 2129 818 2198 neque
835 2105 962 2175 inulla
978 2119 1134 2176 creatura
1152 2103 1218 2174 Dei
1268 2105 1480 2189 medicinae,
1500 2105 1674 2190 fomenta,
1699 2103 1885 2194 ligamina,
1908 2119 1944 2174 et
1960 2106 2115 2174 remedia
2131 2106 2265 2183 affecti,
2352 2093 2353 2104 ¹

227 2208 459 2303 praesentiam
490 2219 525 2276 et
543 2207 702 2274 divinam
732 2199 974 2298 operationem
998 2209 1047 2278 ita
1077 2229 1221 2276 cernere
1268 2207 1426 2277 morbosi
1453 2220 1487 2277 et
1507 2207 1638 2296 leprosi
1659 2207 1817 2296 corporis
1843 2205 1990 2292 muudi,
2026 2219 2061 2276 et
2083 2208 2264 2276 vulnerati
2352 2211 2353 2222 ’

227 2311 385 2406 possint,
410 2323 515 2402 atque
529 2309 573 2377 ab
585 2332 625 2378 eo
641 2331 721 2377 casu
737 2302 856 2378 schola
872 2305 1107 2399 Theologica,
1131 2331 1220 2401 iprae
1268 2309 1407 2396 generis
1431 2303 1598 2391 humani,
1631 2309 1761 2402 quibus
1781 2329 1854 2376 non
1876 2331 1966 2399 opus
1989 2308 2109 2377 luisset
2133 2309 2171 2376 in
2188 2309 2263 2377 vita

226 2416 313 2484 alias
330 2435 391 2504 pec
407 2425 519 2480 totum
533 2410 656 2480 luisset
673 2410 801 2479 diffusa
819 2411 941 2478 orbern
958 2425 1151 2494 terrarum,
1168 2411 1220 2488 ab
1269 2406 1480 2492 homiuum,
1511 2409 1542 2476 si
1562 2409 1659 2478 illius
1675 2410 1813 2500 lapsus,
1837 2421 1870 2478 et
1886 2410 1976 2478 tanti
1996 2411 2080 2478 mali
2099 2405 2269 2478 haeredi·
2352 2455 2353 2460 κ

227 2511 378 2585 Oriente
401 2537 512 2606 usque
540 2513 582 2578 ad
612 2506 810 2594 Occasum,
841 2511 1030 2582 celebratio
1064 2509 1222 2580 nominis
1270 2512 1357 2581 toria
1391 2510 1553 2600 contagio
1582 2533 1654 2579 non
1685 2512 1910 2600 corripuisset
1938 2525 2115 2601 posteros,
2148 2527 2208 2580 aut
2231 2513 2261 2579 si

225 2615 372 2688 Domini
387 2630 504 2684 coacta
530 2627 581 2681 cst
604 2613 642 2679 in
662 2624 871 2702 angustum,
896 2615 984 2682 adeo
1008 2627 1047 2682 ut
1068 2613 1153 2681 inde
1175 2613 1221 2680 ab
1272 2625 1348 2704 post
1365 2613 1501 2704 lapsum
1525 2607 1825 2682 omneshomines
1841 2609 2009 2682 Habelica
2028 2613 2096 2681 title
2113 2616 2263 2682 verbum

227 2718 344 2788 Adam
376 2730 411 2785 et
441 2708 674 2798 Patriarchis,
708 2714 877 2784 omnibus
899 2711 1116 2806 temporibus
1140 2737 1221 2782 vcra
1271 2729 1304 2785 et
1318 2713 1588 2805 promissionem
1606 2711 1672 2782 Dei
1693 2715 1816 2783 audire
1835 2727 1869 2784 ει
1886 2715 2038 2784 retinere
2051 2715 2263 2806 potuissent.

226 2816 385 2889 Ecclesia
402 2817 552 2906 pusillus
567 2837 649 2904 grex
662 2815 782 2886 suerit.
833 2814 927 2886 Ante
942 2817 1086 2909 quidem
1103 2811 1222 2885 borri—
1274 2815 1404 2884 Verum
1422 2811 1618 2904 Theologia
1643 2815 1704 2884 illa
1725 2831 1883 2910 puraest
1903 2817 2084 2899 doctriua,
2117 2829 2151 2885 et
2176 2841 2255 2907 pro·
2352 2881 2353 2884 ,

228 2921 336 2990 bilem
360 2919 462 2987 illum
480 2918 618 3008 lapsum
639 2917 689 2986 sic
708 2912 890 2986 habiturae
912 2931 1079 2988 erautres
1094 2914 1222 2987 huma·
1270 2918 1393 2996 lessio,
1420 2919 1464 2984 ad
1492 2941 1596 3010 quam
1615 2917 1750 3006 integra
1772 2931 1897 2987 natura
1914 2917 2020 2988 initio
2041 2919 2183 2986 condita
2199 2931 2263 2998 est,

228 3047 315 3106 nae,
341 3019 438 3114 quod
462 3017 558 3088 Deus
580 3019 655 3107 ipse
675 3017 865 3088 domestice
888 3019 993 3110 plane
1015 3032 1050 3087 et
1066 3033 1223 3110 paterne,
1272 3021 1314 3089 ad
1334 3019 1579 3111 quamcreati,
1606 3018 1643 3086 in
1662 3043 1765 3088 cruce
1787 3020 1905 3110 precio
1929 3043 2057 3108 magno
2076 3019 2266 3111 redempti,

228 3125 319 3193 sicut
333 3121 493 3191 Psalmus
508 3120 576 3203 ait,
603 3121 831 3209 gubernasset
851 3115 1031 3205 homines,
1055 3136 1095 3191 ut
1110 3121 1223 3192 tenel-
1272 3119 1476 3203 restaurati,
1502 3135 1535 3189 et
1550 3120 1587 3187 in
1604 3134 1783 3189 aeternum
1799 3123 1940 3190 tandem
1963 3120 2182 3210 glorificandi
2203 3143 2259 3189 su-

169 3231 172 3240 ’
229 3224 390 3295 losblios
411 3236 576 3293 tractans.
637 3219 691 3290 lbi
713 3221 1027 3312 sincera‘cogoitio
1041 3219 1130 3306 Dei,
1156 3246 1224 3313 pu·
1273 3247 1362 3292 ιιιιιε.
1418 3217 1631 3310 Theologia,
1653 3221 1817 3313 inquam,
1839 3235 1890 3291 est
1908 3223 1968 3290 illa
1985 3222 2174 3312 professio,
2200 3247 2261 3313 per

227 3349 290 3397 cus
306 3326 442 3407 cultus,
467 3323 734 3394 ardentissimus
750 3348 852 3392 amor
867 3322 965 3393 verbi
982 3337 1015 3393 et
1030 3324 1224 3393 voluntatis
1274 3347 1379 3418 quaro
1394 3319 1528 3408 Adam,
1551 3321 1683 3408 Habel‚
1706 3317 1828 3404 Noha,
1851 3321 1951 3408 Sem,
1973 3323 2262 3394 etsimilessum·
2352 3333 2353 3338 ’

226 3427 315 3507 Dei,
342 3449 478 3496 summa
501 3437 535 3493 et
550 3424 587 3492 io
602 3424 677 3492 dies
692 3447 850 3494 crescens
871 3425 1059 3510 admiratio
1076 3449 1223 3516 operum
1274 3427 1323 3494 mi
1350 3421 1511 3494 homiues
1531 3427 1598 3494 sub
1621 3425 1712 3510 sole,
1745 3449 1824 3494 cum
1847 3425 1915 3493 iam
1933 3439 2047 3495 totum
2066 3447 2176 3514 genus
2191 3421 2264 3494 bu·

229 3528 296 3602 Dei
318 3528 457 3616 luisset,
491 3525 543 3594 ibi
572 3526 796 3598 dulcissimus
818 3527 963 3598 affectus
993 3549 1074 3618 erga
1098 3525 1224 3612 Deum,
1274 3552 1418 3598 mantuo
1437 3539 1526 3597 essct
1539 3528 1703 3619 potestati
1720 3523 1869 3598 Satanae
1884 3528 2101 3607 subiectum,
2126 3527 2264 3620 aliqua·

231 3623 643 3723 purissima'l'heologia,
662 3629 1081 3725 omniaplenaveritate,
1102 3630 1223 3698 omnia
1274 3644 1377 3700 tenus
1398 3628 1436 3695 in
1461 3623 1526 3696 hac
1548 3629 1651 3697 etiam
1679 3628 1749 3696 vita
1773 3652 1813 3694 ex
1839 3649 1947 3716 regno
1972 3629 2096 3704 mortis
2123 3629 2266 3699 eluctati

230 3735 335 3824 plena
361 3729 519 3812 iusticia,
545 3753 681 3798 summa
704 3731 885 3819 voluptas,
910 3731 1075 3798 invocare
1090 3731 1222 3816 Deum,
1275 3745 1356 3801 susat
1380 3729 1417 3796 in
1440 3731 1568 3811 vitam,
1593 3741 1627 3797 ει
1647 3751 1667 3796 ε
1686 3741 1827 3820 peccato
1850 3745 1883 3799 et
1904 3731 2059 3798 tenebris
2086 3731 2129 3798 ad
2155 3731 2265 3819 origi-

230 3834 410 3926 appellare
441 3845 573 3908 tantam
603 3843 637 3900 ει
664 3831 848 3900 coelestem
870 3831 969 3900 illam
996 3833 1224 3916 maiestatem,
1275 3857 1371 3900 nem>
1389 3829 1541 3919 paradisi
1568 3843 1600 3899 et
1631 3831 1731 3920 regni
1761 3831 1931 3900 coelestis·
1993 3830 2153 3900 Proinde
2184 3858 2267 3900 cum

115 3951 117 3955 “
223 3933 391 4016 Patrem,
432 3933 577 4002 laudare
601 3929 747 4017 Deum,
787 3931 929 4018 rimari,
961 3945 996 4002 et
1029 3935 1225 4024 expendere
1275 3933 1373 4002 nulla
1389 3933 1434 3998 sit
1450 3925 1677 4023 Philosophia
1702 3921 1950 4016 excellentior,
1976 3933 2074 4002 nulla
2094 3934 2267 4022 sapientia

229 4061 337 4128 opera
356 4035 442 4106 Dei.
507 4033 643 4104 Verum
668 4047 749 4126 post
778 4033 916 4124 lapsum
941 4029 1059 4114 Adae,
1093 4035 1131 4102 in
1162 4035 1223 4104 illa
1275 4033 1464 4104 sublimior
1487 4045 1548 4101 aut
1571 4035 1824 4124 praestantior,
1852 4057 1957 4128 quam
1974 4031 2090 4104 Deum
2108 4049 2142 4104 et
2161 4060 2268 4126 opera

228 4139 362 4231 prima,
399 4149 433 4206 ει
456 4149 557 4209 aucta
581 4136 706 4219 etiam,
740 4149 775 4205 et
804 4136 947 4205 florenti
975 4149 1086 4205 aetate
1116 4137 1223 4220 urbis,
1276 4137 1351 4206 eius
1373 4157 1600 4224 cognoscere,
1641 4159 1764 4205 omnes
1787 4130 1951 4204 homines
1981 4158 2118 4205 summo
2148 4138 2269 4205 studio

229 4263 313 4332 prae
327 4262 395 4332 qua
412 4237 524 4307 nostri
535 4237 718 4314 novissimi
733 4237 904 4328 temporis
919 4237 1044 4306 effoeta
1054 4251 1224 4321 senectus,
1275 4237 1408 4322 adniti,
1434 4250 1466 4305 et
1489 4235 1527 4304 in
1552 4231 1619 4306 hoc
1641 4237 1845 4306 incumbere
1866 4239 2015 4320 debent,
2048 4251 2088 4307 ut
2105 4239 2269 4329 quamvis

228 4345 401 4434 podagra,
435 4353 469 4409 et
491 4339 614 4408 senilis
632 4339 736 4408 ¹ussis
758 4353 809 4408 est
826 4339 950 4408 mundi
960 4389 973 4424 ,
1000 4341 1093 4429 apud
1112 4339 1223 4407 maio·
1277 4339 1368 4408 luris
1384 4338 1547 4417 scientia,
1573 4336 1713 4407 Medica
1730 4355 1821 4423 arte,
1848 4353 1882 4408 et
1898 4339 2075 4407 similibus
2092 4333 2178 4408 baec
2197 4339 2270 4408 vita

227 4468 302 4536 cem
328 4457 362 4512 et
384 4441 617 4533 potentiorem
648 4455 781 4531 partem
811 4435 996 4510 hominum
1023 4440 1143 4508 omnia
1168 4463 1224 4508 rc·
1276 4464 1393 4509 carere
1415 4465 1487 4507 non
1511 4439 1636 4528 possit,
1669 4455 1785 4510 tamen
1806 4441 1974 4509 omnibus
1998 4436 2052 4508 bis
2073 4443 2199 4524 rebus,
2234 4455 2290 4510 et

187 4593 192 4602 ·
226 4546 319 4637 pieta
344 4544 529 4626 idolatria,
564 4565 700 4624 errore,
727 4555 761 4610 ει
783 4565 824 4610 ex
846 4543 909 4610 illo
929 4541 1061 4610 adflatu
1078 4539 1221 4612 Diaboli
1276 4538 1344 4611 hoc
1367 4555 1440 4610 toto
1462 4543 1596 4610 mundo
1618 4556 1784 4622 utantur,
1816 4544 1916 4634 quasi
1941 4565 2014 4612 nou
2034 4555 2201 4624 utantur,
2236 4555 2270 4612 et

229 4642 323 4716 nibil
343 4645 597 4736 contemptius,
623 4639 716 4716 nihil
736 4645 993 4736 aspernabilius
1018 4667 1091 4712 esse
1110 4645 1224 4734 coepit
1278 4657 1388 4712 totum
1414 4644 1506 4711 vitae
1529 4667 1670 4712 cursum
1697 4632 1749 4712 eo'
1760 4645 1962 4714 institutum
1987 4657 2021 4714 et
2038 4660 2078 4712 eo
2094 4646 2269 4714 directum

227 4773 331 4832 vero,
379 4761 499 4818 sancto
542 4759 576 4814 et
618 4745 755 4814 sincero
798 4746 896 4814 cultu
934 4743 1021 4825 Dei,
1071 4769 1223 4837 veraque
1277 4741 1449 4827 habeant,
1481 4757 1521 4814 ιιι
1542 4769 1605 4834 ρει
1629 4747 1795 4828 studium,¹
1812 4769 1914 4815 verae
1942 4745 2143 4834 religionis,
2169 4769 2271 4816 exer·

230 4846 442 4938 Theologia.
502 4847 593 4918 Nam
617 4861 695 4937 post
717 4847 807 4916 illud
829 4847 983 4916 immane
1001 4861 1035 4916 et
1051 4841 1224 4916 horribile
1277 4848 1398 4916 citium
1424 4847 1521 4915 verbi
1545 4845 1631 4930 Dei,
1669 4851 1712 4914 ad
1739 4841 1830 4916 hanc
1855 4848 1990 4938 primae
2021 4847 2210 4916 creationis
2238 4863 2272 4919 ot

228 4953 337 5022 totius
367 4951 505 5038 generis
535 4945 682 5016 humani
723 4951 913 5032 damnum,
952 4971 1035 5018 veru
1068 4950 1222 5036 cognitio
1278 4947 1436 5017 coelestis
1453 4949 1694 5037 generositatis
1715 4953 1860 5019 redeant
1877 4950 2064 5039 originem.
2116 4947 2172 5020 Sit
2188 4973 2273 5020 sane

225 5051 312 5136 Dei,
345 5069 378 5122 et
404 5053 501 5122 uer-lii
525 5051 660 5134 diuini,
692 5065 727 5120 et
751 5051 811 5118 illa
841 5050 984 5138 vestigia
1015 5051 1223 5140 paradisiaci
1277 5045 1492 5138 Theologia,
1526 5075 1605 5118 cum
1622 5053 1773 5141 aucupio
1791 5054 2020 5122 cloccasione
2038 5051 2271 5142 pecuniarum

109 5227 117 5248 l
193 5156 400 5250 ·gymnasii
425 5168 631 5225 assenserunt
655 5153 692 5222 io
715 5152 850 5244 paucis.
902 5150 992 5219 Nam
1010 5175 1089 5220 cum
1107 5151 1222 5220 Adam
1277 5165 1409 5233 careat,
1437 5175 1515 5219 cum
1540 5167 1664 5222 ventos
1689 5155 2275 5242 etlumosillosmundanaeglo-

229 5275 305 5349 post
327 5258 464 5347 lapsum
487 5255 681 5342 erigeretur
716 5277 855 5336 rursus,
887 5253 1032 5321 oraculo
1065 5254 1224 5322 vivilicae
1277 5248 1600 5330 ciaenonhabeat,
1628 5255 1903 5339 contemptibilis
1919 5279 2035 5324 coram
2052 5249 2275 5339 hominibus,

227 5361 471 5454 promissionis
502 5359 664 5447 divinae,
699 5358 743 5424 de
773 5355 909 5424 semiue
940 5353 1003 5424 illu
1037 5355 1222 5425 benedicto
1277 5369 1312 5425 at
1342 5379 1447 5448 quam
1475 5355 1600 5444 ingens
1627 5370 1659 5424 et
1685 5357 1846 5426 infinitus
1871 5351 2056 5426 thesaurus
2077 5373 2129 5429 est
2151 5383 2272 5426 coram
