4646 5824
96 242 172 322 ass
482 237 644 322 naon
676 235 755 320 oa
787 235 996 318 orceo:
1038 227 1327 318 sarrana
1359 229 1750 316 bracarorum
1852 261 1881 308 s
2059 251 2158 332 754.

94 417 283 490 arnirersse
297 428 481 500 crsstusse
494 415 662 492 omnibus
675 413 812 506 angelis
832 427 867 488 et
883 409 1091 514 bominibus
1236 405 1441 482 ¹Dissimilis
1452 418 1502 478 est
1511 405 1620 497 igitur
1627 401 1784 482 Ecclesia
1799 409 1948 490 aliarum
1961 420 2131 510 gentium,

93 519 360 614 promulgavit?
409 518 489 590 Hoc
508 532 647 592 tautum
665 515 876 588 berulicium
899 518 1089 607 velasper-
1141 507 1224 604 quia
1238 510 1438 581 doctrinam
1455 503 1560 578 habet
1578 511 1622 579 de
1637 507 1703 581 Dei
1721 514 1871 585 essentia
1889 531 1923 588 et
1937 519 2130 608 voluntate,
2218 535 2225 552 ¹

91 623 195 706 nari,
231 622 287 690 vel
316 621 510 711 mugen,
540 620 701 692 omnium
723 618 894 688 ,celerum
910 618 1089 689 atrocissi-
1139 611 1305 682 traditam
1324 634 1410 680 voce
1432 607 1498 680 Dei
1516 611 1668 684 certiset
1690 613 1888 686 illustribus
1907 621 2129 712 testimoniis,
2259 681 2264 694 ,

92 749 193 808 marra
218 737 281 792 est.
338 722 413 794 Nec
436 722 532 792 enim
558 719 808 816 patefactioues
835 719 917 790 illae
939 717 1006 789 Dei
1032 721 1088 790 lo-
1138 735 1228 806 quae
1256 712 1441 796 discenda,
1474 712 1649 782 audienda
1674 727 1707 784 et
1729 719 1969 807 amplectenda
1991 737 2059 810 est,
2093 743 2128 800 st

90 825 235 919 quentis
256 847 337 896 cum
362 819 499 904 Adam,
531 845 612 894 cum
634 817 757 901 Nuba,
789 843 871 892 eum
892 815 1087 906 Abraham,
1137 837 1242 908 quam
1268 813 1361 884 nulli
1382 826 1562 884 creaturae
1589 827 1726 884 mutare
1749 815 1837 889 licet.
1897 819 2005 910 Quod
2029 827 2126 900 enim

90 921 326 1020 cumMoyse‘‚
352 947 432 996 urm
442 923 626 1008 Samuele,
650 919 894 1010 eumDavide,
919 945 999 992 cum
1012 919 1086 994 Da·
1137 914 1243 988 multi
1254 910 1417 986 homines
1431 913 1784 989 audacterlinxemnt
1795 920 1901 991 aliam
1914 924 2125 1016 doctrinam,

90 1029 208 1112 nie'le,
234 1039 268 1098 et
284 1026 413 1096 deinde
430 1021 564 1096 Christi
587 1023 664 1096 nati
685 1045 726 1094 ex
747 1023 885 1112 virgine
910 1037 944 1096 et
966 1023 1082 1115 palam
1136 1040 1230 1086 raova
1261 1017 1429 1101 murina,
1468 1027 1509 1086 ut
1539 1010 1727 1107 Orpbeus,
1765 1017 1958 1106 Hesiodus,
1996 1029 2126 1117 Arius,

91 1129 269 1202 versantis
283 1127 379 1200 inter
401 1127 568 1208 ludaeos,
600 1122 789 1196 conciones
812 1137 949 1196 tantum
971 1127 1017 1196 ad
1038 1124 1085 1194 il-
1136 1111 1401 1202 Machometus‚
1432 1129 1467 1187 et
1492 1117 1554 1186 alii
1579 1117 1857 1192 innumerabiles
1875 1119 1913 1196 bi
1929 1127 2009 1198 tetri
2023 1130 2125 1200 furo·

89 1233 146 1300 los
172 1229 415 1323 pertinebant,
448 1227 510 1321 qui
532 1227 693 1298 miranda
715 1225 916 1296 testimonia
937 1238 1023 1298 tunc
1045 1225 1084 1296 in
1135 1241 1190 1290 ces
1210 1243 1231 1288 a
1252 1220 1396 1290 diabolo
1418 1218 1487 1290 orti
1510 1232 1612 1306 sunt,
1642 1221 1706 1312 qui
1727 1236 1767 1292 ut
1791 1224 1912 1296 odium
1934 1250 2037 1300 suum
2060 1234 2124 1302 de-

89 1357 130 1402 re
145 1330 322 1422 praesenti
340 1329 542 1402 cernebant.
593 1324 650 1400 Ad
669 1349 735 1398 nos
759 1349 881 1398 omnes
896 1327 1085 1418 pertinent,
1134 1320 1258 1406 claret,
1297 1317 1412 1390 Deum
1441 1320 1548 1391 tantis
1573 1323 1798 1392 contumeliis
1822 1329 1970 1402 adlicere
1993 1335 2122 1408 studet.

89 1456 217 1504 omnes
253 1455 318 1524 pro
355 1427 417 1501 bis
439 1430 646 1520 ingentibus
682 1428 862 1500 beneficiis
890 1441 1084 1519 prostratos
1134 1419 1230 1492 Haec
1252 1423 1409 1513 exempla
1439 1421 1608 1510 fugienda
1633 1423 1737 1494 uobis
1760 1447 1834 1494 esse
1858 1428 2026 1516 sciamus,
2058 1459 2123 1506 nec

88 1534 206 1607 iacere
230 1557 349 1604 coram
370 1527 448 1602 Deo
469 1532 674 1624 oportebat,
703 1553 744 1600 ac
764 1530 893 1620 gratias
915 1530 948 1600 ei
969 1551 1083 1618 agere,
1133 1523 1377 1594 aliterdeDeo
1392 1522 1617 1592 sentiendum
1632 1546 1723 1610 esse,
1746 1550 1851 1619 quam
1868 1530 1958 1600 sicut
1973 1556 2009 1604 se
2025 1549 2123 1624 pate·
2208 1526 2213 1532 ⁶

87 1660 130 1708 ac
151 1636 329 1708 celebrare
350 1633 560 1704 immensam
583 1632 796 1716 bonitatem,
822 1632 918 1725 quod
940 1653 977 1702 se
1001 1627 1084 1702 huic
1133 1623 1231 1694 iecit:
1257 1623 1328 1693 imo
1345 1638 1386 1696 ul
1401 1624 1439 1694 ln
1454 1625 1534 1694 alvo
1552 1625 1673 1694 malrls
1688 1629 1926 1716 sedetfoetus,
1952 1633 2024 1702 suis
2041 1636 2123 1729 qui-

87 1736 240 1810 miserae
256 1729 602 1808 naturaebominum
619 1733 838 1825 patefecerit,
862 1755 1007 1827 eamque
1022 1753 1083 1802 ve-
1133 1725 1284 1796 busdam
1303 1727 1403 1819 quasi
1426 1725 1580 1827 fasciolis
1600 1725 1798 1808 involutus,
1831 1730 1878 1802 ita
1900 1747 2035 1806 mentes
2056 1761 2123 1808 no·-

87 1861 132 1910 ro
144 1861 266 1908 amore
280 1837 515 1930 complectise
528 1835 733 1906 ostenderit.
774 1835 964 1906 ldcoeuim
979 1855 1083 1904 man·
1132 1840 1224 1898 strae
1241 1820 1325 1898 buic
1339 1826 1520 1900 doctrinae
1534 1828 1635 1920 quasi
1650 1828 1832 1900 involutae
1847 1849 2026 1910 maneant.
2077 1835 2122 1908 lu

87 1940 210 2025 davit,
235 1939 347 2010 literis
361 1931 613 2028 comprehendi
631 1932 975 2028 haspatelactiones,
999 1936 1081 2008 ideo
1134 1923 1199 1998 bac
1214 1953 1283 2019 una
1301 1929 1447 2000 audiunt
1459 1928 1644 1998 nobiscum
1659 1929 1862 2022 loquentem
1874 1931 2006 2024 Deum,
2031 1939 2122 2013 sicut

87 2042 247 2114 instituit
282 2039 520 2110 ministerium
555 2037 815 2127 evangelicum,
853 2048 894 2106 nt
932 2037 1082 2108 mamus
1133 2053 1201 2100 vox
1216 2030 1350 2100 aeterni
1367 2029 1476 2122 patris
1491 2029 1623 2123 inquit:
1647 2027 1754 2102 Hunc
1770 2035 1899 2109 audite.

87 2165 232 2234 semper
246 2166 325 2214 eom
342 2154 375 2211 et
395 2139 528 2212 vermri
543 2140 584 2210 in
602 2135 778 2224 Ecclesia,
803 2151 838 2208 et
854 2137 987 2231 alloqui
1006 2161 1081 2218 nos,
1233 2130 1325 2204 Cum
1348 2131 1456 2222 igitur
1477 2127 1636 2202 Ecclesia
1658 2134 1842 2224 proprium
1860 2160 1970 2227 genus
1986 2140 2122 2212 doctri.

86 2258 125 2314 et
140 2247 187 2316 ad
201 2266 268 2316 nos
282 2265 405 2314 omnes
419 2241 597 2336 pertinere
613 2240 774 2311 omnium
798 2255 995 2334 temporum
1019 2263 1081 2333 pa-
1132 2257 1199 2304 nae
1214 2246 1345 2314 teneat,
1372 2233 1495 2324 procul
1512 2255 1626 2326 supra·
1637 2245 1669 2306 et
1687 2249 1782 2308 extra
1799 2231 1971 2310 humanae
1991 2244 2121 2315 mentis

86 2346 308 2422 sefacatoneq
547 2363 549 2367 ·
1132 2335 1283 2419 iudicia,
1315 2329 1584 2425 Philosophiam
1610 2349 1645 2408 et
1668 2337 1758 2428 leges
1778 2339 1950 2432 positum,
1982 2365 2121 2418 necesse

191 2445 274 2518 Non
290 2447 420 2518 imstra
436 2469 474 2517 se
489 2445 642 2518 ostendit
663 2440 955 2536 generi-lmmano
973 2441 1082 2534 Deus,
1132 2450 1183 2510 etl
1197 2461 1262 2508 110⁸
1271 2433 1450 2510 Ecclesiae
1464 2437 1574 2508 libros
1588 2435 1721 2528 legere,
1745 2442 1880 2514 discere
1894 2457 1931 2516 et
1945 2445 2122 2537 amplecti,

85 2573 164 2622 non
186 2550 401 2634 obscurum,
424 2571 499 2619 non
521 2549 599 2618 leve
621 2547 761 2637 signum
784 2548 915 2620 amoris
930 2563 981 2622 est
999 2571 1080 2640 erga
1132 2553 1168 2614 et
1188 2541 1312 2634 procul
1337 2563 1377 2612 ex
1401 2538 1530 2614 animis
1551 2539 1649 2610 illam
1672 2543 1958 2633 superbissimam
1977 2569 2121 2640 persua·

85 2675 176 2734 nos,
202 2651 296 2746 qood
320 2649 456 2742 prodiit
477 2647 596 2734 Deus,
627 2650 723 2740 quod
745 2671 812 2719 nos
830 2649 1005 2722 allocutus
1020 2663 1083 2736 ess,
1132 2644 1268 2712 sionem
1285 2641 1427 2714 eiiceres
1452 2665 1563 2737 quse,
1584 2656 1624 2714 ut
1638 2642 1810 2731 diximus,
1833 2648 2004 2736 somniat,
2027 2644 2122 2720 nibil

84 2754 183 2845 quod
220 2775 308 2822 voca
341 2773 404 2824 sua
438 2774 506 2822 nos
538 2751 576 2822 in
608 2750 719 2822 vitam
753 2773 793 2820 ex
824 2750 941 2821 media
966 2764 1081 2822 morae
1131 2767 1221 2835 opus
1237 2767 1310 2814 esse
1333 2739 1389 2814 bis
1404 2744 1525 2829 libris,
1549 2743 1632 2840 quia
1653 2745 1788 2839 alioqui
1805 2762 1970 2820 cematuc
1985 2745 2121 2839 ingenii

84 2867 243 2926 revocat.
1131 2845 1206 2917 acie
1228 2844 1390 2916 doctrina
1414 2846 1528 2916 vitae.⁴
1568 2843 1645 2916 lmo
1660 2869 1726 2916 nec
1744 2845 1892 2938 Angeli,
1917 2875 1982 2921 nec
2000 2845 2120 2922 horni-

162 2948 848 3043 ·.Neceaclemsuntdoctrinaegenera,
873 2947 1081 3046 utpropha·
1132 2969 1213 3033 nes,
1254 2945 1526 3040 promissionem
1561 2949 1877 3034 reconciliationis,
1919 2953 1995 3023 sine
2022 2967 2120 3045 pate-

82 3056 127 3126 ni
144 3050 310 3126 homines
324 3057 413 3126 falso
434 3056 654 3140 existimant,
688 3049 919 3146 Philosophia
943 3067 977 3126 et
999 3055 1080 3126 illae
1130 3049 1283 3122 factione
1312 3070 1416 3118 nosse
1448 3060 1653 3140 potuerunt.
1715 3046 1799 3122 ldco
1827 3049 1958 3139 Paulus
1988 3077 2054 3124 nos
2074 3059 2121 3126 ad

82 3157 340 3250 promissiones
355 3158 521 3228 derebus
539 3156 710 3241 aeternis,
735 3177 823 3250 quas
842 3156 989 3227 tradidit
1008 3152 1080 3227 Ec-
1131 3151 1318 3224 lectionem
1354 3151 1514 3220 deducit:
1559 3145 1758 3236 Attendite,
1791 3153 1927 3246 inquit,
1958 3156 2122 3242 lectioni,

83 3257 235 3344 slesise,
264 3283 345 3330 cum
376 3282 414 3328 se
436 3257 557 3348 generi
581 3254 738 3328 humano
765 3257 936 3332 ostendit.-
985 3253 1078 3328 Cum
1130 3252 1231 3346 quasi
1252 3251 1367 3322 dicat:
1400 3250 1452 3324 At
1475 3263 1609 3322 certum
1631 3275 1742 3342 genus
1764 3254 1955 3326 doctrinae·
1976 3257 2119 3348 alligata
2203 3257 2206 3264 ’

81 3357 204 3431 Adam
218 3371 397 3430 reusesset
405 3372 487 3430 ante
499 3360 656 3430 auditam
671 3359 969 3442 consolationem,
990 3359 1077 3454 quid
1129 3366 1181 3424 est
1202 3349 1359 3422 Ecclesia
1380 3349 1470 3437 Dei,
1502 3375 1567 3422 nec
1590 3353 1694 3424 nobis
1718 3356 1848 3444 fingere
1868 3357 1938 3427 alia
1958 3360 2119 3444 numina,

81 3459 293 3532 ratiocinari
309 3461 407 3531 aliud
423 3473 588 3551 poterant
608 3461 666 3528 vel
681 3461 798 3550 angeli
818 3461 874 3541 rel
891 3459 984 3550 ipse,
1007 3459 1078 3530 nisi
1129 3455 1217 3526 alios
1233 3451 1327 3525 Deos
1340 3455 1440 3538 licet,
1465 3467 1503 3522 ut
1519 3455 1697 3524 beraerunt
1711 3451 1897 3548 Orpbeus,
1928 3457 2118 3544 Hesiodus,

83 3558 156 3634 boc
170 3564 308 3653 ipsum,
332 3564 429 3656 quod
452 3564 553 3632 docet
568 3561 683 3632 ratio?
712 3559 820 3632 *Deras
836 3561 1078 3632 iustusetse-
1130 3551 1376 3634 Mabometu,
1411 3555 1543 3626 etalii.
1600 3551 1766 3626 Tradidit
1790 3559 1891 3628 vobis
1907 3556 2118 3631 'certissimis

82 3689 167 3745 rar,
198 3663 384 3735 minitatus
405 3663 552 3734 exitium
579 3657 664 3733 huic
681 3662 826 3752 generi,
860 3660 930 3732 iam
954 3664 1078 3754 perdet
1128 3656 1340 3730 testimoniis
1355 3650 1545 3728 biccarum
1560 3657 1741 3744 conditor,
1767 3659 1830 3752 qui
1845 3671 1927 3737 ve'rc
1941 3654 2038 3732 Deus
2052 3667 2117 3745 est,

82 3763 203 3836 Adam
220 3762 421 3856 etllevam,
446 3788 512 3834 nec
527 3766 707 3836 decoetum
723 3758 792 3834 boc
803 3763 967 3838 mutabit.
1007 3761 1077 3835 llic
1128 3783 1227 3830 suam
1243 3782 1365 3828 vocem
1379 3759 1581 3828 mandatam
1602 3757 1731 3830 literis:
1765 3755 1857 3832 hanc
1876 3764 1954 3833 vult
1972 3787 2117 3836 nosau-

82 3867 241 3956 cogitate¹
255 3885 404 3959 quaeso,
438 3879 571 3960 quanto
597 3865 636 3934 in
667 3866 792 3936 dolore
813 3865 947 3937 suerint
970 3865 1077 3957 primi
1108 3862 1226 3946 dire,
1258 3857 1343 3931 baec
1367 3860 1493 3951 scripta
1517 3854 1776 3950 Prophetarum
1806 3876 1841 3934 et
1861 3860 2116 3956 Apostolorum

81 3979 269 4061 parentes,
296 3967 371 4038 acie
393 3968 522 4038 mentis
543 3981 629 4038 tunc
651 3967 867 4052 voluntatem
884 3964 952 4036 Dei
965 3967 1076 4056 magis
1128 3963 1254 4053 legite,
1285 3979 1325 4032 ex
1348 3955 1406 4032 bis
1426 3961 1559 4062 sumite
1573 3963 1776 4033 ¹doctrinam
1807 3965 1851 4034 de
1872 3966 2053 4038 voluntate
2081 3982 2116 4039 et

75 4082 288 4154 cernentes,
319 4091 425 4162 quam
458 4091 523 4138 nos
551 4063 695 4140 hebetes
720 4081 754 4139 et
777 4068 910 4137 infirmi
932 4089 1076 4142 cernere
1127 4064 1276 4135 essentia
1289 4061 1375 4134 Dei:
1402 4057 1493 4132 banc
1508 4076 1582 4132 toto
1598 4071 1738 4154 pectore
1754 4066 2027 4156 amplectimini,
2050 4075 2115 4140 nec

79 4175 290 4265 possumus..
334 4169 406 4242 Sed
417 4171 456 4240 in
472 4165 540 4240 boc
554 4170 677 4240 dolore
692 4183 726 4240 et
737 4168 776 4238 in
790 4169 964 4240 vestilualo
979 4192 1075 4240 mor·
1128 4167 1174 4235 ab
1206 4189 1246 4236 ea
1277 4163 1383 4234 avelli
1415 4185 1479 4234 vos
1501 4163 1598 4232 ullis
1623 4165 1704 4234 aliis
1735 4165 1966 4262 opinionibus
1999 4171 2114 4241 sinite.

80 4275 131 4346 tis
147 4295 229 4344 cum
253 4285 385 4356 essent,
409 4291 533 4342 rursus
548 4272 719 4340 immensa
744 4271 903 4340 bonitate
921 4271 1076 4342 ostendit
1127 4266 1377 4358 Quaecunque
1389 4265 1457 4336 alia
1477 4264 1662 4335 doctrinae
1676 4283 1809 4356 ‘genera
1835 4271 1880 4340 de
1902 4266 1978 4340 Deo
1995 4294 2114 4363 sparsa

81 4372 247 4446 selleus:
275 4373 561 4466 alloquitureos,
592 4373 708 4463 arguit
724 4381 923 4463 peccatum,
949 4386 984 4443 et
1001 4373 1077 4444 edit
1126 4369 1317 4441 suntinter
1335 4361 1517 4451 homines,
1544 4383 1907 4459 quaepagnantcum
1931 4370 2115 4466 propheti.
2245 4392 2258 4431 .·

82 4475 357 4568 promissionem
379 4476 423 4544 de
447 4476 628 4545 reddenda
658 4474 748 4545 vita:
779 4473 894 4544 immo'
912 4486 948 4544 et
971 4473 1076 4546 vestit
1127 4469 1177 4542 cis
1191 4482 1226 4542 et
1248 4467 1626 4561 apostolicisscriptis‚
1649 4471 1732 4542 tetri
1748 4483 1783 4541 et
1796 4472 1964 4543 diabolici
1976 4475 2115 4546 furores
2214 4525 2218 4539 .

81 4574 178 4648 banc
201 4577 271 4646 ia'm
294 4575 523 4648 deformatam
545 4591 729 4660 naturam,
761 4576 861 4668 quasl
885 4576 958 4667 ipsa
980 4589 1075 4646 veste
1127 4585 1230 4650 suut,
1255 4567 1478 4642 horribiliter
1498 4567 1607 4640 aDeo
1623 4572 1792 4642 damnati.
1843 4572 1893 4645 Ut
1905 4575 2016 4665 igitur
2030 4579 2115 4647 uni..

82 4679 285 4770 significans
299 4701 429 4747 novam
446 4687 625 4761 naturam,
648 4698 738 4770 quae
751 4699 818 4746 nos
831 4687 1073 4771 postmortem
1127 4699 1165 4744 ca
1180 4687 1214 4746 et
1227 4697 1310 4744 vera
1322 4672 1483 4744 doctriua
1499 4668 1627 4742 deDeo
1643 4685 1735 4744 extet
1747 4673 1784 4744 in
1802 4697 1930 4765 genere
1945 4672 2113 4764 humano,

82 4783 471 4854 circundatomsesset.
522 4774 570 4850 Et
582 4773 674 4848 banc
683 4777 953 4869 promissionem
966 4778 1076 4850 scribi
1127 4793 1268 4846 necesse
1296 4787 1350 4844 est-
1374 4773 1562 4858 custodiri,
1594 4773 1758 4859 retineri,
1789 4775 1876 4866 legi,
1905 4777 2012 4863 disci,
2046 4775 2113 4850 bos

82 4881 219 4964 voluit,
241 4884 287 4952 de
303 4877 370 4954 bac
384 4881 617 4974 promissione
634 4880 748 4972 palam
761 4878 856 4950 tilius
868 4881 973 4950 nobis
988 4905 1076 4952 con·
1126 4880 1222 4970 ipsos
1234 4879 1346 4947 libros
1360 4869 1585 4968 propheticos
1602 4889 1637 4946 et
1652 4877 1881 4968 apostolicos,
1907 4879 1971 4973 qui
1990 4903 2036 4950 ne
2050 4883 2112 4950 de-
2211 4959 2215 4964 ¹

84 4987 325 5069 monstrascet,
350 4988 384 5053 'et
397 4987 605 5074 perpetuum
618 4981 656 5050 in
665 4978 822 5052 Ecclesia
837 4981 1074 5053 ministerium
1126 4982 1284 5061 leantur,
1308 4975 1406 5050 Deus
1429 4976 1664 5048 ministerium
1684 4974 1937 5069 Evangelicum
1955 4982 2114 5054 etinsti-

83 5083 194 5158 huius
217 5086 314 5154 vocis
335 5084 537 5155 institutum
560 5095 629 5167 est,
660 5084 757 5176 quod
783 5097 884 5154 sonat
904 5093 979 5152 non
996 5093 1076 5154 tan-'
1126 5083 1197 5155 tuit
1210 5094 1245 5151 et
1260 5093 1394 5165 servat,
1423 5091 1463 5150 ut
1479 5099 1617 5170 semper
1632 5074 1847 5150 vorborum
1864 5082 2038 5154 librorum
2056 5085 2114 5154 in-

84 5203 161 5258 turn
179 5179 307 5276 legem,
331 5188 393 5257 secl
411 5180 502 5256 banc
524 5184 797 5276 promissionem
816 5183 1076 5256 recondunto·
1127 5199 1181 5254 ter
1215 5179 1379 5255 homines
1411 5193 1523 5254 sonet.
1568 5177 1670 5250 <lano
1701 5193 1742 5252 ut
1772 5183 1845 5252 sint
1874 5184 2015 5278 aliquae
2046 5185 2114 5258 Dei
2186 5251 2189 5258 .

84 5289 140 5360 nis
164 5301 199 5360 et
222 5287 317 5358 vitae
338 5293 517 5359 aeternae:
544 5307 649 5380 qoam
668 5286 769 5355 nulla
785 5299 944 5360 creatora
959 5287 1075 5358 vldis-
1128 5281 1384 5370 bibliothecae,
1416 5305 1553 5374 semper
1573 5282 1709 5374 aliquas
1726 5283 1866 5374 politius
1881 5286 2052 5370 serravit,
2073 5289 2114 5358 in

85 5406 156 5478 set,
183 5389 255 5460 nisi
268 5385 365 5460 Deus
382 5389 457 5481 ipse
472 5409 548 5457 eam
566 5387 834 5477 promulgasset.
886 5399 891 5408 '
1128 5387 1259 5481 quibus
1277 5383 1336 5460 hic
1360 5383 1545 5464 thesaurus
1560 5383 1756 5456 custoditus
1769 5399 1832 5460 est.
1879 5385 1953 5460 Nec
1975 5413 2115 5461 eversae

59 5487 62 5495 ¹
135 5491 613 5562 blacarru.0rrn.Vos.Xl.
1633 5481 1682 5556 48
1725 5512 1726 5522 ¹
2150 5499 2154 5511 “
