4718 5828
85 196 134 273 86
824 188 987 272 DECL.
1018 188 1094 268 DE
1121 191 1389 277 LEGIBUS,
1758 202 1762 214 “
2070 201 2121 278 86

84 372 230 468 quidem
260 369 471 464 conngione
501 366 869 463 pestilentissimamm
894 365 1080 438 literarum
1129 369 1333 444 clesiastica.
1383 365 1479 440 Huic
1500 368 1660 462 proxima
1683 384 1755 460 est,
1780 371 1836 444 ius
1855 373 1990 462 dicere,
2013 400 2121 470 quam

85 501 159 546 uon
176 475 289 548 inlici.
1127 471 1275 543 sirecte
1299 471 1464 563 gesseris,
1497 495 1602 542 nemo
1625 470 1845 562 Monachus,
1878 501 1983 548 nemu
2008 476 2122 552 Herc·

49 659 55 666 Ι
185 577 345 648 Proinde
367 599 448 646 cum
468 575 568 647 nulla
589 572 738 644 meliore
760 569 950 663 disciplina
967 568 1080 641 animi
1129 573 1214 644 mita
1239 573 1421 666 superiore
1441 587 1492 644 est
1506 576 1599 666 apud
1616 573 1730 646 Deum
1746 575 1836 652 loco.
1886 575 2121 673 Propbanum

82 683 127 752 ad
140 681 313 750 virtutem
328 678 511 750 assuefacti
527 677 616 754 sint,
644 669 736 744 nibil
752 673 861 765 pudet
877 673 915 741 in
931 686 1079 766 quaestu
1129 699 1259 746 munus
1282 687 1352 758 est,
1375 677 1436 746 sed
1459 677 1556 769 quod
1577 701 1651 746 non
1669 677 1787 750 minus
1800 681 1962 774 religiose
1978 684 2121 754 tractari

82 785 138 854 ius
164 777 318 868 habere,
351 780 478 852 vitiare
508 780 620 869 leges,
654 779 865 870 detorquere
892 775 1079 847 malitiosis
1128 791 1284 870 oportet,
1316 801 1424 872 quam
1452 780 1498 848 ad
1526 803 1622 848 aram
1650 783 1887 856 accedendum
1907 797 1959 855 est
1982 809 2121 856 sacrum

81 883 451 978 interpretationibus,
477 881 644 974 inquam
669 879 796 948 volunt
811 889 959 969 partem.
1011 875 1078 948 So·
1128 879 1292 950 lecturis:
1319 877 1396 950 lmo
1422 873 1481 949 hic
1504 903 1585 952 rere
1608 904 1747 952 sacrum
1768 885 1872 972 lacis,
1897 909 1978 956 cum
2001 887 2122 978 publi-

84 988 204 1056 lonem
218 978 604 1068 relertDemostbenes,
624 1005 704 1050 cum
717 1003 818 1052 rcum
834 991 952 1070 ageret
967 1001 1078 1074 quen·
1128 1005 1188 1052 cae
1204 981 1456 1075 tranquillitati
1470 983 1600 1074 acpaci
1615 1009 1758 1076 operam
1773 1010 1892 1056 navas.
1941 985 2025 1076 Quo
2040 987 2122 1080 plu·
2219 1049 2221 1064 ,

83 1091 165 1159 dam
187 1087 409 1180 perniciosae
431 1085 518 1176 legis
536 1097 713 1168 autorem,
738 1081 883 1152 dixisse:
910 1077 1003 1152 Cum
1018 1104 1079 1150 ca·
1128 1084 1177 1154 ris
1198 1097 1315 1155 autem
1340 1079 1408 1153 hoc
1432 1083 1539 1153 officii
1560 1081 1657 1156 Deus
1680 1087 1783 1172 facit,
1812 1112 1853 1158 eo
1876 1103 1959 1162 suut
1981 1112 2122 1162 execra-

83 1191 190 1282 pitale
212 1190 260 1260 sit
281 1189 456 1259 nomisma
479 1186 697 1269 adulterare,
723 1195 837 1254 morte
854 1183 1079 1253 mulctandos
1128 1185 1286 1270 biliores,
1312 1184 1374 1278 qui
1390 1185 1567 1276 publicam
1582 1188 1620 1255 in
1634 1185 2123 1284 lorosycophanticamexer-

84 1316 158 1362 esse
180 1293 288 1362 etiam
313 1314 390 1376 eos,
417 1289 587 1384 quileges
602 1286 747 1358 vitiant:
774 1283 966 1376 Propterea
982 1286 1078 1379 quod
1129 1301 1227 1373 cent,
1270 1289 1448 1358 bonorum
1481 1301 1694 1376 extortores,
1740 1293 1858 1380 legum
1891 1295 2123 1380 c'ontortores,

83 1407 127 1468 ut
149 1395 188 1464 in
213 1393 361 1485 privatis
386 1389 607 1462 commerciis
627 1413 667 1458 ac
689 1385 929 1458 contractibus
943 1387 1079 1458 nomis-
1128 1388 1191 1483 qui
1213 1390 1269 1458 vel
1289 1390 1337 1459 ob
1358 1383 1451 1458 hanc
1473 1413 1613 1460 causam
1636 1393 1776 1462 ferendi
1791 1417 1865 1464 non
1881 1409 1999 1480 erant,
2023 1397 2121 1489 quod

83 1510 178 1566 mate
201 1495 357 1580 utimur,
383 1493 431 1564 ita
454 1492 608 1584 publicis
629 1489 851 1560 commerciis
872 1501 907 1558 et
923 1489 1079 1578 negociis
1128 1515 1149 1562 a
1173 1489 1374 1562 civitatibus
1407 1485 1537 1562 horum
1557 1492 1691 1582 flagitia
1714 1491 1830 1565 Deum
1855 1519 1930 1566 nou
1954 1519 2035 1567 raro
2057 1499 2141 1568 ab·¹

82 1599 176 1689 leges
192 1619 268 1667 csse
282 1595 504 1666 nomismatis
519 1595 605 1664 vice.
659 1589 769 1663 Recte
785 1589 908 1664 solon.
959 1589 1078 1684 Atque
1128 1591 1301 1673 alienent,
1327 1592 1480 1682 graviter
1495 1609 1757 1666 succensentem
1772 1599 2008 1689 constupratis
2025 1599 2122 1670 iudi-

81 1703 222 1772 utinam
237 1723 279 1769 eo
294 1701 414 1768 redeat
428 1720 495 1781 res,
520 1709 560 1766 ut
578 1707 613 1764 et
629 1693 668 1762 in
681 1693 810 1764 nostris
821 1692 963 1762 iudiciis
975 1703 1079 1783 petu-
1129 1693 1204 1766 ciis.
1254 1691 1368 1764 Porro
1384 1717 1464 1763 cum
1482 1719 1555 1764 nou
1570 1695 1763 1768 dissideant
1777 1724 1856 1769 cum
1872 1701 2000 1792 pietate
2019 1701 2122 1791 leges,

80 1803 217 1887 tantia,
269 1801 562 1893 impudentisque
597 1795 805 1866 tabularum
841 1790 1079 1880 coherceatur,
1128 1809 1163 1866 et
1184 1817 1252 1867 usu
1275 1808 1433 1887 receptae
1457 1797 1546 1880 sint,
1573 1793 1666 1867 nihil
1689 1823 1870 1872 moremur
1893 1825 1973 1886 eos,
1999 1804 2062 1896 qui
2085 1827 2122 1888 se

81 1906 277 1974 mulctetur
298 1901 413 1972 dolus.
470 1899 510 1970 ld
534 1901 622 1969 adeo
644 1897 723 1978 liet,
749 1895 814 1966 ubi
834 1897 879 1964 ad
900 1893 1078 1987 Rempub.
1130 1898 1345 1968 insectandis
1366 1897 1531 1969 civilibus
1549 1900 1707 1970 moribus
1722 1903 1766 1970 ad
1784 1904 1909 1994 vulgus
1925 1906 2120 1978 venditant.

82 2007 172 2077 boni
193 2005 265 2074 viri
286 2005 477 2083 adcedent,
504 2000 616 2072 literis
638 2012 673 2069 et
694 1997 896 2088 cognitione
914 1997 1005 2068 iuris
1021 1998 1078 2066 iu·
1127 1998 1218 2070 Nam
1242 2000 1317 2068 sine
1339 2000 1482 2091 publica
1499 2001 1695 2074 calamitate
1712 2017 1867 2094 receptas
1882 2005 1975 2095 leges
1990 2007 2122 2078 mutari

81 2108 228 2193 structi,
255 2105 386 2201 quibus
401 2104 460 2176 isti
475 2105 659 2194 imponere
675 2123 739 2170 nec
756 2099 894 2184 ausint,
917 2123 982 2170 nec
997 2121 1079 2190 pos-
1129 2124 1203 2172 non
1225 2123 1346 2192 posse,
1378 2113 1414 2170 et
1435 2125 1491 2172 res
1513 2104 1632 2188 docet,
1659 2118 1693 2174 et
1714 2106 1966 2196 sapientissimi
1989 2109 2121 2202 quique

81 2212 165 2280 sint.
218 2207 343 2302 ltaque
363 2205 519 2297 Reipub.
543 2205 707 2282 interest,
733 2213 773 2270 ut
795 2201 921 2291 optimi
944 2201 1077 2295 quique
1129 2214 1356 2276 monuerunt.
1407 2199 1560 2274 Extabat
1585 2207 1679 2296 apud
1701 2204 1836 2278 Locros
1860 2209 1899 2276 in
1922 2209 2121 2302 beneron-

81 2327 114 2384 et
136 2312 284 2382 virtutis
298 2307 530 2380 amantissimi
546 2305 601 2374 ius
617 2303 836 2395 perdiscant,
862 2317 902 2378 ut
917 2303 947 2372 si
963 2326 1078 2396 quan·
1128 2303 1248 2376 stituta
1264 2304 1425 2390 civitate,
1451 2327 1491 2374 ca
1507 2307 1603 2376 dere
1620 2307 1697 2392 lex,
1719 2321 1760 2378 ut
1778 2309 1939 2403 quisquis
1954 2312 2132 2382 adversus

80 2419 126 2484 do
151 2413 337 2504 publicum
362 2433 493 2480 munus
509 2407 731 2478 tractandum
751 2418 820 2484 est,
846 2420 1077 2492 rectegeren-
1128 2419 1283 2496 receptas
1309 2405 1403 2496 leges
1424 2407 1645 2496 rogationem
1667 2409 1795 2494 ferret,
1830 2411 1959 2480 iseum
1986 2411 2119 2484 inserto

81 2517 146 2585 dae
162 2512 369 2609 provinciae
381 2529 473 2582 artes
486 2520 640 2580 teneant.
688 2505 863 2576 Videmus
877 2507 973 2576 euim
989 2529 1079 2600 quos
1129 2509 1166 2578 in
1181 2507 1348 2602 laqueum
1362 2509 1454 2578 collo
1471 2509 1646 2578 suaderet:
1668 2533 1757 2604 quae
1773 2511 1804 2580 si
1820 2512 2122 2588 videbatureRe-

82 2619 187 2689 ludos
208 2615 420 2707 Rebusp'ub.
450 2613 584 2705 ubique
607 2607 838 2698 Magistratus
863 2607 1020 2699 imperiti
1045 2623 1079 2678 et
1129 2611 1215 2702 pub.
1237 2631 1330 2695 esse,
1362 2611 1480 2680 salvus
1502 2612 1670 2682 evadebat
1690 2626 1809 2691 autor:
1836 2617 2123 2706 strangulabatur

8 2767 9 2772 κ
81 2719 224 2790 indocti
247 2718 419 2801 reddant,
444 2737 553 2808 quos,
577 2711 727 2782 utboni
751 2710 840 2793 sint,
864 2733 1004 2779 necesse
1027 2725 1079 2781 est
1129 2723 1247 2782 autem
1268 2711 1457 2782 constricto
1480 2712 1625 2805 laqueo,
1655 2714 1717 2784 ubi
1740 2715 1854 2786 oratio
1876 2716 2122 2807 displicuisset.

80 2823 196 2894 multa
229 2821 391 2890 incautos
413 2839 573 2908 peccare,
599 2827 633 2882 et
658 2827 775 2882 tamen
795 2811 870 2880 lere
892 2811 939 2880 ita
956 2811 1013 2897 lit,
1037 2823 1079 2882 ut
1128 2810 1251 2905 Neque
1280 2813 1430 2884 dubium
1461 2826 1532 2895 cst,
1565 2813 1654 2908 quin
1679 2815 1716 2884 id
1740 2816 1789 2885 ita
1812 2818 2042 2906 constitutum
2066 2819 2123 2906 sit,

82 2925 279 2995 deteriores
293 2921 385 3005 sint,
411 2943 481 3012 quo
497 2930 579 2988 sunt
594 2913 820 2984 indoctiores.
1128 2936 1173 2983 ne
1199 2929 1330 2986 temere
1352 2914 1608 2987 inducerentur
1626 2939 1695 2988 usu
1716 2917 1958 3005 confirmatae,
1990 2921 2121 3012 proba·
2160 2910 2164 2916 ’

186 3023 273 3097 Dixi
297 3025 340 3094 de
363 3021 519 3112 legibus,
544 3015 686 3106 longius
707 3016 872 3100 fortasse,
900 3037 1007 3106 quam
1024 3011 1076 3082 le·
1128 3030 1253 3109 taeque
1273 3017 1450 3086 maiorum
1467 3016 1601 3088 iudicio
1617 3018 1720 3109 leges.
1773 3015 1822 3090 Et
1836 3014 1989 3094 Athenis
2005 3045 2122 3116 νομο-

82 3133 184 3204 rebat
209 3141 368 3218 tempus,
394 3123 456 3192 sed
477 3119 626 3191 omnino
649 3115 808 3208 parcius,
833 3139 941 3210 quam
965 3129 1000 3188 et
1022 3137 1078 3184 res
1128 3110 1292 3212 φύλακος
1317 3131 1439 3203 erant,
1471 3119 1535 3212 qui
1557 3121 1652 3212 apud
1675 3122 1868 3211 praelectus
1890 3122 1930 3191 in
1953 3126 2122 3196 omnibus
2169 3157 2173 3165 ¹
2220 3203 2223 3218 ,

82 3231 217 3326 poscit,
248 3241 283 3298 et
306 3249 370 3316 ego
393 3225 568 3296 volebam.
633 3217 831 3311 Reliquum
852 3229 921 3303 est,
953 3228 995 3288 ut
1018 3239 1077 3286 eos
1128 3219 1280 3310 publicis
1307 3219 1486 3304 conciliis,
1518 3221 1678 3290 candidis
1705 3222 1821 3292 fasciis
1844 3227 2004 3296 coronati
2026 3227 2137 3298 adsi-·

82 3336 146 3430 qni
173 3333 213 3401 in
243 3329 382 3419 legibus
411 3337 616 3408 versantur,
648 3315 835 3404 adhorter,
865 3333 906 3389 ut
935 3333 1077 3390 strenue
1128 3321 1276 3406 debant,
1300 3336 1341 3392 ut
1362 3316 1612 3414 prohiberent,
1638 3347 1684 3393 ne
1707 3324 1794 3418 quid
1818 3339 1939 3396 contra
1966 3319 2121 3418 receptas

82 3445 253 3531 pergant,
279 3455 345 3500 nec
366 3453 385 3498 e
409 3426 526 3496 medio
550 3447 656 3496 cursu
678 3423 835 3491 revocari
860 3445 897 3490 se
913 3421 1077 3490 indocto·
1126 3423 1220 3512 leges
1249 3424 1513 3494 decerneretur:
1554 3421 1719 3519 Denique
1741 3439 1788 3496 —ut
1817 3451 1976 3520 quaeque
1997 3430 2121 3500 civitas

82 3561 164 3610 rum
179 3536 330 3604 vocibus
346 3529 538 3622 patiantur.
590 3524 681 3595 Nam
698 3545 778 3592 cum
798 3521 930 3592 iudicia
948 3523 1078 3612 adpro-
1128 3524 1260 3613 optime
1281 3526 1471 3594 constituta
1493 3525 1579 3605 fuit,
1604 3527 1653 3594 ita
1677 3526 1825 3595 minime
1846 3551 1944 3619 passa
1962 3544 2013 3600 est
2028 3533 2121 3621 leges

81 3644 141 3712 bet
163 3637 311 3727 religio,
338 3657 414 3702 non
428 3631 535 3699 modo
552 3652 625 3697 non
642 3625 814 3716 impium,
841 3625 899 3692 sed
918 3636 1076 3693 sanctum
1127 3625 1318 3716 antiquari.
1369 3623 1525 3696 Proinde
1549 3649 1616 3714 nos
1638 3651 1780 3721 quoque
1794 3630 1977 3719 publicum
1993 3631 2048 3700 ius
2064 3634 2120 3703 di·

82 3745 191 3813 etiam
215 3736 371 3809 officium
395 3732 550 3817 faciunt,
583 3727 645 3822 qui
667 3728 734 3796 rite
758 3726 803 3794 de
829 3725 907 3796 iure
930 3747 1077 3814 respon·
1127 3725 1276 3816 ligenter
1299 3738 1480 3811 tueamur,
1505 3729 1710 3819 praesertim
1735 3753 1814 3798 cum
1838 3727 1975 3802 Romae
1997 3747 2120 3806 natum

82 3849 182 3927 dent,
206 3853 341 3912 autres
355 3835 524 3906 iudicant.
565 3827 733 3921 Plerique
744 3839 973 3920 posteaquam
985 3820 1078 3894 hanc
1127 3828 1190 3912 sit,
1215 3827 1254 3896 in
1270 3827 1430 3919 principe
1448 3829 1545 3900 orbis
1561 3842 1736 3900 terrarum
1752 3828 1894 3922 Repub.
1907 3833 1945 3902 in
1963 3837 2121 3924 pruden-

82 3947 235 4017 inducre
255 3938 538 4034 persuasionem,
562 3933 698 4002 versari
719 3953 755 3998 se
773 3928 813 3998 iu
828 3953 865 3998 re
881 3923 1079 4020 prophana,
1127 3928 1344 4000 tissimorum
1369 3944 1404 4000 et
1429 3929 1713 4000 doctissimorum
1740 3927 1925 4004 hominum
1950 3938 2121 4024 conciliis,
2238 3981 2243 3986 ·

83 4061 243 4141 etquam
257 4041 355 4114 Deus
371 4035 465 4108 nihil
480 4049 660 4118 moretur,
682 4032 823 4100 minore
839 4031 907 4099 lide
924 4053 1077 4122 curaque
1127 4053 1279 4124 quorum
1301 4054 1376 4100 non
1400 4033 1508 4100 modo
1523 4031 1646 4101 literae
1662 4055 1729 4102 nos
1745 4035 1848 4126 aequi
1865 4049 1898 4106 et
1914 4036 2029 4130 iniqui
2046 4041 2121 4116 dig.

81 4171 215 4220 munus
230 4167 336 4216 suum
349 4144 495 4212 obeunt.
538 4135 616 4216 Hos
630 4131 831 4204 meminisse
844 4133 939 4216 volo,
961 4129 1076 4202 Deum
1127 4132 1261 4201 crimen
1295 4134 1440 4213 docent,
1473 4133 1533 4202 sed
1562 4134 1720 4225 exempla
1746 4135 1853 4204 etiam
1877 4150 1911 4206 et
1933 4162 1990 4208 res
2019 4165 2120 4232 prae.

82 4267 116 4324 et
131 4251 225 4322 iuris
240 4263 398 4318 autorem
413 4265 497 4327 esse,
516 4253 550 4310 et
565 4236 743 4306 vindicem
755 4235 928 4304 futurum.
968 4231 1076 4302 Libra
1127 4233 1219 4303 clare
1256 4247 1390 4324 gestae,
1435 4235 1479 4304 ad
1512 4233 1655 4308 virtutis
1684 4235 1844 4310 studium
1872 4235 2118 4316 adhortantur.

83 4368 118 4426 et
145 4352 310 4447 pondus,
349 4343 467 4438 inquit
495 4341 687 4418 Salomon,
721 4336 854 4406 iudicia
883 4331 949 4404 Dei
984 4347 1077 4407 sunt.
1127 4333 1222 4411 Dixi.

82 4455 204 4546 Quare
228 4447 370 4544 siquid
394 4446 559 4538 iniquum
582 4438 764 4518 statueris,
791 4462 866 4507 non
889 4429 1076 4506 hominum

80 4571 225 4629 tantum
248 4573 366 4624 mores
389 4547 516 4617 violari
540 4545 678 4636 credas,
711 4543 770 4609 sed
794 4539 930 4620 Deum,
962 4559 1077 4630 aquo
1140 4585 2109 4609 mmm-*m

81 4659 217 4732 iudicia
241 4651 430 4726 constituta
445 4661 546 4732 sunt,
572 4641 706 4715 offendi
723 4643 863 4714 sentias.
913 4638 994 4708 Non
1010 4634 1077 4708 ho-

79 4763 212 4845 minis,
242 4757 292 4828 ait
319 4753 475 4846 optimus
504 4747 673 4838 Princeps
697 4739 880 4836 losephat,
912 4741 1077 4810 exercetis
1126 4755 1188 4830 N„
1205 4755 1239 4826 8,
1947 4792 1995 4832 m·
2013 4771 2108 4836 1525.

80 4865 278 4945 iudicium,
304 4858 364 4927 sed
374 4853 455 4925 Dei:
483 4854 582 4922 adest
601 4859 776 4942 spectator
797 4859 830 4914 et
844 4844 977 4912 arbiter
990 4867 1076 4912 con·
1125 4855 1254 4878 ‘W
1941 4861 2113 4889 m

81 4968 247 5037 siliornm
272 4971 470 5030 vestrorum
495 4949 693 5070 Deus:·Sit
716 4948 824 5018 timor
845 4944 1075 5064 Dominivo-
1271 4971 1435 5092 praef
1460 4977 1510 5060 in
1536 4973 1708 5094 Officia
1734 4979 1976 5071 Ciceroni&

80 5070 239 5151 biscum,
268 5073 430 5132 accurate
453 5081 527 5126 rem
552 5067 673 5144 gerrte.
725 5049 805 5120 Hoc
827 5073 910 5118 vero
933 5049 1076 5118 divinus
1716 5067 1720 5074 ·

81 5173 229 5263 spiritus
259 5161 445 5236 oraculum
475 5181 550 5227 non
580 5155 634 5224 llll
663 5165 801 5223 lanium
832 5150 967 5234 seculo,
1015 5149 1077 5216 sed
1195 5170 1278 5238 Apud
1294 5169 1368 5225 C'rat.
1387 5167 1457 5241 Myl.
1480 5189 1507 5240 p.
1521 5170 1572 5224 712
1592 5191 1666 5243 sqq„
1695 5171 1723 5227 in
1737 5174 1891 5232 Declamat.
1910 5181 1944 5235 Τ.
1959 5179 1993 5238 ll.
2010 5201 2036 5253 p.
2055 5188 2121 5244 tot..

80 5273 252 5344 omnibus
273 5265 339 5362 qui
358 5261 563 5356 ubiqueiul
580 5257 723 5342 dicunt,
750 5253 918 5346 Pf⁰dldlh
968 5247 1075 5319 N¹²ll³
1227 5238 1627 5428 licilidiilogiiddprbidia
1641 5243 2123 5388 heiledidipiidtiilon-emibiiilii

8 5449 10 5478 ‚
82 5361 649 5447 canedorinterrislunctioest,
674 5381 779 5452 quam
796 5347 991 5449 οἰκονομία
1006 5347 1076 5423 Εο-
1233 5379 1345 5433 adanu.
1360 5377 1435 5434 152.
1459 5449 1521 5520 6*
