4616 5816
182 267 259 344 sao
366 233 368 242 ’
738 253 899 340 nucu
930 257 1007 338 on
1038 255 1320 337 nacoano
1353 257 1656 354 suaviae,
2148 271 2227 344 sao

182 440 265 512 illos
286 435 513 516 floruissent,
538 431 689 504 minime
710 432 833 506 idonei
857 435 903 506 sd
926 433 1178 529 imperandum
1227 434 1297 506 sibi
1318 433 1357 504 in
1379 433 1469 505 alios
1491 434 1674 506 vindicare
1694 451 1858 531 possent,
1880 463 1963 512 nam
1986 436 2131 515 hocius
2155 443 2228 514 im·

181 541 252 614 visi
265 539 429 612 fuissent.
460 533 603 610 Etenim
619 549 661 607 ut
676 559 751 608 non
766 536 807 606 in
822 537 949 631 quovis
964 539 1041 609 solo
1058 539 1178 629 fruges
1227 536 1318 630 perii
1335 537 1375 606 in
1392 537 1497 608 terris
1519 559 1658 632 semper
1678 539 1765 628 tuit,
1789 565 1915 634 cogere
1935 545 1979 614 ad
2004 547 2226 639 parcendum

181 655 397 726 nascuntur,
428 639 477 710 ita
499 662 574 710 non
596 639 731 734 ubique
755 639 841 710 boni
858 640 928 710 viri
952 641 1177 733 pmveniunt.
1227 639 1310 710 illos
1337 661 1428 734 quos
1457 639 1528 711 tuis
1557 639 1743 712 laboribus
1767 655 1862 735 tegas
1887 661 1922 718 et
1942 661 2077 734 serres,
2113 647 2228 720 Soevi

183 748 254 820 Sed
276 744 330 814 ibi
351 755 489 814 tantum
509 741 574 812 nbi
596 741 702 811 bonis
730 741 868 832 legibus
889 766 929 812 ac
951 743 1113 814 moribus
1133 745 1177 812 ad
1227 742 1428 814 libertatem
1442 741 1611 813 omnibus
1632 743 1861 840 relinquunt,
1887 749 2102 844 quibusdam
2117 751 2228 821 etiarn

183 849 352 939 virtutem
375 868 416 914 ac
430 846 537 914 decus
560 843 752 928 invitatur,
779 857 814 916 et
830 846 979 916 adsucfit
1000 845 1178 917 iuventus.
1228 844 1322 914 bello
1341 843 1445 914 victis
1468 843 1632 915 amissam
1652 847 1902 922 restituerunt:
1935 865 2070 923 etcum
2093 853 2229 924 iaciant

183 950 277 1041 Quis
292 961 391 1040 putet
407 949 503 1014 enim
520 945 639 1016 Mileti
654 959 714 1017 ant
729 946 849 1018 Sibari
865 949 904 1016 in
919 969 1059 1019 summo
1079 949 1178 1030 luxu,
1228 945 1388 1017 infinitos
1415 959 1595 1040 sumptus,
1628 947 1838 1045 laboresque
1864 955 2038 1024 maximos
2062 956 2230 1040 subeant,

118 1066 120 1069 ’
183 1055 279 1123 inter
293 1048 496 1142 turpissima
513 1049 682 1140 exempla,
699 1049 738 1117 in
756 1049 908 1120 maxima
925 1050 1082 1134 licentia,
1103 1051 1178 1120 ior·
1228 1049 1329 1119 nulla
1354 1063 1472 1119 nmen
1495 1052 1680 1121 commoda
1698 1052 1854 1144 vicissim
1878 1057 1924 1126 ab
1947 1051 2024 1143 his,
2048 1082 2140 1152 quos
2165 1061 2229 1128 de-

183 1169 254 1228 tcm
267 1155 405 1237 virum,
431 1163 492 1222 aut
506 1164 783 1242 temperantem,
804 1165 866 1222 aut
882 1152 1015 1224 iustum
1030 1156 1179 1224 evadere
1228 1152 1400 1236 tendunt,
1425 1151 1605 1244 recipiunt
1618 1153 1693 1224 suis
1708 1155 1863 1228 fortunis
1880 1159 2043 1250 publicos
2060 1174 2229 1253 sumptus

183 1254 368 1352 potuisse?
399 1251 500 1342 Quae
523 1267 594 1324 tarn
612 1254 786 1324 excellens
803 1268 949 1341 natura,
974 1280 1064 1350 quac
1079 1267 1178 1327 tanta
1228 1255 1398 1334 tolerant,
1425 1277 1470 1323 nc
1489 1253 1602 1324 cuivis
1617 1255 1817 1328 libertatem
1837 1260 2022 1348 minuant,
2048 1285 2113 1332 suo
2128 1263 2229 1355 peri-

182 1359 322 1450 ingenii
336 1357 392 1426 vis
405 1356 446 1424 in
460 1355 536 1425 ullo
552 1378 625 1426 esse
640 1355 769 1448 potuit,
792 1381 882 1450 quae
896 1357 991 1429 inter
1005 1371 1057 1430 tot
1072 1359 1180 1429 vitio·
1229 1357 1310 1426 culo
1332 1355 1496 1426 omnium
1517 1356 1668 1428 salutem
1694 1377 1930 1452 propugnant
1991 1362 2090 1453 Quid
2110 1360 2229 1434 houe-

182 1485 265 1534 rum
280 1460 461 1529 illecebras
477 1481 551 1528 non
569 1459 879 1551 corrumperetur?
904 1458 1025 1549 Quare
1040 1484 1180 1532 necesse
1229 1458 1335 1544 stius,
1359 1457 1447 1552 quid
1462 1459 1679 1530 moderatius
1701 1463 1847 1552 eogitari
1865 1477 1997 1556 potest,
2023 1491 2130 1562 quarn
2148 1470 2229 1536 sine

185 1578 238 1636 cst
273 1559 501 1652 disciplinam
536 1560 644 1630 fuisse
676 1561 717 1633 in
744 1560 944 1633 Suevorum
978 1564 1181 1634 civitatibus
1229 1559 1422 1653 cupiditate
1441 1584 1539 1630 arura
1562 1574 1701 1649 tenere,
1727 1577 1761 1634 et
1777 1565 1866 1636 alios
1885 1567 1933 1638 ita
1948 1569 2157 1654 defendere,
2188 1581 2229 1639 nt

185 1665 429 1760 probabilem,
459 1685 529 1755 qua
559 1676 728 1756 tanquam
753 1665 792 1732 in
816 1664 902 1734 ludo
927 1663 1111 1762 Principes
1135 1666 1179 1735 ad
1230 1663 1274 1732 de
1295 1663 1460 1734 libertate
1487 1685 1610 1733 eorum
1641 1661 1736 1734 nihil
1760 1664 1950 1739 detrahas?
1987 1667 2228 1743 Athenienses

185 1765 407 1840 honestatem
429 1763 587 1836 instituti
612 1779 714 1850 sunt,
738 1791 880 1860 quaque
900 1769 1045 1838 adducti
1070 1767 1181 1838 exteri
1231 1765 1428 1856 accepimus
1451 1765 1663 1858 aliquandiu
1685 1769 1731 1836 ad
1761 1764 1858 1840 hunc
1883 1773 2032 1842 modum
2054 1771 2228 1845 Graeciae

185 1871 392 1942 iudicarunt
405 1863 499 1937 hanc
515 1867 698 1938 nationem
715 1869 845 1939 virtute
863 1892 903 1939 ac
920 1869 1097 1942 industria
1112 1871 1182 1939 im·
1231 1867 1468 1960 principatum
1494 1868 1667 1956 tenuisse,
1704 1883 1745 1941 ut
1768 1896 1848 1942 cnm
1871 1875 2118 1966 permitterent
2148 1877 2228 1946 aliis

185 1972 277 2067 perii
301 1971 434 2042 molem
456 1967 630 2039 sustinere
654 1993 765 2062 posse.
818 1969 944 2065 Neque
959 1973 1055 2042 enim
1075 1973 1181 2064 igno·
1231 1969 1434 2040 civitatibus
1454 1961 1671 2058 libertatem,
1703 1972 1772 2064 ipsi
1794 1989 1912 2045 tamen
1936 1976 1976 2046 in
1993 1979 2152 2049 excubiis
2173 2001 2228 2047 es-

186 2075 292 2159 ratis,
316 2072 404 2166 quid
421 2071 627 2163 imponatur
643 2072 762 2142 oneris
785 2076 950 2144 comisto
972 2075 1095 2160 titulo,
1121 2085 1183 2145 ant
1231 2085 1330 2162 sent,
1356 2095 1492 2165 suoque
1506 2072 1712 2144 discrimine
1729 2101 1853 2146 omnes
1869 2091 2066 2151 tuerentur.
2117 2077 2170 2151 Ea
2189 2081 2228 2148 in

187 2191 362 2272 quantum
378 2175 478 2259 fidei,
504 2188 677 2268 quantum
693 2175 853 2257 consilii,
880 2191 1054 2270 quantum
1069 2177 1182 2246 animi
1231 2197 1270 2244 re
1300 2173 1340 2244 in
1373 2173 1498 2265 primis
1519 2197 1688 2266 magnum
1716 2172 1967 2268 humanitatis,
2006 2182 2167 2254 iusticias
2194 2195 2228 2252 et

187 2282 311 2358 robur,
338 2289 507 2370 quantam
524 2277 818 2362 moderationem,
844 2293 1013 2372 quantam
1028 2280 1182 2371 diligen·
1232 2277 1483 2369 temperantiae
1504 2278 1704 2370 exemplum
1729 2303 1813 2350 suae
1837 2284 2014 2373 specimen
2039 2285 2229 2377 sapientis-

188 2383 275 2453 tiam
291 2378 445 2450 inomni
465 2401 593 2468 genere
611 2379 772 2471 flagitent
791 2375 955 2452 homines
977 2383 1022 2452 ab
1039 2405 1099 2468 co,
1125 2380 1183 2452 cui
1232 2379 1321 2448 sima
1346 2377 1469 2446 civitas
1498 2381 1693 2470 praebuit,'
1714 2385 1811 2475 quod
1835 2384 1910 2452 sinc
1934 2385 2142 2480 cuiusquam
2170 2387 2229 2456 in·

186 2486 387 2554 libertatem
404 2505 515 2566 snam,
539 2483 713 2567 fortunas,
738 2483 887 2552 salutem
902 2509 942 2554 ac
959 2485 1068 2554 vitam
1085 2507 1184 2553 com·
1232 2481 1420 2551 commodo
1445 2481 1591 2572 publico
1612 2506 1734 2573 pacem
1756 2487 1935 2557 custodiit.
1990 2485 2082 2558 Cum
2107 2501 2228 2560 autem

187 2587 347 2658 mittunt.
388 2582 459 2654 Sed
478 2607 559 2654 cum
574 2607 630 2653 res
645 2585 733 2655 foris
747 2595 873 2674 gestae,
897 2599 931 2656 et
944 2587 1037 2676 leges
1053 2585 1184 2680 quibus
1233 2595 1389 2654 summos
1404 2576 1561 2652 honores
1580 2578 1751 2672 Athenis,
1777 2587 1914 2657 obeam
1931 2612 2072 2660 causam
2087 2591 2229 2686 reliqua

189 2685 290 2759 domi
313 2709 380 2778 pax
404 2685 560 2757 stabilita
588 2700 659 2772 est,
685 2710 776 2781 quae
799 2687 942 2780 quidem
958 2684 1128 2759 hactenus
1144 2689 1183 2756 in
1234 2683 1384 2756 Graecia
1400 2685 1612 2772 decreverit,
1635 2703 1739 2780 saepe¹
1762 2689 1857 2758 euim
1880 2691 2061 2763 missaeer
2079 2695 2229 2764 servatis

188 2789 342 2883 publicis
366 2787 485 2878 legum
507 2789 690 2860 codicibus
710 2802 848 2875 extant,
874 2790 1070 2862 multorum
1092 2791 1184 2860 alio-
1234 2787 1436 2858 civitatibus
1460 2811 1631 2874 coronae,
1665 2790 1799 2882 positae
1823 2804 1977 2879 statuae,
2009 2799 2091 2867 data
2112 2791 2230 2865 Athe-

188 2915 271 2966 rum
286 2891 398 2962 literis
411 2891 678 2982 praedicentur,
701 2891 803 2960 nolui
820 2885 942 2962 hocin
958 2893 1035 2963 loco
1050 2891 1184 2964 diutius
1235 2890 1420 2960 niensibus
1436 2888 1579 2972 civitas,
1605 2914 1687 2983 pars
1703 2893 1798 2982 agri,
1823 2895 1971 2967 societas
1992 2919 2173 2968 sacrorum
2195 2913 2231 2969 et

191 2992 417 3068 commorari.
470 2991 627 3084 Propero
659 2992 755 3062 enim
790 2995 834 3063 ad
864 3009 985 3065 nostra
1011 3009 1185 3089 tempora,
1234 2991 1509 3078 connubiorum,
1523 3005 1557 3063 et
1571 2988 1640 3064 hoc
1654 3015 1765 3083 genus
1781 3012 1990 3068 ornamenta
2006 3000 2090 3069 alia:
2118 3001 2231 3070 debe-

191 3120 283 3193 quae
314 3095 345 3165 si
368 3094 557 3185 diligenter
584 3095 872 3178 considerabitis,
905 3097 1074 3168 videbitis
1101 3121 1185 3190 pro·
1233 3119 1313 3166 mus
1328 3109 1362 3164 et
1377 3116 1460 3178 nos,
1483 3093 1514 3163 si
1533 3118 1607 3166 nou
1627 3095 1756 3186 ingrati
1772 3099 2037 3184 essevolumus,
2060 3097 2230 3194 pulcher-

188 3203 281 3272 fecto
308 3198 391 3266 illos
416 3221 492 3266 non
517 3198 632 3267 solum
658 3199 874 3290 respondere
905 3199 974 3270 iam
1008 3200 1184 3271 maiorum
1234 3197 1365 3267 rimum
1391 3195 1602 3267 beneficium
1625 3195 1795 3270 Suevicae
1815 3201 1971 3273 nationis
2000 3204 2230 3297 amplissimis

190 3296 436 3396 gloriacssed
459 3299 565 3370 etiam
589 3301 813 3391 superiorum
837 3302 963 3372 decora
983 3303 1088 3394 longe
1103 3301 1184 3371 vin-
1234 3297 1405 3371 laudibus
1425 3293 1565 3374 vehere.
1608 3297 1699 3369 lton
1720 3303 1804 3373 satis
1825 3301 2077 3394 intelligimus,
2112 3331 2230 3398 quan-

191 3427 281 3477 cere.
332 3399 436 3472 Esset
453 3417 570 3474 autem
592 3402 774 3488 inlinitum
796 3417 905 3476 totam
922 3402 1100 3496 Rempub.
1123 3405 1186 3474 de·
1235 3416 1310 3473 tum
1330 3401 1370 3470 in
1394 3424 1478 3492 pace
1495 3399 1581 3470 insit
1595 3400 1701 3488 boni,
1724 3404 1754 3472 si
1775 3405 1939 3496 publicae
1960 3407 2231 3503 tranquillitatis

192 3509 357 3602 pingere,
383 3515 417 3574 et
440 3504 561 3573 omnia
577 3505 760 3589 instituta,
785 3505 947 3600 legesque
966 3507 1131 3599 pietatem
1146 3505 1185 3575 iu
1235 3503 1441 3576 custodibus
1475 3505 1613 3574 nullam
1649 3503 1796 3596 gratiam
1830 3502 2012 3584 babemus.
2077 3508 2230 3598 Quoties

193 3607 355 3682 colendis
373 3607 626 3696 religionibus,
651 3608 873 3680 severitatem
901 3609 940 3678 in
954 3605 1185 3680 cohercendis
1236 3606 1332 3676 enim
1361 3629 1487 3697 parvos
1515 3607 1649 3677 liberos
1674 3607 1842 3700 adspicis,
1875 3611 2014 3704 quoties
2040 3611 2229 3700 coniugem

192 3711 350 3795 delictis,
383 3709 593 3801 bellicarum
617 3734 736 3780 rerum
767 3710 962 3801 peritiam,
982 3713 1184 3782 animorum
1236 3709 1402 3792 intueris,
1428 3707 1531 3777 toties
1545 3707 1748 3779 meminisse
1763 3723 1797 3780 te
1812 3713 1981 3803 oportuit,
2005 3713 2149 3783 illorum
2169 3715 2231 3783 in-

191 3812 504 3903 magnitudinem,
521 3810 653 3880 civium
669 3812 762 3881 iuter
777 3812 871 3903 ipsos
887 3815 1186 3906 aequabilitatem,
1236 3810 1476 3880 columitatem
1505 3810 1625 3905 aliqua
1653 3835 1695 3881 cx
1725 3825 1824 3904 parte
1846 3825 1881 3882 te
1906 3809 1963 3884 his
1984 3817 2130 3897 debere,
2164 3817 2231 3910 qui

175 3937 379 4006 ,exponere
433 3912 534 4003 Quae
551 3937 633 3983 cum
656 3914 820 4004 angustia
837 3915 1006 4006 temporis
1028 3929 1186 4008 praeter·
1237 3913 1354 3982 ocium
1371 3911 1635 3998 nobisiaciunt,
1660 3937 1740 3984 curn
1757 3914 1908 3985 aliarum
1924 3911 2154 3988 honestarum
2171 3943 2231 3988 re-

193 4019 335 4089 mittere
351 4029 462 4110 cogat,
482 4039 663 4106 excerpam
678 4041 719 4085 ex
733 4017 880 4111 reliquis
895 4017 1063 4088 laudibus
1076 4041 1186 4090 unam
1236 4039 1317 4085 rum
1339 4015 1593 4105 gerendarum,
1624 4015 1701 4086 tuin
1725 4017 1874 4087 alendae
1888 4032 1922 4090 et
1943 4021 2147 4090 educandae
2171 4043 2231 4090 so-

193 4121 374 4215 qnandam
398 4131 553 4210 partem,
581 4119 844 4214 inquavidere
868 4133 939 4206 cst,
965 4121 1186 4214 quambene
1237 4117 1340 4190 bolis.
1404 4115 1563 4209 Populus
1583 4115 1771 4189 Romanus
1796 4143 1871 4188 non
1889 4145 1991 4213 saepe
2015 4122 2118 4192 victis
2142 4145 2231 4212 gen·

194 4226 238 4293 de
260 4234 333 4293 tota
358 4218 553 4292 Germania
577 4222 707 4290 mereri
731 4224 909 4294 studeant.
969 4221 1059 4294 Cum
1083 4223 1187 4294 aunis
1238 4219 1333 4290 tibus
1346 4219 1544 4290 libertatem
1560 4243 1622 4290 seu
1640 4215 1874 4315 αὐτονομίαν
1889 4225 2071 4298 concessit.
2113 4221 2231 4294 Grae·-

193 4327 266 4395 iam
280 4323 415 4416 aliquot
431 4324 845 4414 nnllumsatismagnum
858 4339 919 4395 aut
932 4325 1074 4396 firmum
1084 4349 1187 4417 prae-
1238 4322 1287 4392 cis
1309 4321 1347 4391 id
1369 4317 1517 4392 honoris
1537 4316 1683 4408 habuit,
1710 4339 1789 4414 post
1812 4325 1946 4395 bellum
1963 4351 2042 4396 cum
2057 4320 2229 4420 Philippo

194 4427 325 4497 sidium
348 4426 387 4493 in
412 4422 606 4494 Germania
636 4438 742 4509 esset,
772 4428 940 4496 adversus
968 4429 1104 4498 subitos
1127 4441 1188 4498 tu·
1239 4423 1435 4494 Macedone
1467 4436 1603 4512 gestum
1635 4425 1896 4497 immunitatem
1924 4434 2092 4514 donaret,
2126 4442 2160 4498 et
2190 4441 2233 4500 ut

193 4529 341 4608 multus,
367 4539 401 4597 et
415 4525 623 4620 quotidiana
640 4526 846 4608 latrocinia,
878 4529 1037 4600 civitates
1050 4528 1186 4602 suevo·
1238 4527 1398 4616 singulae
1420 4525 1577 4596 civitates
1599 4527 1672 4596 suis
1689 4527 1826 4618 legibus
1842 4528 2020 4616 viverent,
2047 4531 2232 4621 permitte-

194 4657 276 4705 rum
290 4631 415 4700 foedus
429 4630 522 4699 inter
536 4629 653 4700 serite
669 4641 704 4698 ct
715 4627 865 4700 Caesare
878 4646 1001 4702 autore
1016 4633 1188 4702 feceruut.
1239 4641 1302 4702 rct.
1339 4624 1392 4698 En
1407 4629 1451 4696 de
1466 4651 1523 4714 re,
1549 4651 1628 4699 cum
1646 4631 1826 4699 decretum
1840 4656 1859 4700 a
1877 4630 2010 4702 Senatu
2026 4633 2233 4726 populoque

195 4735 238 4806 ld
254 4735 380 4804 foedus
396 4733 458 4800 diu
474 4732 544 4801 iam
561 4745 729 4824 tanquam
746 4731 783 4800 in
801 4734 952 4804 statione
968 4747 1039 4822 est,
1064 4735 1187 4804 delen·
1238 4727 1405 4802 Romano
1424 4731 1577 4816 factum,
1612 4729 1657 4802 T.
1679 4729 1852 4821 Quintius
1876 4729 2136 4826 Imperatorio
2159 4733 2234 4805 Ne-

195 4839 333 4908 dendae
367 4835 530 4926 publicae
564 4833 832 4926 tranquillitatis
866 4837 989 4926 gratia.
1049 4835 1188 4907 Multos
1239 4831 1347 4916 meis,
1371 4855 1442 4926 quo
1466 4857 1507 4902 ex
1530 4857 1630 4903 more
1652 4836 1697 4904 ad
1721 4835 1960 4926 spectaculum
1985 4850 2057 4907 tota
2079 4834 2232 4908 Graecia

195 4941 377 5031 improbos
400 4950 497 5007 metu
522 4936 699 5020 continet,
723 4939 894 5029 quosdam
918 4939 1025 5009 etiam
1052 4939 1188 5008 tumul·
1239 4949 1474 5022 convenerat,
1500 4959 1584 5006 voce
1602 4938 1785 5028 praeconis
1802 4938 1943 5008 recitari
1966 4939 2141 5025 iussisset,
2168 4965 2234 5010 au·

194 5056 251 5112 tus
275 5041 383 5110 armis
397 5053 431 5110 et
444 5039 539 5111 bello
554 5039 771 5130 compressit.
818 5037 962 5128 Quanta
977 5055 1094 5112 autem
1111 5042 1188 5111 laus
1239 5037 1443 5132 dissentquc
1459 5037 1697 5129 gratissimum
1720 5039 1946 5130 praeconium
1964 5042 2143 5127 universi,
2167 5043 2233 5114 Dii

198 5155 269 5223 est,
293 5167 401 5212 unam
424 5137 516 5210 hanc
534 5141 716 5212 nationem
739 5141 901 5232 publicae
925 5143 1021 5234 pacis
1040 5144 1187 5214 tutelam
1239 5139 1474 5223 immortales,
1507 5140 1648 5233 quantis
1670 5135 1869 5211 honoribus
1892 5141 2049 5213 adfectus
2072 5141 2233 5234 Impera-

172 5243 392 5333 vsuscipere,
416 5258 450 5314 et
473 5244 596 5315 salutis
619 5243 780 5314 omnium
799 5266 901 5312 causa
919 5269 999 5314 suas
1016 5246 1189 5324 fortunas,
1239 5256 1313 5329 tor,
1344 5267 1451 5336 quam
1480 5243 1589 5332 gratis
1618 5245 1841 5313 sermonibus
1860 5239 2072 5330 Romanum
2098 5269 2233 5316 nomen
2297 5319 2303 5332 ,

172 5365 297 5412 ‘suam
316 5345 422 5414 vitam
439 5347 676 5416 indiscrimen
694 5346 892 5413 adducere?
913 5345 985 5416 Sed
1002 5341 1069 5416 hoc
1085 5348 1197 5438 plane.
1240 5345 1453 5416 celebratum
1466 5357 1545 5426 est,
1577 5369 1650 5416 esse
1673 5370 1783 5416 unam
1802 5369 1879 5415 eam
1901 5347 2060 5418 interris
2080 5362 2234 5437 gentem,

197 5441 363 5512 divinum
386 5458 455 5530 est,
488 5450 583 5540 quod
611 5472 690 5517 cum
715 5446 860 5540 publico
891 5446 969 5516 iure
1000 5447 1190 5539 imperium
1241 5471 1330 5539 quae
1356 5471 1418 5519 sua
1448 5448 1626 5542 impensa,
1664 5471 1728 5521 suo
1761 5449 1884 5520 labore
1911 5473 1951 5520 ac
1979 5450 2137 5544 periculo
2168 5475 2233 5544 pro
