4646 5824
94 2699 98 2714 ,
224 2633 369 2715 propter
382 2612 495 2688 filiurn
511 2611 741 2682 mediatorem
757 2605 929 2698 recipere:
956 2605 1095 2698 quoties
1109 2607 1215 2674 etiam

215 261 290 338 aaa
622 269 628 278 ·
744 239 914 320 usco.
953 235 1030 316 nu
1059 196 1394 320 nono'runa
1426 243 1718 332 carnotus.
2179 260 2255 336 aaa

218 431 336 508 ociosa
352 423 497 520 collegia
512 417 677 496 instituit.
728 410 778 490 At
791 411 879 496 baec
892 425 1012 490 nostra
1026 411 1209 510 Princeps,
1257 439 1358 504 rum,
1383 441 1474 514 qraae
1492 433 1675 524 matronas
1695 425 1841 514 decent,
1867 451 1933 502 nec
1956 431 2254 524 gubernationem

220 559 301 612 curn
332 546 425 604 reete
454 525 665 616 intelligeret
696 519 894 592 doctrinam
924 518 1128 596 coelestem,
1172 529 1206 589 et
1257 519 1475 592 indiciorum
1492 521 1717 616 impediebat.
1767 525 1817 600 Et
1830 543 1872 604 ut
1885 547 1962 606 erat
1983 535 2076 608 iusta
2096 552 2133 608 et
2152 561 2255 607 εεεε-

220 637 324 710 sciret
337 633 454 706 Deum
475 623 661 724 praecipue
681 623 838 714 flagitare
859 643 977 691 curam
994 640 1208 690 conservan-
1230 629 1234 702 t
1257 623 1372 694 citatis
1397 625 1694 711 amam,.strocia
1722 631 1851 702 seelera
1879 633 2017 727 legibus
2042 637 2166 732 puniri
2190 663 2255 709 vo.

221 743 288 822 dae
310 735 510 816 doctrinae,
542 752 618 798 non
643 727 781 798 ociosos
802 735 920 794 coetus
942 721 1115 801 instituit,
1146 721 1208 792 sed
1260 725 1367 795 lebat.

221 838 358 914 erudiri
378 830 675 914 adolescentium,
700 839 734 898 et
754 823 867 896 imbui
883 823 958 916 ipsa
975 823 1136 896 doctrina
1153 821 1210 894 di·
1361 823 1430 896 Sed
1465 825 1493 896 si
1522 829 1667 922 quando
1694 833 1899 926 petebatur,
1938 849 1979 908 ut
2005 860 2070 930 pro
2097 840 2167 912 reis
2193 855 2258 915 ant

220 941 355 1016 vinitus
390 936 519 1010 tradita
553 929 686 1016 voluit,
722 940 764 998 ut
791 927 835 998 ad
867 924 1106 1018 posteritatem
1134 925 1210 1016 ipsa
1260 927 1437 997 damnatis
1456 927 1708 1020 intercederet,
1741 934 1867 1005 sinon
1889 940 2169 1025 eratatrocitas,
2204 945 2257 1012 te.

221 1066 365 1140 quoque
393 1037 557 1110 custodes
577 1033 714 1126 aliquot
733 1025 920 1118 Evangelii
946 1025 1209 1098 transmitteret.
1261 1052 1343 1118 gum
1368 1031 1588 1102 severitatem
1610 1032 1685 1126 ipsa
1711 1060 1855 1130 quaeque
1876 1039 2119 1114 misericordia
2147 1045 2256 1114 leniri

222 1143 410 1239 Specimen
431 1138 514 1209 fidei
535 1159 618 1206 suae
638 1134 743 1204 etiarn
759 1129 921 1224 praebuit
937 1129 976 1198 in
992 1129 1090 1198 luctu
1103 1127 1212 1198 arnis-
1261 1133 1460 1202 verecunde
1473 1135 1608 1208 orabat.
1660 1133 1861 1208 Domestica
1881 1141 2048 1230 negocia,
2079 1141 2257 1216 etEccle-
2314 1201 2315 1220 .

223 1249 271 1322 sis
293 1245 376 1316 filiis
399 1265 439 1314 ac
463 1239 619 1322 filiabus,
641 1258 721 1306 cum
746 1233 906 1308 dolorem
923 1230 1100 1319 ingentem
1116 1227 1212 1318 cogi-
1261 1231 1333 1304 siae
1364 1233 1538 1306 fovendae
1568 1237 1724 1308 studium
1756 1241 1800 1308 ad
1826 1263 1862 1310 se
1887 1244 2065 1332 pertinere
2089 1248 2256 1324 ducebat
2314 1309 2315 1338 ,

223 1349 358 1424 tatione
385 1339 577 1417 voluntatis
605 1337 673 1410 Dei
697 1335 801 1420 vicit,
837 1333 992 1404 sentiens
1023 1354 1097 1402 non
1129 1353 1211 1402 casu
1262 1331 1339 1431 Nec
1365 1334 1511 1424 ingessit
1540 1359 1577 1406 se
1601 1339 1760 1408 consiliis
1782 1342 2051 1432 gubernationis
2078 1349 2257 1439 politiae,
2311 1385 2315 1402 «

223 1450 341 1532 nasci,
374 1469 448 1518 non
477 1465 559 1516 casu
586 1438 743 1529 extingui
764 1433 945 1518 homines,
978 1447 1012 1504 et
1032 1446 1210 1504 evocatam
1263 1437 1324 1505 sed
1348 1437 1393 1505 de
1406 1433 1573 1508 Ecclesiis
1594 1463 1740 1512 mouere
1763 1441 1942 1516 interdurn
1959 1444 2163 1542 Principem
2189 1451 2255 1520 ali.
2314 1499 2315 1508 ,

224 1577 267 1624 ex
294 1547 360 1622 hac
386 1543 531 1620 mortali
559 1542 631 1614 vita
662 1538 855 1632 puericiam
876 1533 953 1608 Deo
983 1535 1156 1620 dicatam,
1179 1545 1214 1602 et
1263 1537 1349 1632 quid
1365 1537 1518 1624 solebat,
1542 1544 1747 1633 praesertim
1762 1545 1875 1616 sicubi
1897 1548 2036 1620 audiret
2058 1551 2179 1642 spargi
2201 1575 2255 1622 a.

224 1655 386 1728 noudum
407 1646 510 1738 malis
532 1643 701 1735 exemplis
721 1652 943 1731 corruptam,
965 1651 1060 1708 certo
1075 1633 1214 1707 traduci
1262 1639 1361 1710 mina
1378 1639 1606 1712 dissidiorum
1623 1644 1661 1714 in
1677 1645 1852 1736 doctrina.
1912 1647 2004 1718 Nam
2031 1673 2113 1722 cum
2138 1665 2174 1724 et
2196 1653 2256 1726 in-

224 1759 267 1830 ad
283 1768 459 1826 aeternam
469 1743 537 1822 Dei
551 1739 769 1818 etEcclesiae
784 1739 1088 1812 consuetudinem.
1133 1734 1214 1825 Qua
1264 1739 1368 1830 genio
1383 1741 1533 1828 valeret,
1557 1768 1598 1814 ac
1619 1745 1817 1818 doctrinam
1833 1743 2010 1820 Ecclesiae
2032 1767 2128 1826 reete
2148 1755 2257 1827 intel·

225 1861 268 1930 de
283 1881 321 1928 re
334 1851 427 1924 hanc
442 1847 650 1922 senteutiam
667 1848 705 1914 in
718 1868 779 1916 ore
791 1839 959 1916 habebat:
986 1839 1068 1910 Non
1083 1851 1134 1910 est
1148 1863 1214 1908 vo·
1264 1843 1405 1933 ligeret,
1431 1858 1466 1916 et
1479 1843 1684 1935 gravissimo
1703 1847 1835 1922 iudicio
1851 1863 2038 1938 statueret,
2069 1871 2257 1950 mmm,-
2314 1877 2315 1882 ,

225 1961 343 2032 luntas
358 1953 491 2037 Patris,
515 1965 556 2022 ut
570 1961 688 2042 pereat
705 1969 798 2018 unus
816 1945 860 2015 de
875 1941 1034 2040 parvulis
1052 1941 1141 2018 istis.
1265 1943 1317 2016 las
1338 1959 1372 2016 et
1393 1945 1588 2018 discordias
1609 1947 1773 2020 vitandas
1797 1975 1890 2034 esse,
1923 1952 2197 2043 vigilantissima
2221 1975 2257 2032 et
2314 2007 2315 2010 =

533 2114 569 2172 ει
647 2093 715 2170 v
979 2119 1021 2166 εκ
1036 2091 1103 2168 v
1264 2049 2258 2239 azzaeaaataaa‘attentata

226 2213 288 2287 tali
311 2211 383 2283 vita
407 2209 599 2278 discessura
622 2216 710 2274 esset
731 2201 826 2294 ipsa,
852 2212 983 2294 qvaanta
1000 2199 1061 2268 lux
1076 2197 1158 2268 fidei
1175 2197 1214 2266 in
1630 2253 1639 2272 ,
1757 2257 1767 2274 ο
1957 2258 1966 2275 ι
2064 2262 2088 2280 ..

226 2319 302 2389 eius
323 2309 546 2382 invocatione
566 2305 684 2384 fulsit,
705 2316 745 2373 ut
769 2302 854 2372 arsit
876 2301 1053 2372 desiderio
1078 2314 1111 2370 et
1128 2323 1215 2370 con·
1264 2253 1408 2371 luenda·
1447 2247 1500 2322 Ac
1517 2276 1562 2323 ¹¹⁸
1578 2269 1869 2348 q⁰¹⁸⁸¹¹⁸P¹⁰⁹¹¹¹¹
1884 2281 1940 2328 ¹¹¹⁰
1955 2282 2090 2349 ¹¹¹8ffl¹¹
2105 2285 2258 2336 numen
2314 2307 2315 2320 κ

226 2413 424 2489 suminis
452 2405 680 2482 coelestium?
712 2417 873 2498 repetens
900 2403 1051 2474 subinde
1079 2401 1125 2471 313
1129 2421 1215 2502 qua?
1264 2353 1452 2444 immodice
1469 2355 1683 2446 praedicare,
1707 2357 1806 2448 signa
1822 2359 1868 2428 ab
1882 2359 1965 2429 aliis
1979 2363 2115 2436 artibus
2130 2382 2258 2452 sumat,

225 2515 412 2608 Evangelii
437 2533 558 2595 voces,
578 2531 668 2602 quae
690 2507 879 2578 adfirmant
895 2503 1021 2578 Deum.
1034 2517 1129 2574 certo
1148 2525 1214 2573 nos
1264 2451 1608 2628 ‘ffissoffir‘mdlff
1621 2459 1825 2578 ,ῑθῦὠῑῑΰῐι
1877 2453 1923 2529 1ss
1944 2475 2019 2581 asle
2040 2466 2180 2576 medica
2202 2471 2258 2538 vel
2314 2499 2315 2546 t

1527 2572 1652 2650 penu,
1695 2575 1863 2655 quantam
1896 2579 2101 2638 varietatem
2136 2593 2258 2642 rernm

1264 2675 1383 2734 mente
1416 2661 1723 2752 complectuntur?
1768 2651 2011 2736 membrorum
2043 2667 2081 2736 iu
2106 2693 2257 2764 corpore

1264 2763 1419 2855 positus,
1444 2764 1653 2834 morborum
1671 2787 1790 2834 musas
1803 2777 1837 2836 et
1852 2787 1990 2854 genera,
2013 2773 2258 2844 remediorum
2314 2839 2315 2860 ,

1265 2864 1528 2936 diversitatem?
1565 2861 1615 2936 At
1630 2865 1674 2936 de
1691 2859 1747 2936 his
1763 2890 1836 2936 non
1850 2865 1965 2937 solum
1980 2871 2195 2960 disserebat,
2220 2889 2259 2947 ut
2314 2861 2315 2888 i

1266 2967 1410 3052 artilex,
1445 2969 1505 3036 sed
1532 2965 1638 3038 etiam
1662 2967 1701 3036 iu
1726 2990 1794 3038 usu
1816 2969 2041 3060 prudentiam
2064 2970 2261 3050 adhibebat

228 3131 298 3203 Sed
329 3127 412 3198 satis
433 3125 567 3194 dictum
591 3122 637 3192 εἱι
658 3123 701 3191 de
725 3117 794 3187 fide
816 3119 946 3211 ipsius,
975 3141 1056 3185 cum
1081 3129 1217 3189 constet
1266 3069 1626 3261 Rrgzfirpc'iddeiffnffim
1636 3064 1753 3260 232ss
1755 3067 2111 3259 811τίῗὲῗῖοέῖῖξὲ
2121 3076 2260 3267 NS&

228 3247 337 3305 totam
360 3229 436 3297 eins
455 3225 587 3312 vitam,
611 3219 870 3292 invocationem
894 3217 1157 3314 quotidianam,
1183 3229 1218 3288 et
1613 3271 1621 3288 ‚
1675 3271 1684 3288 ,
2093 3278 2103 3296 ⁹
2196 3281 2209 3309 ἵ

228 3339 406 3405 sermones
422 3325 650 3409 domesticos,
670 3323 776 3394 luisse
791 3317 929 3393 assidua
943 3319 1027 3390 fidei
1044 3319 1218 3412 exercitia.
1267 3285 1353 3390 ‘imit
1369 3284 1462 3342 tem
1478 3272 1572 3342 sem
1588 3285 1719 3362 &gum
1742 3285 1794 3342 ¹⁰¹
1808 3267 1997 3363 Plumea
2016 3291 2133 3354 ΠΜ·
2175 3280 2256 3354 ΜΠ

1267 3395 1380 3443 ausam
1404 3395 1450 3442 ne
1476 3371 1621 3464 quidem
1644 3372 1866 3463 peritissimis
1881 3387 2016 3446 tantam
2032 3379 2175 3450 laudem
2193 3387 2259 3454 tri·

329 3478 378 3554 Ut
394 3493 511 3550 autern
530 3475 566 3543 in
582 3473 678 3544 dicto
694 3469 797 3542 Pauli
816 3493 897 3543 mox
913 3470 994 3540 fidei
1011 3469 1218 3558 adiungitur
1267 3477 1395 3559 buere,
1419 3474 1479 3544 sed
1493 3487 1609 3544 tamen
1625 3473 1780 3546 arbitror
1795 3487 1951 3546 nostram
1962 3475 2165 3572 Principem
2183 3509 2257 3556 non

228 3583 387 3666 dileetio,
420 3579 468 3650 ita
499 3591 533 3648 et
554 3577 629 3669 ipsa
648 3573 835 3662 copulavit
859 3596 938 3642 cum
962 3571 1032 3642 fide
1054 3571 1217 3643 dilectio·
1266 3575 1904 3667 multopaucioraremedienovisse,
1929 3601 2036 3672 quarn
2051 3580 2259 3659 illaHome-
2314 3627 2315 3708 p

228 3713 330 3772 nem,
355 3685 392 3752 id
415 3695 486 3766 est,
514 3691 659 3770 propter
684 3671 800 3745 Deum
827 3674 919 3744 iusto
945 3673 1071 3744 urdine
1093 3674 1218 3760 dilexit
1253 3679 1340 3748 rica
1357 3671 1535 3766 Agamede
1551 3689 1708 3751 noverat.
2314 3711 2315 3800 p

228 3788 435 3876 coniugem,
458 3781 601 3864 liberos,
624 3777 797 3848 familiam
812 3788 848 3845 ct
863 3775 969 3848 cives.
1021 3773 1104 3847 Fuit
1117 3797 1218 3846 amor
1283 3829 1287 3840 .
1371 3775 1555 3848 Praeterea
1586 3801 1666 3848 euru
1700 3801 1850 3850 acumen
1872 3777 1910 3848 iu
1936 3782 2095 3874 epistolis
2117 3786 2258 3878 insigne
2314 3809 2315 3824 ¹

227 3904 372 3962 mutuus
393 3886 433 3954 in
454 3896 605 3974 utroque
628 3877 778 3968 coniuge
800 3875 902 3962 talis,
930 3889 972 3946 ut
995 3899 1077 3946 vere
1099 3897 1218 3968 posses
1268 3877 1446 3970 specimen
1478 3879 1610 3970 ingenii
1635 3879 1699 3969 sit,
1729 3880 1897 3971 epistolae
1920 3880 2099 3978 Principis
2117 3905 2259 3962 nonme
2314 3867 2315 3890 Χ

230 3996 274 4063 de
289 3992 339 4062 eis
354 3988 442 4058 illud
459 3997 558 4054 vetus
572 3981 708 4062 dicere,
729 4001 877 4070 corpora
892 3977 1034 4070 quidem
1047 3979 1119 4048 duo
1134 4001 1218 4063 esse,
1267 3994 1441 4052 testantur
1454 3979 1648 4072 plurimum
1667 4003 1743 4050 eam
1762 3981 1904 4070 ingenio
1922 3985 2090 4060 valuisse:
2117 3990 2159 4058 in
2180 3994 2258 4086 qni-
2314 3991 2315 4078 ᾖ

230 4093 384 4164 animam
408 4111 493 4156 vero
513 4107 635 4155 unam.
685 4078 824 4150 Deinde
838 4102 902 4150 suo
917 4077 1045 4148 ordine
1063 4093 1218 4150 caeteros
1268 4083 1335 4152 bus
1349 4081 1411 4152 etsi
1428 4083 1578 4170 gravitas
1592 4081 1941 4176 matronaePriucipi
1957 4089 2175 4162 conveniens
2187 4117 2259 4164 scr-
2314 4079 2315 4104 ³

230 4194 371 4268 dilexit:
395 4203 495 4260 aeut
520 4188 563 4258 de
586 4181 720 4278 populo
744 4181 879 4262 dicam,
904 4179 1217 4252 iustaetbenefica
1268 4197 1393 4266 vatur,
1415 4197 1533 4254 tamen
1554 4183 1858 4270 etinmonendo,
1891 4199 1926 4256 et
1949 4185 2256 4280 reprehendendo,

230 4320 310 4386 erga
332 4313 453 4363 omnes
475 4289 554 4360 fuit.
605 4283 708 4356 Adiit
730 4282 985 4376 parturientes,
1010 4294 1045 4352 et
1067 4283 1217 4352 consilio
1269 4285 1493 4374 castigando,
1520 4285 1712 4358 sententiae
1727 4299 1811 4358 sunt
1830 4286 2022 4358 admodum
2039 4307 2203 4382 argutae,
2227 4311 2257 4368 et
2314 4305 2315 4360 l

216 4399 270 4470 'ac
286 4399 484 4472 laboresuo
492 4441 505 4476 ,
533 4390 604 4458 imo
620 4399 654 4456 et
669 4384 891 4454 invocatione
899 4379 987 4466 Dei,
1012 4383 1217 4474 periclitan-
1269 4387 1314 4456 ad
1330 4408 1473 4456 causam
1489 4400 1569 4478 apte
1584 4400 1829 4478 congruentes,
1855 4401 1890 4458 et
1905 4405 2130 4480 penetrantes
2148 4395 2189 4466 in
2202 4399 2257 4468 in-

175 4551 177 4556 =
229 4502 325 4574 tibus
347 4519 449 4588 opem
470 4491 568 4564 tulit:
597 4489 671 4578 ipsa
694 4487 801 4557 etiarn
820 4484 919 4556 fessis
941 4484 1063 4554 labore
1086 4498 1218 4576 partus,
1268 4488 1374 4557 timos
1387 4488 1590 4556 animorum
1605 4511 1745 4574 sensus,
1768 4502 1804 4560 et
1819 4489 1934 4562 forma
1956 4495 2129 4568 orationis
2152 4521 2255 4589 gene-
2314 4493 2315 4500 '

230 4605 327 4676 cibos
343 4597 454 4682 coxit,
480 4593 568 4663 adiit
583 4603 759 4680 aegrotos:
780 4609 931 4678 cumque
948 4587 1057 4656 veteri
1074 4583 1217 4656 heroico
1269 4611 1347 4659 rosa
1363 4601 1396 4658 et
1411 4589 1593 4680 perspicua
1606 4603 1669 4664 εει.

124 4713 126 4720 ‘
227 4727 327 4774 more
345 4715 380 4770 et
399 4697 528 4770 coleret
542 4707 653 4762 artem
669 4689 859 4770 medicam,
885 4700 920 4756 et
936 4689 1047 4758 multa
1062 4687 1218 4757 remedia
1371 4687 1413 4758 ln
1429 4687 1523 4760 dieto
1536 4687 1639 4762 Pauli
1655 4691 1750 4784 qnod
1767 4691 1910 4764 recitavi
1919 4741 1930 4773 ,
1957 4695 2001 4766 ad
2020 4697 2254 4786 dilectionem,

229 4831 291 4878 sua
316 4825 425 4874 manu
448 4809 566 4888 parata
591 4789 754 4870 haberet,
787 4788 910 4859 multis
932 4789 1082 4860 feliciter
1103 4789 1217 4858 medi·
1268 4791 1305 4860 id
1322 4803 1390 4871 εει,
1416 4793 1461 4862 ad
1479 4790 1652 4864 iusticiam
1668 4805 1701 4864 et
1718 4793 2002 4881 beneficentiam,
2024 4801 2185 4888 proxime
2198 4806 2254 4872 ad.

229 4921 304 4978 cata
326 4918 389 4974 est.
442 4897 659 4988 Quotidiano
676 4915 759 4964 vero
776 4891 969 4961 liberalitas
983 4913 1064 4980 erga
1078 4904 1218 4980 egentes
1268 4889 1599 4982 iungitureastitan·
1644 4891 1821 4966 Usitatum
1838 4908 1890 4966 εει
1912 4897 2008 4966 enim
2036 4900 2075 4970 in
2096 4925 2253 4974 semrom

230 4997 380 5096 insignis
403 5001 482 5072 luit.
534 4994 627 5068 Aliis
649 4993 852 5087 pecuniam,
885 4993 965 5064 aliis
986 4994 1218 5078 frumentum,
1268 4995 1481 5085 apostolico,
1507 4994 1698 5064 castitatem
1722 4997 1901 5068 nominari
1922 5001 2157 5074 sanctitatem.
2199 5003 2253 5074 ln·
2314 5011 2315 5036 ¹

229 5110 309 5180 aliis
324 5119 435 5179 vestes
451 5101 572 5170 dabat:
598 5119 710 5190 eoque
724 5095 762 5164 in
781 5117 908 5186 genere
923 5093 1034 5164 altera
1048 5107 1124 5164 erat
1138 5089 1217 5164 Eli·
1268 5119 1352 5186 gens
1368 5108 1615 5165 ornamentum
1633 5109 1848 5168 caeterarum
1859 5098 2035 5172 ,virtutum
2057 5127 2132 5174 esse
2154 5110 2251 5177 casti-

229 5203 372 5285 sabetba
403 5201 627 5282 Pannonica,
671 5220 776 5294 quam
810 5209 955 5288 propter
982 5191 1075 5268 hanc
1105 5195 1218 5266 bene·
1269 5211 1395 5281 tatem,
1436 5199 1539 5267 etiarn
1563 5189 1709 5268 Ethnici
1741 5199 1927 5284 dixerunt,
1967 5215 2002 5272 et
2028 5217 2121 5276 extat
2151 5210 2249 5298 digna
2314 5231 2315 5236 ¹

229 5307 406 5380 licentiam
436 5327 515 5392 erga
538 5313 676 5390 egentes
701 5313 735 5370 et
755 5296 997 5382 calamitosos,
1030 5297 1217 5388 praecipue
1268 5311 1465 5372 memoratu
1504 5297 1677 5368 sententia
1702 5295 1949 5394 Bacchylidis,
1997 5307 2126 5378 veteris
2154 5310 2248 5404 lyrici

230 5397 370 5481 laudati
388 5404 495 5478 scitis.
547 5399 658 5470 Norat
675 5412 792 5500 autern
808 5397 894 5466 fines
910 5397 1224 5470 etmetasofficiffi
1268 5413 1410 5492 poetae,
1441 5399 1504 5494 qni
1527 5399 1681 5492 principi
1705 5401 1841 5492 optimo
1864 5401 2016 5476 Hieroni
2034 5406 2247 5502 Syracusano
2314 5373 2315 5448 3

226 2739 312 2796 tunc
335 2721 490 2808 ingressa
509 2714 546 2782 iu
565 2709 657 2782 banc
670 2707 1057 2795 commemorationem,
1078 2706 1216 2777 emdita

227 2823 465 2916 disputatione
482 2814 631 2887 contulit
645 2815 828 2905 dogmata,
849 2825 884 2884 et
898 2811 1064 2884 refutavit
1078 2831 1215 2883 errores

228 2933 368 3010 eorum,
393 2923 455 3018 qui
478 2921 554 3012 pias
572 2929 707 2987 mentes
729 2939 749 2986 a
773 2929 961 3014 conspectu
985 2912 1052 2984 lilii
1068 2911 1134 2984 Dei
1151 2915 1216 2983 ab-

228 3033 383 3111 ducunt,
408 3037 442 3093 et
456 3023 499 3091 de
513 3019 747 3114 promissione
762 3017 885 3087 divina
901 3017 1063 3087 dubitare
1079 3015 1216 3088 iubent.
