4688 5826
62 285 140 362 su
203 235 209 258 '
577 382 581 392 ,
644 277 805 358 oues.
843 280 928 358 nu
968 241 1521 360 coeteros-unum
1994 261 2098 368 xete

63 471 160 529 nates
175 460 269 544 ess'e,
287 450 534 552 sicutPcules
549 447 717 531 secururs
744 449 881 530 Omnes
892 451 1074 551 ·Respnb.f
1102 451 1555 550 Quodquidcdrl'asietlsr
1577 457 1667 528 siud
1690 457 1880 550 perlectam
1898 457 2096 539 doctrinam

63 561 182 631 omnia
207 558 358 653 imperia
376 583 396 631 e
412 557 489 630 Deo
510 559 673 631 ordinata
688 583 772 633 esse.
826 559 947 651 Quare
962 561 1058 633 Deus
1101 553 1281 649 aspiratis.
1302 587 1306 598 ·
1332 555 1568 629 Nono-enoc
1584 561 1772 651 perfectam
1789 560 1986 650 docuinam
2010 544 2098 644 con}

64 685 135 735 non
157 665 275 733 solum
301 663 525 735 ludaloerum
545 657 680 753 legum,
717 664 778 732 sed
800 663 906 736 ctiam
928 659 1057 735 haman
1103 659 1351 754 sequiputest,
1376 661 1446 731 nisi
1462 661 2014 762 dignitatemstmagnitudinem
2032 659 2096 736 ha.

62 781 263 836 nostrarum
288 778 395 837 autor
413 777 483 850 est,
522 786 608 858 quas
635 765 913 858 sapientissimae
939 765 1057 838 nstid-
1098 783 1185 832 -rurn
1203 783 1325 831 rernm
1343 761 1526 854 intelligas.
1547 762 1621 845 ···ld
1644 770 1762 836 autom
1783 765 1859 836 fieri
1881 791 1955 855 non
1972 779 2098 863 potest,

61 891 139 950 nes,
181 880 217 938 et
254 868 389 958 optime
420 869 630 938 constitutae
662 869 821 940 civitates
839 861 1071 942 'tenuerunt‘
1103 863 1175 933 niel
1190 863 1262 934 vim
1278 863 1418 936 virtutis
1435 865 1620 956 intelligat,
1667 863 1809 937 Etcum
1828 867 2091 959 periectamdos

60 967 165 1041 Extat
180 965 268 1039 hoec
280 969 477 1059 disputatio
491 983 526 1039 et
540 971 632 1061 apud
651 969 892 1041 Aristotelem:
925 969 1054 1047 Utrum
1103 966 1253 1035 ctrimm
1270 967 1455 1056 expetetis,
1479 957 1573 1038 ordo*
1587 969 1693 1038 etiam
1710 963 1933 1064 adhibendus
1950 970 2033 1056 scil,
2060 983 2094 1043 el

62 1075 171 1142 satius
185 1073 305 1142 sures
320 1083 362 1141 ets
378 1061 511 1162 scripio
532 1071 610 1140 inre
626 1072 804 1157 iudicare,
828 1095 875 1142 an
898 1097 939 1142 ex
958 1073 1054 1142 arbl-
1105 1069 1274 1138 sumenda
1292 1091 1331 1136 ex
1348 1069 1426 1139 aliis
1443 1072 1578 1140 artibus
1593 1071 1827 1144 instrumenta
1842 1072 2033 1142 necessaria
2047 1073 2092 1145 ad

61 1177 127 1246 trio
154 1173 336 1258 iudicum3
363 1176 439 1242 sed
462 1167 670 1244 Aristoteles
695 1175 805 1263 'longe
824 1175 975 1266 praefert
998 1175 1054 1245 ius
1104 1163 1195 1238 hunc
1215 1169 1480 1260 professionem.
1533 1170 1654 1261 Quare
1670 1172 1700 1240 si
1719 1170 1801 1265 quis
1824 1186 1894 1253 cst,
1915 1173 1982 1270 ‚qui
2007 1197 2094 1250 con.-

60 1277 243 1369 scriptum.
285 1271 344 1346 'Et
367 1275 510 1369 quidem
533 1275 581 1345 ita
601 1277 704 1346 dicit:
733 1273 804 1366 Qui
825 1277 936 1368 legem
954 1277 1053 1369 prae.
1102 1272 1244 1362 templis
1260 1272 1426 1342 omnibus
1447 1273 1576 1357 literis,
1602 1273 1707 1344 irruit
1730 1273 1867 1359 adius,
1895 1275 1927 1344 is
1947 1275 2033 1348 sciat
2057 1297 2093 1346 se

60 1383 148 1460 licit,
179 1375 304 1452 Deum
318 1392 353 1450 et
368 1379 461 1467 leges
485 1377 562 1447 vult
577 1398 752 1469 praeesse,
779 1381 839 1449 sed
857 1381 919 1473 qui
937 1375 1053 1449 homi-
1102 1373 1170 1465 ipsi
1193 1373 1378 1444 doctrinae
1398 1375 1487 1443 iuris
1515 1375 1683 1446 iniuriam
1704 1375 1837 1457 facere,
1866 1399 1957 1470 quae
1978 1397 2092 1470 neque

60 1505 139 1552 nem
159 1469 336 1570 praeficit,
359 1481 462 1550 addit
481 1481 515 1549 ei
536 1481 709 1566 belluam,
734 1479 899 1554 videlicet
914 1481 1054 1574 cupidi-
1101 1475 1178 1546 rult
1192 1477 1370 1548 contemni
1385 1475 1471 1546 alias
1485 1477 1598 1550 bonas
1613 1493 1715 1560 ortes,
1737 1500 1850 1570 neque
1866 1478 1999 1571 percipi
2016 1479 2093 1548 sine

59 1595 219 1654 tetemet
240 1581 481 1667 irscundiam,
506 1597 695 1676 quaesunt
718 1583 895 1663 belluina,
921 1597 1053 1676 etper-
1102 1599 1229 1668 magua
1257 1577 1402 1649 scientia
1425 1579 1618 1651 multarum
1641 1580 1791 1648 aliarum
1812 1579 1941 1650 artium
1966 1575 2092 1674 potest.

60 1699 203 1756 vertunt
218 1677 354 1757 animos
370 1685 476 1754 etism
492 1684 529 1753 in
553 1685 639 1754 viris
654 1685 809 1777 optimis.
862 1682 909 1756 Aa
930 1685 986 1755 lex
1002 1700 1053 1758 est
1101 1677 1197 1754 Dixi·
2073 1676 2078 1691 ⁴

60 1811 157 1857 mens
168 1789 246 1856 sine
262 1787 465 1878 cupiditate·
519 1785 589 1856 Sed
603 1788 687 1882 qnid
705 1783 763 1856 isti
774 1785 943 1857 Centauri
958 1787 1051 1857 iudi-

58 1891 150 1960 cinrn
168 1889 371 1960 Aristotelis
390 1901 634 1974 morerentur,
667 1890 729 1984 qui
750 1911 865 1984 neque
879 1887 1050 1960 mercimo-

57 2017 134 2061 rum
158 1991 341 2076 viromm,
375 1990 436 2085 qui
465 1987 623 2082 Respnb.
652 1991 914 2063 constituerunt
937 2011 1051 2086 neque
1734 2062 1737 2076 ,
2072 2068 2076 2079 ,

57 2093 396 2186 sapientissimarum
427 2091 630 2178 civitatum,
664 2093 817 2186 denique
836 2117 952 2186 neque
981 2093 1050 2164 Dei
1112 2073 1261 2150 Nmffi·
1934 2083 2070 2167 (cnn0?)
2192 2119 2197 2128 ·

56 2195 190 2265 iudicio
213 2189 416 2265 moventur·
467 2194 618 2265 ¹Scilicet
643 2195 724 2286 plus
745 2195 866 2264 vident
889 2191 1050 2266 homines
1107 2171 1278 2200 Μ
1912 2173 2085 2206 m

57 2298 167 2378 ebrii,
194 2297 312 2380 stulti,
339 2296 513 2388 imperiti,
539 2295 794 2390 quam‘Solon,
816 2289 921 2390 quani
938 2295 1050 2368 Sena·
1187 2343 1214 2378 ι,
1333 2275 1409 2366 De
1440 2285 1611 2394 scripio
1641 2281 1742 2366 t'asre
1770 2291 1855 2366 etc.

4 2465 8 2476 .
56 2413 111 2471 lus
135 2394 370 2502 Atheniensis
395 2395 657 2500 acRornauus,
686 2417 797 2491 ¹quam
821 2398 962 2483 Moses,
987 2403 1049 2470 de·
1092 2463 1100 2472 .
1168 2448 1250 2522 ΑΜ
1270 2449 1336 2504 oret
1360 2451 1419 2508 Μ,
1491 2451 1616 2522 mul,
1657 2455 1852 2512 mmm,
1880 2454 1940 2508 ,Η
2008 2457 2059 2512 w

56 2503 164 2595 nique
187 2521 295 2594 qnam
322 2501 417 2570 Deus
439 2499 694 2588 ipseconilitor
715 2497 1049 2594 Rerumpub.etle-
1201 2489 1362 2575 inseruit.
1401 2469 2089 2598 .l.⁹p.225.sii'pndtttctard.‘r'.tl.§.post-'2

55 2628 138 2693 gum
163 2617 279 2675 amor·
336 2600 405 2673 Sed
432 2603 516 2692 quid
542 2603 579 2670 in
612 2603 862 2673 wmaniststa
887 2625 976 2693 opus
999 2619 1047 2674 est
1200 2587 1265 2658 Quo
1279 2605 1353 2643 enno
1368 2590 1468 2674 scripte
1481 2590 1530 2654 sil,
1548 2589 1657 2644 definiri
1672 2609 1730 2646 non
1747 2601 1853 2663 polest,
1878 2590 1928 2648 nisi
1948 2597 2020 2666 quod
2038 2615 2089 2650 co-

55 2707 161 2796 lungo
186 2703 451 2796 disputatione?
501 2701 605 2774 Haec·
620 2704 693 2773 dixi
717 2717 854 2776 tautum
878 2705 922 2774 ad
947 2731 1047 2798 prae·
1200 2661 1923 2808 qqqfcchquququieqsteepsssreqpqg·fficq'qnffmqqq:
1937 2675 2090 2804 :iiiiii

4 2867 5 2874 ,
54 2807 272 2878 muniendos
300 2808 555 2890 adolescentes,
588 2827 633 2873 ne
649 2805 857 2896 perniciosis
875 2795 947 2875 illis
969 2808 1048 2899 opi·
1198 2795 1414 2851 similitudinem.
1595 2893 1599 2909 ¹
1766 2893 1770 2900 ἢ

54 2907 742 2980 ntonibusindocromnadsentiantur.
794 2905 1048 2979 Demosthenes
1197 2959 1206 2978 ,
1348 2959 1356 2976 .
1475 2906 1516 2978 “.
1685 2898 1689 2914 ’
1734 2925 1739 2934 ’
1832 2899 1835 2911 ’
1874 2965 1886 2982 .
1988 2924 2009 2939 ·’
2065 2928 2070 2943 ’

4 3011 5 3046 ³
53 3013 90 3081 in
115 2999 271 3104 quadem
292 3009 498 3100 gravissima
520 3033 622 3078 causa
649 3009 755 3095 dicit,
797 2999 909 3110 legem
940 3012 1047 3082 luisse
1092 2958 1227 3030 oram
1255 2952 1401 3048 mmm
1426 2952 1843 3058 ''walramum“
1867 2983 1910 3036 Μ
1937 2981 2090 3056 ‘rm

54 3116 148 3183 sud
165 3110 320 3195 Locros,
346 3121 390 3180 ut'
408 3111 437 3179 si
460 3111 541 3204 quis
556 3131 723 3180 suasurus
746 3127 834 3182 esset
849 3130 978 3182 novam
997 3115 1046 3182 le·
1108 3165 1113 3176 .
1244 3145 1275 3181 ‚x
1307 3165 1329 3202 .,
1601 3167 1609 3184 .
1869 3173 1878 3190 .
1933 3173 1942 3190 .

54 3139 151 3306 gem,
181 3201 396 3305 proponeret
416 3230 515 3282 suam
530 3214 740 3282 sententiam
758 3213 944 3285 universae
959 3214 1047 3284 civi·
1209 3159 1398 3258 dmm
1412 3169 1584 3236 vm
1594 3171 1848 3260 mmmm
1862 3189 1982 3242 Μ’

52 3318 139 3403 cati,
172 3315 268 3385 cotto
289 3315 422 3385 inserto
445 3315 484 3383 in
507 3315 691 3408 laqueum,
722 3327 764 3386 ul
788 3315 818 3384 si
839 3305 895 3385 res
920 3317 1046 3408 displi-
1094 3295 1249 3383 Utiliter
1267 3311 1469 3383 institutum
1493 3327 1561 3400 est,
1593 3325 1634 3384 ul
1656 3313 1694 3383 in
1715 3307 1867 3410 quadam
1889 3297 2086 3412 frequentia

51 3421 181 3492 coisset
195 3414 630 3516 stetimstrangularetur,
651 3417 706 3486 sin
728 3429 844 3486 autem
859 3417 1047 3512 placuisset
1096 3413 1257 3482 omnium
1272 3411 1461 3496 ordinum,
1487 3427 1520 3487 et
1536 3416 1645 3486 totius
1661 3413 1871 3492 scholastici
1890 3436 2009 3491 coetus
2024 3425 2085 3492 de'-

51 3545 145 3592 novs
168 3519 526 3602 letie‘dlmlttelratnr
548 3527 653 3588 autor
677 3517 885 3604 incolumis,
927 3543 1046 3590 exem-
1089 3511 1287 3610 'cernantur
1312 3517 1442 3606 gradus
1466 3529 1500 3586 et
1525 3517 1708 3588 doctrinae
1733 3521 1947 3592 testimonia.
2005 3519 2084 3594 lta.

50 3639 111 3717 pto
135 3622 294 3714 collir'ex
320 3621 460 3716 ltqueo.
519 3617 566 3690 Et
586 3620 669 3714 quia
692 3640 799 3688 nemo
822 3621 924 3690 facile
950 3621 1041 3691 iudi.
1096 3629 1256 3708 mum'ut
1278 3617 1421 3710 publica
1442 3617 1692 3710 suffragiorum
1716 3635 1922 3694 nostrorum
1950 3619 2084 3706 renun-

51 3717 145 3798 cimn
171 3723 360 3794 summae
386 3722 538 3816 civitatis
567 3722 687 3792 subire
709 3743 814 3796 ausus
836 3735 907 3806 est,
940 3725 1044 3794 annis
1094 3715 1198 3786 ciatio
1220 3717 1521 3810 plnsflautoritatis
1547 3715 1712 3810 haberct;
1741 3723 1870 3794 deinde
1898 3727 1996 3794 utin
2019 3721 2085 3800 hac

52 3828 205 3919 amplius
228 3827 408 3910 ducentis,
440 3825 543 3894 nullo'
562 3847 654 3894 nova
670 3825 724 3892 lex
748 3825 817 3894 lata
835 3841 897 3899 est.
948 3824 1044 3897 Haec
1092 3819 1290 3912 frequentia
1316 3821 1481 3892 iuventus
1504 3823 1548 3893 de
1572 3823 1773 3894 studiorum
1791 3824 1961 3917 dignitate
1979 3844 2084 3924 atque

52 3923 467 4012 Demosthenesrectcls,
494 3941 536 3996 ut
552 3929 677 3997 doceat
698 3926 737 3995 in
761 3927 1043 3998 bene'eonstitu.
1088 3913 1246 3992 'utilitate
1262 3921 1507 3998 admoneatur.
1539 3923 1663 4020 ltaque
1676 3925 1739 3996 alii
1754 3951 1891 3998 surnma
1907 3951 1986 3999 curn
2004 3953 2081 4020 gra-

52 4047 83 4102 ta
102 4029 249 4121 Repub.
273 4029 460 4122 praecipue
479 4025 547 4098 boc
570 4027 704 4112 caveri,
740 4051 786 4098 ne
805 4043 935 4098 temere
953 4031 1043 4119 leges
1093 4023 1201 4094 vitate
1218 4013 1278 4095 hic
1294 4047 1395 4124 saepe
1411 4027 1456 4095 de
1470 4027 1586 4117 legum
1602 4027 1791 4118 dignitate,
1817 4033 1908 4100 etde
1924 4026 1990 4102 hoc
2009 4045 2082 4104 toto
2113 4121 2115 4126 Ι

51 4147 245 4206 mutentur.
305 4131 461 4203 Proinde
487 4132 605 4201 sciatis
636 4131 755 4213 vohis,
793 4133 1042 4216 adolescentes,
1092 4135 1218 4214 genere
1248 4127 1429 4224 doctrinae
1455 4127 1640 4210 dixerunt,
1674 4155 1714 4198 ³⁰
1744 4134 1975 4206 ostenderunt
1996 4127 2083 4208 hac‘c

51 4237 151 4305 nullo
170 4235 279 4304 modo
295 4257 374 4304 mm
390 4233 520 4326 ineptis
533 4233 605 4302 illis
624 4234 847 4302 sentiendum
865 4255 956 4317 esse,
978 4235 1040 4328 qni
1086 4224 1212 4297 'nostra
1238 4228 1354 4326 studia
1385 4229 1575 4322 praecipue
1604 4231 1650 4300 ad
1676 4224 1854 4328 Rernpub.
1887 4227 2082 4328 pertinere,

52 4339 102 4408 ins
117 4338 308 4428 seriptum,
334 4351 370 4406 et
384 4330 475 4404 hanc
489 4334 686 4404 doctrinam
704 4357 808 4427 quam
827 4335 1042 4426 profitemur,
1090 4327 1360 4430 seculttramquc'
1392 4332 1570 4420 ingentem
1604 4325 1849 4404 confusionem
1878 4343 1930 4408 ac·
1950 4333 2081 4411 barba*-

53 4465 87 4516 er
109 4441 191 4509 loro
216 4439 359 4529 explodi
380 4439 518 4511 volunt.
571 4435 671 4526 Quin
688 4437 737 4505 ita
754 4429 1042 4531 cogitare,‘inter
1090 4431 1179 4500 rienr
1201 4425 1522 4522 vitae'hominum,
1555 4432 1585 4503 si
1606 4429 1701 4506 bacc'
1723 4437 1896 4510 eruditior
1919 4442 2078 4516 doctrine
2131 4499 2132 4502 ,

53 4557 185 4613 caetere
209 4535 356 4612 honesta
380 4539 493 4612 officie
518 4535 585 4609 hoc
606 4561 747 4630 qnoque
764 4540 919 4632 requiri,
941 4541 1061 4610 urdo
1092 4529 1416 4605 lureconsultorum
1445 4535 1632 4611 deleretur.
1684 4537 1756 4608 Nec
1779 4565 1862 4612 vero
1889 4544 2077 4643 quicquam
2167 4615 2170 4620 ,

53 4646 127 4716 iure
157 4667 199 4713 ac
235 4643 374 4731 legibus
399 4657 600 4738 reverenter
623 4639 793 4712 sentiatis.
857 4638 929 4710 Vos
955 4634 1060 4712 vero¹
1090 4631 1273 4706 honestius
1295 4651 1365 4722 est,
1392 4649 1426 4707 et
1449 4637 1616 4710 omnibus
1638 4639 1744 4712 bouis
1761 4643 1862 4732 viris,
1888 4667 1928 4715 ac
1943 4651 2080 4738 praeci-

52 4743 249 4815 scholastici
265 4743 373 4831 luris,
398 4745 629 4814 memineritis
647 4737 737 4810 hanc
752 4743 948 4812 doctrinam
964 4767 1039 4814 non
1088 4759 1158 4829 pue
1179 4751 1303 4809 nostro
1328 4739 1455 4811 ordine
1470 4741 1630 4834 dignius,
1656 4767 1762 4838 quarn
1786 4769 2009 4840 propugnare
2027 4753 2078 4822 lc-

53 4851 164 4920 solum
178 4850 223 4916 sd
242 4843 309 4915 hoc
332 4846 442 4929 tradi,
467 4853 507 4915 stt
523 4845 720 4914 'causidicos
735 4841 862 4915 efficiat
878 4845 1039 4916 callidio·
1088 4855 1147 4929 ges
1174 4843 1352 4932 adversus·
1370 4844 1530 4936 luterem
1560 4847 1616 4914 vel
1642 4840 1783 4938 populi,
1824 4843 1878 4916 v'el
1906 4864 2076 4945 tyranno,

52 4975 117 5034 res,
153 4952 214 5018 sed
238 4949 354 5019 multo
383 4949 511 5036 mogis,
545 4961 583 5016 ut
607 4947 703 5015 viros
726 4947 835 5017 iustos
861 4973 901 5016 ec
924 4949 1038 5018 bonos
1087 4964 1181 5014 rum.
1233 4941 1365 5046 Nullae
1384 4947 1573 5031 victoriae,
1606 4949 1699 5016 nulli
1722 4945 1894 5042 triumphi
1919 4953 2075 5042 plusve.

52 5053 186 5124 efficiat.
222 5047 331 5120 'Hoc
365 5051 492 5141 putetis
519 5050 557 5118 iu
583 5043 649 5117 ltac
682 5049 842 5118 doctrina
869 5049 1037 5142 praecipi,
1087 5065 1146 5113 rae
1166 5045 1285 5114 laudis·
1307 5059 1507 5128 rnerentn'r,
1538 5073 1644 5142 quem
1677 5045 1761 5120 haec
1798 5053 1956 5123 defensio
1988 5083 2075 5149 pro.-

52 5157 140 5246 quod
158 5167 209 5223 est
227 5155 319 5241 apud
337 5152 675 5241 praestantissimum
693 5149 855 5220 Poetamc
967 5239 972 5246 ,
1086 5146 1326 5241 pugnatioqne
1350 5149 1437 5219 iuris
1461 5153 1711 5248 etdoctrinee,
1736 5168 1896 5247 quaeest
1919 5157 2074 5249 Reipub,

96 5261 213 5324 Discite
229 5265 372 5323 iustitiam
387 5265 515 5338 moniti,
542 5275 571 5321 et
585 5274 799 5340 non‘cpernerc
814 5259 910 5320 dicos.
1086 5251 1290 5345 necessaria.
1340 5251 1555 5348 Quanquam
1572 5268 1688 5324 autem
1707 5249 1791 5324 haec
1808 5279 1909 5326 causa
1926 5263 2075 5332 summis

51 5355 184 5430 Dabitis
205 5355 315 5447 igitur
337 5381 497 5449 opernm,
530 5371 569 5426 ut
591 5381 670 5423 cunt
689 5358 762 5445 ipsa
785 5355 944 5424 doctrina
960 5367 1035 5422 stu-
1086 5352 1309 5444 eloquentiae
1324 5353 1461 5423 viribus
1481 5361 1641 5425 ornanda
1659 5371 1749 5441 erat,
1776 5369 1893 5427 tamen
1911 5365 2073 5432 omniunt

54 5462 145 5532 dium
165 5461 324 5533 iusticias
352 5475 386 5532 et
409 5460 581 5530 omniurn*
601 5460 772 5528 virtutum
799 5456 1030 5548 coniungotis.
1084 5455 1262 5525 laudanda
1285 5469 1335 5526 est
1356 5455 1540 5545 voluntas,
1574 5461 1635 5552 qni
1661 5459 1796 5529 etiamsi
1822 5483 1896 5530 non
1927 5477 2075 5556 possunt

1095 3065 1199 3134 tione
1221 3061 1395 3130 Hectoris
1423 3064 1547 3148 luris,
1581 3059 1629 3132 de
1659 3067 1814 3156 scripte
1835 3067 1941 3154 iare,
1973 3065 2088 3148 etde
2203 3067 2204 3070 ’
