4614 5820
67 285 138 356 sn
519 251 527 256 “
649 277 808 356 nncn
840 275 916 351 nn
941 274 1140 352 ranno
1164 275 1495 354 arosroao.
2011 277 2086 352 ors

64 452 234 536 retinent,
258 448 320 518 sed
335 451 380 518 ad
397 447 612 522 incrementa
626 449 806 540 dignitatis
822 463 856 521 et
873 444 1049 518 honorum
1099 449 1157 520 nis
1190 451 1263 536 sul,
1304 465 1338 522 et
1369 445 1549 521 Ecclesiae
1580 448 1659 522 lesu
1693 433 1829 522 Christi
1859 451 2105 524 incrementa·

65 553 299 622 emolumenta
316 551 514 622 translatos.
566 551 608 622 ln
623 547 678 620 his
694 564 826 643 quanta
843 550 958 620 indies
972 561 1050 620 tur-
1100 549 1215 639 Quem
1232 553 1376 644 quidem
1392 565 1469 621 toto
1484 567 1623 641 pectore
1637 577 1701 624 oro
1717 565 1864 644 propter
1874 552 1989 622 filium
2001 551 2084 621 Me-

64 655 187 746 pitudo
203 651 387 742 appareat,
410 653 581 724 videmus.
633 649 788 745 Ideoque
807 665 842 722 et
861 649 1049 720 comtemni
1098 653 1290 736 diatorem,
1314 667 1354 724 ut
1371 653 1408 720 in
1422 648 1477 720 his
1492 655 1600 724 tantis
1614 656 1711 724 orbis
1730 667 1907 724 terrarum
1921 653 2085 724 tumulti-

64 751 146 824 haec
162 765 305 822 suenus
321 751 497 844 incipiunt
522 765 557 824 et
581 776 602 822 a
622 753 744 824 suiset
763 754 808 823 ab
821 752 989 835 externis,
1013 763 1049 822 et
1099 754 1166 822 bus
1188 754 1369 847 relliquias
1385 749 1561 826 Ecclesiae
1583 777 1666 824 snae
1683 767 1815 839 seruet,
1841 768 1876 825 et
1891 755 1950 844 pia
1968 754 2085 823 studia

65 853 192 924 sensim
215 851 368 922 diminui
395 867 499 945 atque
525 851 664 924 collabi.
725 851 862 923 Interea
886 851 1049 940 augendo
1099 849 1569 924 inhacr'lcademiaetalibi
1587 868 1741 929 tueatur.
1789 852 1919 928 Amen.
1971 851 2066 928 Dixi.

64 954 273 1044 imperitiam
295 967 329 1024 et
349 953 546 1024 barbariem
569 967 610 1024 ιιι
631 954 761 1023 alicubi
785 967 906 1024 contra
929 951 1049 1024 fatalia
1109 979 1122 986 ·

63 1057 152 1126 mala
176 1055 360 1138 nituntur,
392 1067 607 1124 accersentes
627 1054 797 1123 nimirum
818 1054 887 1123 sibi
910 1052 1049 1141 gravio-

5 1197 7 1204 ·
61 1179 134 1226 rem
157 1155 352 1226 interitum.
403 1153 486 1226 Non
509 1156 604 1224 enirn
622 1170 715 1226 certe
738 1155 927 1226 consistere
952 1165 1049 1244 pote-

63 1269 163 1338 runt,
189 1255 393 1347 quicunque
411 1279 447 1324 se
460 1268 591 1326 contra
607 1255 789 1326 veritatem
810 1267 846 1325 et
867 1249 1048 1326 Christum
1098 1231 1240 1366 Q·
1884 1242 2085 1361 'Q-

62 1356 231 1439 incitant,
256 1356 317 1424 sed
340 1357 528 1439 cornibus,
555 1370 595 1428 ut
615 1357 765 1440 dicitur,
791 1356 829 1424 in
852 1377 910 1424 aes
927 1355 1049 1424 incur·
2083 1391 2087 1403 ·

62 1456 134 1526 suri
148 1468 244 1528 sunt.
286 1454 426 1525 Horum
441 1457 549 1546 igitur
563 1457 720 1547 exempla
735 1479 801 1526 nos
816 1467 979 1526 moveant
992 1465 1048 1548 at·
1326 1435 1403 1518 De
1439 1431 1586 1520 Paulo
1614 1433 1853 1549 Apostolos

62 1580 128 1674 que
143 1570 330 1640 ‘nonem'
353 1571 394 1672 in
407 1569 442 1626 ei
455 1555 688 1674 Reipublicae
702 1570 737 1628 ei
751 1553 928 1626 Eidem
942 1549 1048 1670 Chri..
1166 1611 1197 1666 ln
1212 1610 1335 1667 Declam.
1348 1610 1382 1668 Τ.
1395 1607 1417 1662 Ι.
1434 1625 1460 1680 p.
1477 1609 1527 1662 119
1541 1626 1618 1681 sqq,
1640 1610 1756 1668 Serrest.
1770 1609 1804 1668 T.
1814 1610 1834 1666 l.
1847 1631 1872 1685 p.
1887 1613 1945 1670 1⁰2,
1966 1621 1993 1670 et
2011 1613 2086 1690 apud

63 1669 105 1726 ιιι
125 1650 329 1726 scholarum
358 1657 639 1727 rncolumrtatem
664 1671 889 1750 praestemus.
940 1653 1050 1726 Mults
1201 1677 1326 1734 nectara.
1342 1678 1375 1735 T.
1388 1677 1437 1734 ιιι,
1453 1677 1554 1749 pass.

64 1771 144 1827 suut
158 1756 289 1826 animis
305 1756 476 1848 superbis,
501 1759 563 1851 qui
576 1758 751 1850 progressi
768 1760 812 1828 ad
826 1751 990 1840 honores,
1015 1768 1050 1828 et

63 1858 130 1926 iam
146 1857 313 1928 collocati
336 1858 375 1926 in
395 1859 473 1930 luce
489 1855 739 1951 Reipublicae,
765 1859 861 1930 unde
883 1857 1049 1930 ascende·
1099 1861 1225 1930 (lentio
1240 1853 1287 1928 de
1308 1854 1453 1928 Paulo
1477 1855 1717 1946 Aposioln,
1735 1853 1867 1930 linbila
1892 1877 1917 1930 ιι
1941 1849 2084 1932 Cart·

63 1958 133 2028 rint
165 1957 328 2028 celeriter
360 1959 630 2033 obliviscuntur.
689 1955 738 2032 Ει
762 1973 898 2032 cenent
922 1975 1050 2042 tamen,
1199 1955 1421 2050 stopboro
1447 1961 1469 2028 1
1473 1979 1558 2029 ono
1565 2005 1578 2048 ,
1604 1957 1709 2030 Anno
1724 1961 1981 2032 MRXLHI.

62 2059 157 2128 nulla
173 2057 245 2128 alia
261 2058 430 2148 opinione
446 2062 599 2147 etfama,
615 2083 720 2155 quarn
736 2060 929 2145 doctrinae,
945 2059 1050 2132 altius

6 2167 7 2170 ’
63 2153 226 2228 homiues
241 2159 372 2232 ,1201st
424 2161 1049 2253 Quaeautempemffitafflpquo,
1098 2113 1279 2214 Proponit
1303 2117 1371 2191 hoc
1393 2121 1451 2189 die
1464 2115 1620 2190 Ecclesia
1642 2121 1879 2192 meditandam
1899 2113 2001 2194 Pauli
2025 2119 2083 2192 bi-

64 2259 227 2344 mindam,
253 2272 371 2348 postea
387 2259 492 2334 etiam
507 2261 669 2330 ordinem
687 2256 934 2332 scholasticum
948 2258 1050 2354 quasi
1080 2341 1082 2346 Ι
1099 2226 1267 2341 ⁸¹⁰¹i³¹¹¹2
1293 2247 1333 2340 ³}
1348 2220 1637 2339 D⁰i‚h⁰¹i⁸fi⁰i⁰fn
1649 2223 1812 2339 felfblab
1824 2223 1826 2229 Ι
1838 2225 1900 2316 ‘lui
1916 2239 1950 2343 {l
1965 2231 2090 2296 010m⁴

1099 2329 1199 2419 plum
1213 2323 1473 2426 meserecordiae
1489 2333 1631 2392 caeteris
1646 2345 1784 2415 rnsrgne
1799 2325 1962 2411 ostendit,
1983 2323 2083 2397 hoste

64 2355 235 2430 humilem
252 2359 467 2450 despiciunt,
491 2374 526 2432 et
541 2359 657 2454 iniqui
678 2357 762 2432 huic
782 2375 866 2432 sunt
881 2375 1110 2453 tanquam,
1234 2425 1242 2442 ,
1633 2423 1642 2440 ,
1950 2428 1958 2444 ,
2071 2429 2081 2445 ,

1099 2453 1136 2497 ιιι
1156 2439 1302 2515 gratiam
1324 2435 1482 2512 receptu,
1508 2437 1543 2492 et
1559 2423 1661 2492 nobrs
1672 2419 1862 2493 Ductorem
1878 2427 1995 2512 dedrt,
2019 2454 2082 2520 qur

64 2459 244 2578 inimicotu
264 2472 327 2576 aut·
349 2461 562 2550 negl‘cmm
585 2461 713 2580 iamm-
728 2462 845 2580 iinm’
866 2476 910 2579 ut·
929 2459 1050 2534 alieni
1121 2528 1248 2598 tvivus
1264 2547 1375 2592 annos
1391 2522 1462 2591 lere
1477 2535 1581 2591 seret
1598 2523 1641 2592 tri
1669 2519 1853 2594 'ntaEvan
1878 2527 1986 2595 elium
2025 2551 2081 2596 as·

66 2558 156 2648 Quld
181 2559 245 2628 alu
267 2562 412 2650 qmdam
436 2563 596 2652 omnem
619 2574 654 2632 ei
678 2565 824 2646 (Μεθ’
850 2587 912 2654 qm
933 2583 1048 2654 quon·
1099 2555 1165 2697 iim
1183 2627 1222 2696 in
1240 2625 1332 2694 hona
1349 2615 1454 2692 Asiae
1478 2637 1581 2714 atque
1596 2547 1763 2714 Eugrhpae
1777 2548 1877 2715 part}
1891 2553 2082 2698 circuriitu-

66 2663 140 2728 dnm
157 2657 252 2728 servi
271 2673 371 2730 erant
389 2662 667 2752 superstitionis,
691 2685 786 2732 nunc
802 2663 975 2732 declarata
988 2685 1049 2730 ve-
1116 2731 1124 2747 ‚
1649 2724 1657 2741 ,
1677 2725 1685 2740 ,
1706 2725 1716 2742 ,

66 2761 162 2832 ritate
188 2758 390 2850 religionis,
414 2763 500 2854 quid
521 2761 678 2832 faciunt?
709 2751 1051 2848 mercedem'angui-
1100 2731 1172 2845 ¹2¹⁰,
1204 2723 1252 2796 Ei
1271 2737 1453 2842 pqstquam
1472 2748 1512 2792 ⁰¹
1528 2717 1594 2792 hac
1610 2725 1736 2840 ‘milui'
1754 2739 1917 2843 ⁸Y⁰ff³i⁰⁸
1930 2742 1999 2814 θεῖ’
2013 2751 2081 2847 fe·

65 2885 143 2930 nam
166 2861 372 2948 rependunt
395 2863 681 2958 benefactoribus
707 2863 800 2945 suis,
832 2877 864 2934 et
888 2862 1049 2930 libertate
1099 2831 1190 2897 hcm
1231 2825 1428 2932 ¹¹²¹l¹⁵⁸¹m¹⁸
1463 2837 1702 2894 ¹¹¹⁰¹¹¹¹¹¹¹²¹¹²¹⁸
1736 2829 1853 2898 “mhi
1889 2823 2082 2900 E⁶⁰¹⁸⁵¹³m

66 2975 158 3052 parta
181 2961 229 3030 ad
244 2961 481 3051 'cupiditatum
502 2986 647 3042 suarum
662 2961 828 3056 obsequia
843 2963 1050 3042 abutuntur·
1098 2941 1280 3022 Perpau&
1333 3009 1335 3014 ·
1867 3040 1870 3048 ,

65 3059 234 3154 Reliquae
251 3055 367 3130 adhuc
385 3075 564 3155 utcunque
584 3059 723 3132 scholae
742 3075 826 3132 sunt
843 3063 880 3132 in
899 3060 1051 3132 Germa·
1201 3057 1301 3131 Nihil
1325 3072 1441 3130 autem
1466 3060 1577 3149 magis
1599 3061 1698 3132 decet
1725 3065 1929 3152 praesertim
1961 3065 2001 3134 in
2026 3061 2092 3136 his.

67 3164 136 3230 nia:
161 3161 309 3250 collegia
333 3163 393 3230 illa
416 3151 635 3242 sbcerdotnm
658 3162 727 3230 iam
744 3162 881 3253 pridem
895 3162 1049 3232 labantia
1099 3161 1344 3252 congressibus
1365 3161 1512 3245 nostris,
1537 3185 1644 3255 quam
1662 3175 1696 3230 et
1712 3179 2028 3251 vocemnostram,
2048 3181 2092 3248 et,

67 3285 123 3330 sua
138 3261 389 3336 motenosant,
440 3255 614 3334 Monachi
631 3263 669 3330 in
685 3261 874 3334 stoliditate
889 3263 1050 3352 etimpe-
1099 3264 1237 3332 animos
1266 3273 1301 3330 et
1332 3271 1431 3344 vota,
1475 3285 1555 3331 cum
1591 3259 1747 3332 Ecclesia
1783 3263 1851 3336 Dei
1880 3289 2085 3356 congruere.

68 3361 141 3431 ritia
172 3384 238 3432 sua
271 3374 305 3430 et
331 3362 641 3452 superstitionibus
674 3361 835 3430 ridiculis
867 3363 940 3432 lere
968 3385 1049 3431 eva·
1100 3362 1207 3452 Quod
1240 3385 1320 3430 cum
1353 3362 1562 3450 cogitarem,
1601 3364 1701 3432 nulla
1726 3366 1834 3464 deep-e
1860 3367 1928 3445 alia
1954 3369 2083 3457 potios,

68 3474 232 3532 buerunt.
284 3458 383 3551 lpsae
407 3463 512 3546 etiam
541 3457 681 3532 scholae
707 3462 838 3532 alicubi
863 3485 936 3532 sese
959 3462 1050 3530 male
1100 3487 1206 3556 quam
1229 3463 1273 3530 de
1289 3458 1399 3529 Paulo
1423 3461 1613 3531 dicendum
1634 3487 1707 3531 esse
1728 3460 1904 3570 iudicavi,
1927 3483 2092 3561 praescr-¹

69 3575 227 3646 tuentur,
249 3559 693 3634 alicubiiacentdesertae.
746 3559 887 3650 Quibus
910 3575 944 3634 et
966 3561 1050 3652 ipsis
1100 3563 1163 3632 tim
1187 3559 1357 3632 rumeins
1375 3555 1522 3630 historia
1542 3563 1667 3631 nosde
1689 3557 1745 3631 his
1769 3563 2021 3656 ipsisstudiis‚
2044 3568 2082 3638 in

69 3663 228 3743 vastatis,
257 3661 343 3752 qnid
373 3663 532 3732 futurum
557 3685 630 3732 esse
653 3663 834 3747 videatur,
866 3686 940 3732 nnn
964 3662 1050 3730 libet
1099 3663 1230 3756 quibus
1245 3683 1443 3744 versamur,
1467 3652 1500 3730 e't
1517 3664 1561 3730 de
1575 3663 1740 3732 universo
1756 3677 1877 3734 nostro
1894 3669 2085 3756 curriculo,

69 3761 255 3833 tristissimi
278 3763 408 3832 ominis
430 3786 533 3832 causa
557 3763 688 3856 eloqui.
740 3759 967 3853 Quapropter
984 3784 1050 3830 nos
1099 3762 1399 3854 plurimamonet.
1439 3759 1554 3854 Quem
1569 3762 1664 3831 enim
1679 3759 1849 3834 habemus
1861 3767 1971 3836 alium
1987 3767 2085 3841 Scri·

69 3885 207 3948 omnes,
228 3857 391 3930 'omnium
407 3863 574 3931 ordinum
590 3876 626 3934 et
642 3861 885 3934 conditionum
902 3883 1052 3946 consen·
1100 3876 1248 3954 ptorem,
1271 3862 1332 3954 qui
1346 3869 1472 3951 genera
1490 3863 1744 3950 doctrinarum,
1769 3861 2030 3959 Philosophiae,
2050 3883 2089 3942 et

70 3963 194 4033 tiamne
205 3962 333 4032 animis
354 3985 394 4031 ac
407 3963 668 4042 voluntatibus,
689 3963 911 4032 conferamus
929 3985 1051 4051 operas
1100 3959 1297 4052 Evangelii,
1321 3961 1543 4033 artificiosius
1555 3963 1733 4050 discernit,
1758 3953 1821 4060 qui
1835 3991 1937 4038 usum
1953 3972 2086 4040 utrius·
2167 3999 2179 4014 ‚

71 4078 101 4132 et
116 4063 252 4148 studia,
278 4063 403 4132 officiis
427 4063 559 4132 mutuis
574 4059 640 4132 nos
662 4063 858 4136 fulciamus.
908 4061 1052 4134 Namut
1101 4079 1256 4156 quetam
1281 4065 1464 4154 perspicue
1485 4075 1677 4148 monstrat,
1703 4065 1764 4157 qui
1788 4059 2084 4162 nobisRemp'nb.

72 4165 166 4234 aliter
187 4163 286 4232 nulla
308 4164 545 4232 communitas
568 4163 693 4232 llorere
709 4163 891 4256 atquediu
915 4187 1052 4252 perma-
1100 4179 1278 4246 nostram,
1310 4163 1346 4230 id
1364 4177 1414 4232 est
1430 4159 1641 4246 Ecclesiam,
1667 4165 1797 4235 clarius
1814 4171 1999 4255 describit,
2023 4173 2086 4264 qni

72 4289 149 4332 nere
165 4277 294 4354 potest:
321 4265 369 4333 ita
387 4262 502 4332 civilis
519 4279 555 4334 et
568 4259 773 4332 scholastica
794 4263 1051 4332 administratio
1101 4267 1237 4354 saepius
1258 4277 1379 4334 monet
1404 4289 1554 4356 quarum
1582 4289 1701 4333 rerum
1725 4269 1886 4338 doctrina
1910 4269 2087 4342 Ecclesiae

73 4365 141 4434 sine
173 4363 326 4454 pernicie
349 4361 582 4454 Reipublicae
607 4363 731 4431 divelli
764 4387 803 4432 ac
830 4363 944 4432 dividi
977 4387 1050 4432 non
1100 4362 1293 4433 necessaria
1316 4363 1387 4434 sit?
1436 4360 1489 4432 Ac
1509 4365 1581 4432 scin
1605 4389 1667 4435 vos
1688 4392 1811 4439 omnes
1834 4367 1934 4439 Pauli
1956 4377 2094 4442 nomen'

73 4477 223 4554 possunt.
274 4461 476 4534 Delendant
495 4459 743 4534 scholasticum
768 4465 929 4534 ordinem
946 4461 1052 4531 Prin·
1101 4463 1149 4548 ita
1166 4487 1301 4546 amare,
1325 4477 1365 4532 ιιι
1389 4463 1577 4534 consilium
1594 4489 1712 4536 meum
1733 4469 1882 4539 maxime
1904 4474 2087 4562 probaturi

73 4566 159 4656 cipes
181 4579 215 4634 et
234 4564 413 4649 civitates,
438 4565 554 4648 alant,
585 4577 786 4657 protegant,
809 4563 1050 4660 munificentia
1101 4563 1189 4638 sitis.
1240 4563 1310 4633 Sed
1327 4564 1441 4633 dicam
1459 4564 1629 4655 ingenue,
1653 4581 1853 4661 quanquam
1868 4573 1967 4642 nulla
1986 4573 2025 4642 in
2049 4595 2090 4642 re

74 4687 128 4734 sua
154 4665 359 4748 sublevent,
383 4665 458 4752 *vel
491 4667 609 4754 potius
636 4665 816 4736 extollant.
872 4661 941 4733 Hic
969 4687 1051 4733 vero
1101 4665 1243 4736 suavius
1267 4665 1468 4757 acquiesco,
1494 4691 1599 4758 quam
1621 4667 1659 4736 in
1680 4653 2094 4758 e'oginctonectocsrtnae·

75 4763 247 4855 Principes
270 4779 304 4834 et
327 4763 493 4858 civitates
508 4767 619 4846 colat,
647 4779 789 4855 augeat,
814 4781 936 4846 ornet,
961 4765 1052 4833 cele-
1101 4779 1136 4837 et
1162 4766 1340 4834 actionum
1366 4764 1470 4835 Pauli
1502 4780 1536 4837 et
1561 4767 1731 4837 similium
1755 4771 1933 4842 virorum:
1957 4787 2095 4843 tamese·

76 4866 154 4935 bret.
188 4865 257 4936 Hic
272 4866 514 4936 subministret
529 4879 564 4936 et
577 4867 667 4935 aulis
684 4880 718 4936 et
731 4865 876 4936 Senatui
893 4890 932 4935 ac
949 4889 1053 4955 prae·
1101 4865 1297 4956 amplitudo
1313 4887 1434 4936 rernm
1448 4891 1506 4935 me
1517 4869 1703 4954 movebat,
1727 4883 1768 4940 nt
1783 4871 1880 4940 aliud
1901 4863 2091 4960 argumen-¹

77 4968 177 5052 torio,
211 4981 315 5060 atque
339 4966 376 5034 in
405 4965 530 5056 primis
552 4963 737 5048 Ecclesiis‚
770 4966 905 5050 bonos,
937 4967 1053 5050 utiles,
1101 4981 1176 5036 tum
1191 4965 1307 5056 potius
1325 4989 1545 5058 quaererem:
1570 4981 1611 5038 nt
1631 4969 1725 5037 enim
1742 4969 1916 5041 Paulinae
1928 4975 2094 5066 disputa-¹

78 5069 226 5138 doctrina
252 5080 286 5138 et
308 5068 437 5158 pietste
465 5068 671 5156 conspicuos
700 5067 893 5154 ministros.
926 5063 1052 5134 »Hanc
1099 5067 1214 5138 tiones
1238 5079 1342 5159 atque
1359 5067 1532 5150 actiones,
1559 5070 1760 5140 universam
1776 5055 1970 5142 Ecclesia'ltt
1985 5089 2086 5146 ’ωιιι-

78 5169 350 5238 coniunctionem
367 5168 529 5257 probabit
546 5165 660 5250 Deus,
690 5183 724 5238 et
744 5165 940 5238 fortunabit
955 5167 995 5235 in
1011 5188 1052 5238 ea
1080 5168 1224 5258 eplerae
1243 5179 1347 5252 sunt,
1372 5168 1420 5237 ita
1443 5171 1488 5237 de
1507 5169 1558 5238 eis
1578 5172 1760 5261 perspicue
1776 5171 1848 5241 dici
1869 5177 1943 5245 nien
1961 5173 2091 5266 potest,

79 5279 172 5359 atque
197 5263 365 5359 prbvebet
387 5274 554 5352 conatus,
581 5270 718 5349 studia,
751 5290 876 5360 operas
897 5281 1050 5356 nostras,
1099 5267 1169 5338 nisi
1199 5268 1380 5358 religionis
1409 5269 1569 5355 exordia,
1614 5271 1830 5343 incrementa
1856 5286 1892 5345 et
1918 5276 2101 5373 pleraque

78 5369 221 5460 dirigens
244 5367 331 5440 baec
345 5370 464 5438 omnia
478 5371 682 5439 ad'laudem
704 5370 916 5442 nnenotmt
933 5369 1051 5440 nomi-
1100 5369 1291 5442 caninius
1311 5355 1527 5463 repetamhr.
1620 5400 1649 5413 ..
1680 5397 1683 5412 ·
1721 5411 1724 5418 ·
