4696 5820
113 271 191 348 coe
338 201 341 208 ’
514 302 532 316 -
694 259 859 364 suen
888 193 1615 342 urs-nrnnnanrunrtce‘
2072 268 2149 348 no

114 460 248 520 denen
275 439 438 523 ddctrius
461 435 1111 536 coelesticircuuiertlitarasstls»
1157 431 1492 510 hasladultat'ibnst
1534 431 1582 508 ita
1606 429 1723 510 selnnt
1738 429 1770 530 ⁸)
1791 459 1933 523 omnes,
1956 439 2028 538 *qui
2046 443 2146 516 luro-

115 569 220 639 gnm,
250 569 399 640 agareus
414 547 447 618 ei
462 545 613 638 gratias,
643 545 743 638 qusd
753 541 1111 636 undiquezasterngn
1158 535 1419 632 sisllpieureos
1433 541 1668 610 detestantur:
1689 558 1767 610 man
1782 543 1995 630 doctrinam,
2007 545 2061 616 -in
2077 569 2148 640 qua

113 647 317 722 Ecclesiam
330 649 483 740 colligit,
504 657 539 718 et
579 667 734 740 uauqam
749 644 896 718 miserae
910 656 995 716 snut
1008 637 1112 735 peres
1159 665 1196 714 se
1210 639 1309 724 Dens
1324 639 1508 733 patefecit,
1532 641 1798 732 praeomuilsus
1814 644 1895 714 aliis
1914 646 2023 717 rebus
2041 659 2166 742 erpe·'

111 752 360 844 grinatioues,
385 766 505 824 tamen
519 671 638 820 idhar
652 745 781 817 militia
798 745 832 816 ei
846 747 1051 828 serviamus,
1075 750 1110 814 ct
1146 745 1303 818 ‘nudam
1320 763 1406 816 esse.

12 883 14 936 t
111 877 242 924 rocern
259 849 450 944 Evangelii
462 864 497 922 et
513 843 578 920 has
591 847 770 934 liternlas,
794 871 885 942 quae
900 857 1052 939 possunt
1065 843 1111 914 ad
1260 841 1331 916 Sed
1344 844 1469 913 dicunt
1482 841 1614 937 aliqui,
1637 846 1813 920 transfusa
1828 869 1903 919 esse
1918 863 2150 922 monumenta
2287 885 2292 897 ¹

111 954 371 1028 illustraudsru
384 948 794 1033 docniuetucualestem.
817 949 914 1021 bona
928 949 999 1020 lide
1009 959 1111 1020 tusas
1159 942 1435 1039 Prophetarum·
1452 941 1491 1014 in
1511 943 1678 1016 Latinam
1709 947 1887 1039 lingnam,
1923 962 1959 1021 et
1983 973 2081 1024 nuuc
2108 954 2150 1024 in

113 1079 198 1127 mur
228 1071 268 1128 et
290 1077 536 1150 propagemus.
594 1051 685 1126 Cusn
707 1049 817 1141 igitur
838 1046 932 1121 hauc
953 1062 1110 1122 nonno
1161 1047 1424 1132 Germardmm,
1449 1041 1643 1140 quarenon
1658 1041 1822 1122 videatur
1835 1074 1926 1146 opus
1939 1073 2014 1124 esse
2027 1055 2150 1146 lingua

113 1158 289 1230 militiam
304 1173 438 1250 gratam
462 1179 536 1228 esse
553 1153 629 1228 Deo
650 1153 863 1238 existimem,
895 1151 1050 1244 primum
1071 1148 1112 1218 iu
1161 1148 1300 1222 Ebraea
1319 1147 1360 1242 ⁵).
1409 1145 1636 1222 Haeeoratio
1655 1173 1675 1220 a
1692 1173 1749 1221 me
1765 1175 1839 1224 nou
1855 1155 1979 1225 acerbe
1995 1155 2151 1248 exagita-

11 1259 13 1328 ἶ
108 1255 184 1330 hoc
199 1261 353 1332 exordio
366 1261 439 1329 rnei
457 1257 631 1330 muneris:
663 1256 792 1325 invoco
808 1247 841 1350 ²)
857 1252 973 1326 Deum
997 1265 1132 1324 aeter—³
1159 1253 1271 1336 bitur,
1296 1257 1380 1322 uam
1393 1264 1427 1320 et
1440 1273 1504 1341 ego
1519 1249 1872 1344 interpretationibus
1885 1255 2037 1329 libenter
2050 1272 2149 1330 ntur:
2260 1309 2271 1320 -

11 1367 13 1434 l
107 1385 206 1458 uuus
233 1375 371 1456 patrem
385 1359 536 1432 Domini
557 1357 671 1430 nostri
692 1353 772 1428 lesu
792 1353 945 1440 Christi,
975 1370 1114 1438 ac‘oto,
1161 1351 1281 1428 etDeu
1294 1352 1520 1444 gratiasagu,
1544 1357 1640 1446 quod
1656 1356 1820 1428 excitarit
1834 1356 2036 1451 aliquorum
2051 1385 2153 1431 cueu-

113 1477 155 1534 nt
170 1485 276 1534 meos
290 1464 431 1534 labores
446 1475 543 1552 regat
558 1473 593 1531 et
606 1457 763 1532 adiuvet.
790 1454 931 1528 Deinde
945 1455 1114 1528 illustris·
1160 1470 1236 1540 tes,
1259 1471 1300 1526 ut
1314 1453 1622 1546 interpretationes
1637 1456 1835 1528 luculentas
1851 1459 2006 1533 ederent.
2061 1457 2150 1532 Exi-

112 1561 383 1658 simoPriucipi
397 1563 529 1654 gratias
540 1583 625 1653 ago,
650 1560 747 1655 quud
763 1581 843 1630 seras
855 1572 978 1648 gentes
991 1559 1037 1628 ad
1052 1579 1114 1626 re·
1162 1559 1268 1630 stimu
1282 1557 1398 1642 enim,
1418 1553 1537 1628 Deum
1549 1557 1630 1626 ideo
1647 1558 1801 1629 voluisse
1815 1560 1873 1630 edi
1886 1559 2152 1654 interpretatio-

114 1689 194 1736 raau
208 1663 292 1738 Deo
307 1667 526 1758 agnitiuueru
541 1664 688 1749 inritat,
712 1673 747 1732 et
759 1661 800 1730 in
812 1654 871 1732 his
886 1660 991 1732 tern's
1004 1656 1115 1730 miul-
1163 1683 1245 1730 uem
1261 1681 1281 1730 a
1296 1658 1530 1750 septuaginta,
1547 1671 1704 1751 ternpore
1711 1657 1905 1732 Ptolemaei
1912 1649 2155 1759 Philadelphi,
2249 1709 2262 1714 -

11 1769 13 1776 ’
114 1767 272 1840 sterium
289 1763 476 1859 Evangelii
488 1779 528 1838 et
542 1760 683 1836 scholas
697 1761 897 1837 mnnituit:
923 1783 1014 1856 quae
1031 1781 1114 1830 cum
1164 1775 1226 1834 aut
1247 1761 1430 1855 aliquanto
1454 1774 1551 1852 post,
1582 1773 1623 1830 ut
1645 1755 1810 1833 homiues
1832 1763 1885 1856 pii
1907 1764 2003 1838 iuter
2021 1782 2152 1857 genter

112 1869 191 1941 siut
204 1870 398 1964 praecipua
411 1867 500 1945 honi
514 1865 761 1960 gsshemsturis
774 1887 892 1957 opera,
916 1859 1115 1936 hortandus
1163 1865 1226 1958 qui
1250 1863 1449 1934 doctrinam
1474 1863 1519 1931 de
1539 1885 1621 1932 vera
1643 1862 1869 1936 invocatione
1883 1858 1952 1936 Dei
1975 1867 2152 1943 aludaeis

10 2003 11 2008 =
114 1985 189 2054 est,
234 1985 298 2059 ut,
338 1973 437 2066 quod·
466 1971 572 2056 lecit,
615 1963 705 2040 hacc
731 1979 833 2040 unta
862 1967 959 2038 bona
986 1985 1116 2036 ornare
1165 1964 1295 2058 passim
1307 1961 1437 2057 sparsis
1456 1975 1532 2034 tuto
1552 1964 1641 2034 urbe
1662 1977 1834 2037 terrarum
1857 1967 2075 2057 didicerant,
2106 1973 2154 2042 li-

10 2107 11 2116 ,
113 2087 256 2164 pergat,
428 2123 432 2130 ,
790 2121 793 2128 .
1165 2069 1249 2140 broc
1262 2061 1488 2158 propheticos
1503 2060 1532 2161 ⁵)
1546 2087 1669 2154 graece
1682 2065 1797 2157 legere
1810 2083 1973 2160 possent,
1997 2069 2093 2166 quod
2111 2097 2154 2147 ea

222 2173 333 2246 Nune
348 2195 434 2243 vero
457 2169 742 2244 adolescentibus
765 2167 903 2263 aliquid
921 2167 1115 2238 dicendum
1166 2170 1287 2259 lingua
1303 2183 1388 2242 tnnc
1401 2167 1553 2239 manime
1573 2169 1773 2244 eommunis
1791 2185 1877 2246 erat.
1934 2167 2014 2246 llltsi
2035 2189 2155 2247 antem

114 2288 171 2348 est
185 2275 383 2363 decausis,
412 2295 478 2346 cnr
497 2273 620 2366 lingua
644 2265 850 2365 prophetica
873 2269 1116 2360 cognoscenda
1165 2294 1205 2340 ea
1221 2269 1465 2362 interpretatio
1480 2289 1601 2360 saepe,
1627 2283 1667 2342 ut
1682 2270 1720 2340 in
1735 2271 1872 2364 pictura
1896 2297 1987 2368 qnae
2008 2278 2153 2350 umbras

113 2379 182 2464 sit,
208 2391 256 2453 ut
277 2399 423 2470 operam
448 2387 485 2446 et
506 2387 647 2468 tempor
668 2372 805 2446 utiliter
824 2372 1062 2447 collocuturos
1079 2391 1117 2440 se
1161 2385 1305 2444 tansum
1321 2372 1483 2442 imitatur
1498 2393 1708 2462 corporum,
1736 2374 1922 2446 obscurius
1937 2378 2056 2450 reddit
2071 2401 2154 2452 sen-

118 2502 195 2552 esse
213 2479 434 2569 intelligant.-
467 2474 559 2548 Nam
573 2477 614 2546 iu
629 2489 727 2547 tanta
743 2475 837 2548 vitae
852 2474 1043 2565 lugpcitate
1057 2495 1117 2543 cs·
1164 2474 1313 2554 tentiae,
1339 2486 1458 2544 tamen
1474 2473 1577 2545 lectio
1595 2487 1668 2546 tota
1686 2475 1875 2547 mediocris
1891 2491 1964 2564 est,
1987 2503 2099 2574 qnare
2119 2495 2155 2554 et

119 2583 282 2652 rendum
299 2593 369 2665 est,
394 2601 440 2648 nc
454 2579 560 2650 rebus
575 2578 766 2650 inutilibus
778 2575 1029 2662 innumerus,
1052 2574 1114 2644 sed
1165 2575 1330 2669 Apostoli
1347 2598 1387 2644 ea
1403 2573 1458 2646 usi
1475 2587 1570 2649 sunt.
1628 2573 1754 2648 Postea
1768 2573 1980 2674 Hieronymi
2002 2582 2157 2673 diligen-

118 2696 159 2754 ut
175 2703 392 2777 quaeremus
408 2693 443 2752 et
457 2703 621 2772 paremus
643 2675 748 2775 es')‚
778 2690 874 2772 quae
891 2678 1027 2751 aditum
1049 2699 1135 2746 uo·-
1165 2673 1240 2764 tia,‘
1271 2671 1471 2768 Prophetae
1494 2678 1579 2748 satis
1604 2679 1789 2771 perspicue
1816 2681 1915 2776 loqui
1950 2700 2154 2774 coeperunt.

119 2784 176 2856 bis
200 2783 420 2878 patefaciunt
440 2783 485 2853 ad
515 2798 694 2854 aeternam
714 2777 783 2852 Dei
812 2778 1137 2852 cousuetudinem„
1165 2777 1381 2850 Germanice
1405 2801 1489 2847 veru
1516 2803 1613 2850 nune
1634 2773 1830 2852 aLuthero
1855 2785 1969 2856 multo
1991 2787 2155 2859 foelicius

119 2885 177 2958 sia
197 2901 318 2959 sutem
340 2884 505 2955 omnium
530 2883 603 2956 vita
623 2883 757 2956 directa
781 2883 828 2952 ad
849 2875 916 2950 hos
938 2879 1045 2964 bues,
1075 2891 1117 2948 ut
1165 2881 1296 2953 redditi
1311 2878 1394 2951 sint.
1445 2873 1521 2950 Has
1534 2880 1841 2974 interpretationes
1859 2899 1892 2956 ct
1908 2887 1982 2978 ipse
1995 2885 2096 2979 lego,
2121 2903 2156 2960 et

119 2984 219 3060 Deus
238 2999 332 3059 recte
344 2987 552 3071 celebretur,
574 2981 773 3057 etldcclssia
787 2995 949 3056 eruetur.
973 2979 1136 3053 Postrez'
1163 2979 1207 3054 ut
1220 2982 1363 3055 assidue
1376 2981 1469 3072 legat
1483 2983 1653 3076 pupulus,
1680 2996 1777 3075 opto.
1830 2983 1967 3058 Interea
1982 3001 2100 3060 tamen
2115 2991 2156 3061 iu

67 3176 73 3193 x
119 3111 181 3160 ruo
209 3101 253 3162 ut
279 3109 346 3160 uss
373 3087 442 3180 ipsi
470 3085 510 3158 is
531 3083 787 3160 Ecclesia'Deo
815 3083 1030 3165 serviamus,
1076 3099 1137 3152 ac‘
1168 3081 1634 3157 scholisloutesuotisnnt.
1683 3083 1832 3158 Necesse
1846 3102 1899 3160 est
1911 3089 2019 3180 igitur
2033 3094 2156 3163 erudi-

120 3204 267 3262 aeterua
294 3189 453 3283 praemia
476 3201 708 3280 expectem
765 3185 918 3278 Proptm·
944 3179 1012 3255 hos
1029 3183 1117 3253 fines
1168 3187 1286 3268 tiores,
1312 3199 1347 3256 et
1363 3181 1618 3280 qatosEcclesia
1632 3187 1711 3258 vaslt
1726 3192 1888 3262 custodes
1905 3194 2158 3266 esseacinter-

121 3287 222 3364 Deus
247 3313 415 3364 ncauuau
437 3291 618 3360 decretam
643 3289 690 3358 de
711 3285 787 3364 atto
813 3286 974 3380 patefecit
996 3283 1137 3375 gesreci.
1167 3285 1473 3382 prelessacrorum
1490 3287 1664 3375 codicum,
1685 3311 1790 3360 nosse
1804 3291 1962 3381 linguam
1972 3289 2160 3384 Ebraearu,

121 3386 304 3480 humanm
332 3391 434 3462 misit
444 3389 581 3476 lilium,
610 3403 648 3462 et
671 3388 912 3460 ministerium
926 3383 1116 3477 Evangelii
1167 3402 1355 3479 decertum
1372 3386 1418 3460 sit
1432 3387 1741 3482 interpretationes
1755 3415 1950 3482 congruere
1973 3420 2053 3466 curn
2074 3400 2158 3470 son-

73 3535 76 3542 .
123 3493 310 3575 gmfiguig,
330 3493 375 3564 ,d
392 3493 489 3586 quod
505 3489 731 3562 retinendum
749 3484 838 3584 opus
851 3502 903 3561 est
923 3487 1115 3579 multiplici
1167 3491 1273 3564 tibus.
1326 3487 1465 3559 Deinde
1481 3492 1580 3562 ncilla
1602 3505 1673 3564 tam
1695 3491 1801 3562 foelix
1824 3489 2067 3585 interpretatio
2089 3501 2158 3573 erit

122 3596 347 3682 eruditione,
371 3597 434 3666 aed
450 3609 568 3668 tamen
583 3593 769 3686 praecipue
781 3593 996 3682 :ttngmrum
1017 3589 1137 3682 noti·¹
1166 3616 1343 3686 unquam,
1368 3603 1408 3662 ut
1423 3614 1497 3660 non
1511 3591 1631 3688 aliqua
1653 3609 1842 3668 occurrant
1866 3593 2090 3692 σφάλματα,
2121 3615 2158 3675 et

123 3699 191 3772 cia.
244 3699 329 3769 ldeo
351 3717 489 3790 semper
502 3691 602 3767 Deus
622 3704 738 3766 mut
759 3707 796 3767 et
816 3692 973 3765 subinde
991 3689 1118 3764 excitat
1163 3693 1205 3764 in
1221 3693 1307 3764 locis
1324 3707 1417 3764 recte
1436 3694 1616 3766 conversis
1633 3710 1750 3768 tameu
1768 3697 1920 3768 multum
1939 3700 2029 3771 lucis
2043 3701 2158 3776 adfert

79 3857 82 3860 .
122 3801 290 3872 ductores
304 3797 473 3872 etstudia
487 3793 703 3888 linguarum.
1167 3793 1326 3872 collatio.

225 3898 283 3973 Ae
297 3903 345 3972 de
361 3897 506 3972 caeteris
519 3895 657 3971 artibus
670 3911 705 3970 ct
717 3896 851 3992 linguis
861 3895 927 3968 elii
941 3895 1117 3988 protessu-
1268 3895 1412 3969 Possem
1430 3893 1588 3990 exempla
1603 3893 1750 3968 recitare
1763 3895 2052 3975 innumerabilia.
2086 3903 2158 3978 Sed

123 4002 361 4075 ressuoloco
377 4001 512 4079 dicunt.
560 3997 699 4073 Multae
712 4021 1003 4092 msgueecansce
1022 4010 1118 4082 suut,
1167 4025 1248 4074 cum
1262 4025 1375 4072 unum
1391 3999 1660 4097 atquealternm
1677 3999 1888 4086 recitavero,
1909 4005 1971 4074 'res
1986 4009 2159 4096 ostendet,
2273 4025 2278 4030 “

123 4104 326 4178 canatiue
341 4101 520 4176 etGraece
535 4101 745 4176 discendnm
760 4104 817 4188 sit,
831 4098 1138 4196 quisiialiuguis‘
1167 4126 1274 4198 qcrsrn
1298 4099 1386 4172 utile
1407 4100 1452 4170 sit
1477 4123 1581 4170 nosse
1603 4099 1729 4172 sontes.
1782 4099 1823 4170 ln
1843 4103 1903 4174 illa
1922 4109 2158 4182 vetustissima

124 4230 203 4278 no„
226 4219 367 4280 „mum
387 4220 536 4300 {mm
556 4215 787 4278 monument.
817 4201 999 4276 doetrinae
1021 4223 1118 4291 upo-
1168 4202 1340 4274 concione
1365 4203 1411 4272 ad
1434 4199 1542 4287 Cain,
1582 4198 1620 4270 in
1645 4225 1715 4295 qua
1741 4205 1953 4296 proponitur
1975 4211 2091 4280 statim
2112 4211 2159 4284 ab

125 4310 290 4395 stolidae,
312 4307 376 4379 ssd
391 4305 592 4401 et'pruptsr
612 4305 789 4400 reliquam
811 4305 921 4376 vitatu
942 4316 977 4376 et
992 4297 1119 4372 Phito-
1169 4303 1276 4376 initio
1292 4303 1453 4374 doctrina
1469 4303 1650 4402 defuturo
1666 4303 1818 4392 iudicio,
1844 4311 1936 4379 etde
1951 4307 2158 4404 poeuishu-

124 4405 290 4506 sophiam
320 4429 413 4502 opus
444 4419 508 4484 eat.
588 4405 692 4480 llauu
706 4454 709 4464 ·
723 4419 840 4478 autem
874 4397 1117 4497 propheticam
1168 4430 1355 4480 manorum
1373 4403 1558 4490 scelerum,
1574 4405 1747 4476 sententia
1761 4405 1970 4482 insontibus
1983 4414 2159 4486 illustrior

126 4525 272 4608 propter
284 4531 393 4582 uuam
411 4529 554 4582 causam
572 4508 922 4593 vobissomrueudo‚
954 4505 1119 4578 videlicu
1169 4523 1232 4594 est,
1255 4509 1320 4580 uhi
1335 4509 1385 4580 sic
1399 4506 1544 4598 legitur:
1570 4503 1610 4578 Si
1626 4507 1741 4579 bonus
1754 4507 1874 4595 lucris,
1894 4513 1964 4582 eris
1979 4532 2158 4609 aceeptus:
2226 4527 2256 4548 ”’

127 4628 168 4686 ug
188 4613 309 4686 mein
332 4609 509 4708 „psentia
523 4603 783 4704 Prophetarum
805 4622 841 4681 et
862 4605 1118 4702 Apostolorum
1168 4611 1353 4684 sinautem
1372 4611 1506 4694 malus,
1531 4624 1710 4701 peccatum
1724 4623 1826 4682 tuum
1844 4615 1988 4687 cubabit
2002 4633 2042 4690 ut
2058 4641 2160 4688 revo-

101 4717 334 4793 retineatur.
1169 4713 1273 4786 letnr.
1334 4709 1375 4782 ln
1398 4705 1463 4781 hac
1485 4712 1657 4782 brevitate
1680 4713 1771 4782 mira
1789 4708 1947 4806 emphasi
1968 4742 2031 4800 res,
2047 4721 2159 4790 mari.

228 4815 332 4891 Hanc
345 4837 486 4888 cauam
503 4835 628 4886 ornnes
641 4810 706 4907 qui
719 4811 905 4884 coelestem
916 4809 1117 4884 doctrinam
1170 4835 1247 4884 snae
1261 4814 1419 4903 signatae
1434 4807 1462 4907 ⁷)
1484 4827 1584 4898 sunt,
1617 4813 1868 4888 discernuntur
1887 4819 1973 4888 boui
1999 4833 2035 4890 et
2055 4823 2157 4896 mali:

127 4935 269 5007 amant,
302 4933 438 4992 tantm
460 4939 534 4988 esse
557 4913 782 5006 intelligunt,
817 4912 951 4984 utalia
973 4935 1047 4985 nou
1072 4911 1119 4982 sit
1169 4929 1203 4986 et
1224 4917 1338 4986 bonos
1359 4915 1521 4986 adfirmat
1534 4911 1633 4986 Deus
1649 4930 1811 5010 acceptos
1830 4941 1918 4991 esse.
1976 4917 2031 4992 De
2054 4924 2158 4996 malis

129 5022 351 5115 quaerenda„
391 5014 441 5091 Ut
455 5015 551 5098 euim
570 5017 667 5091 filins
682 5013 889 5110 Deitnpnt
911 5015 957 5086 de
980 5035 1119 5104 merga·
1451 5067 1455 5074 -
1523 5091 1527 5101 .

129 5125 208 5209 rito,
226 5122 324 5217 quod
337 5121 527 5194 emendum
542 5117 590 5192 sit
599 5117 752 5194 venditis
760 5114 1119 5214 praesidiisetomni·
1202 5179 1232 5249 ι)
1251 5179 1322 5236 cot.
1342 5179 1453 5240 Monac
1468 5179 1512 5236 w·
1529 5182 1633 5240 Μ.

131 5273 347 5297 ·-·-··’····-··
1200 5265 1231 5333 d)
1250 5264 1380 5330 Εόναιο]
1400 5263 1464 5320 eod
1479 5265 1590 5322 Menae,
1607 5265 1651 5320 88.
1667 5267 1830 5336 peregnhu.

162 5363 192 5432 ξ)
211 5361 280 5424 ω,
297 5363 412 5423 nme,
425 5363 468 5421 88,
485 5361 627 5418 meum,
868 5371 873 5382 ¹
1200 5351 1233 5417 6)
1249 5351 1335 5404 liirns
1350 5349 1531 5416 propheticos
1548 5366 1605 5405 uon
1624 5349 1724 5405 habent
1742 5351 1805 5406 libri
1822 5353 1957 5426 impressi.

163 5448 192 5522 8)
207 5447 279 5512 uos.
296 5449 410 5512 nonae
423 5451 469 5510 88.
486 5465 526 5558 en¹
538 5449 625 5506 douo.
644 5474 649 5484 ·
892 5467 894 5470 ·
1204 5436 1237 5508 η
1254 5436 1399 5505 abnam]
1415 5429 1610 5583 codaglpnsr.
1625 5435 1670 5493 88.
1685 5437 1871 5506 α’σοῇοοω.
