4718 5828
258 273 310 351 aa
843 263 1007 344 nucn
1038 257 1113 342 nn
1145 263 1478 344 rnrnnnrco
1510 263 1710 345 aanor.
2192 209 2199 222 ⁸
2243 269 2290 344 so

259 457 325 542 rit,
350 465 386 524 et
408 447 504 544 qnod
521 445 559 515 in
577 465 685 533 reguo
702 439 937 512 difficilimum
954 453 1028 526 est,
1052 437 1251 510 retinuerit.
1302 455 1420 534 patre,
1445 441 1661 513 alienissimo
1684 454 1852 533 tempore.
1902 437 2065 517 coniecit
2085 445 2207 516 oculos
2229 469 2291 538 pa-

260 559 449 630 Praetereo
487 571 576 643 quae
615 545 655 615 in
690 544 864 616 adeundis
898 541 1065 636 periculis
1094 541 1251 612 contatio
1302 545 1370 614 tria
1392 544 1432 612 in
1451 543 1597 615 fratrem
1618 557 1739 628 tunm,
1764 543 1862 614 illius
1885 567 1922 614 se
1942 545 2024 616 fidei
2048 559 2127 617 tuto
2148 549 2291 642 quidem

257 659 378 742 fuerit,
402 675 491 749 quae
506 646 702 720 constantia
717 646 755 714 in
768 645 986 737 perferendis
1000 643 1118 718 fuerit.
1167 640 1251 712 Non
1302 643 1475 717 committi
1497 646 1622 731 sentit,
1661 647 1722 715 sed
1743 647 1817 739 ipse
1841 647 1945 716 etiam
1968 662 2070 740 putat
2092 671 2128 718 se
2148 649 2205 720 sui
2227 650 2292 719 ali-

260 765 341 838 dico
361 765 494 852 quanta
515 751 668 822 suavitas
690 749 729 816 in
744 745 913 818 familiari
928 768 1117 836 congressu
1132 745 1251 830 luerit,
1302 771 1408 840 quam
1433 761 1568 839 partem
1592 748 1806 840 perdidisse,
1840 761 1874 818 te
1899 750 2072 836 extincto,
2105 751 2216 820 animi
2239 752 2292 822 tui

260 875 393 961 quanta
415 858 455 924 in
478 875 640 923 sermone
664 850 866 935 urbanitas,
891 863 1023 942 quanta
1046 847 1181 937 ingenii
1192 871 1250 916 ar·
1303 850 1536 940 praesentiam
1551 863 1585 920 et
1600 851 1713 920 robur
1726 849 1765 918 in
1781 851 1913 942 asperis
1927 852 2094 922 omnibus
2109 853 2215 924 rebus
2232 856 2294 923 de-

259 965 355 1058 gutia
380 956 498 1029 luerit.
549 952 632 1023 Non
655 975 893 1042 commemoro
918 949 1100 1020 scientiam
1123 949 1174 1017 rei
1197 949 1250 1018 la·
1302 951 1446 1022 siderat.
1496 949 1566 1020 Hic
1581 951 1732 1022 Senatus
1753 952 1857 1022 etiam
1881 953 2029 1022 ditionis
2051 955 2175 1024 dolore
2196 979 2293 1024 moe-

259 1062 412 1142 miliaris
433 1057 701 1148 gubernandae,
732 1077 821 1146 quae
843 1053 912 1123 luit
932 1053 971 1120 in
995 1051 1058 1120 illo
1082 1050 1190 1134 mira,
1216 1064 1251 1119 et
1301 1054 1466 1147 stitiaqne
1485 1053 1724 1135 exanimatus,
1750 1067 1857 1145 caput
1876 1051 2010 1146 publici
2029 1057 2188 1142 consilii,
2211 1070 2293 1127 tau-

261 1193 331 1264 qua
344 1184 460 1255 nuper
471 1180 650 1229 annonam
667 1155 965 1244 ingravescentem
981 1153 1122 1224 laxavit.
1153 1150 1250 1222 Haec
1303 1179 1408 1249 quam
1440 1155 1479 1224 in
1501 1153 1753 1248 Imperatorem
1784 1157 1955 1227 exercitus
1977 1157 2015 1224 in
2039 1157 2148 1228 dubia
2173 1181 2292 1249 pugna

260 1269 380 1344 omnia
404 1261 524 1333 animo
547 1258 736 1348 repetenda
758 1271 842 1327 sunt
863 1256 982 1340 vobis,
1022 1267 1058 1324 et
1080 1256 1249 1324 memoria
1302 1257 1471 1349 requirit,
1497 1273 1556 1328 tua
1581 1258 1698 1347 signa,
1724 1272 1820 1327 tuam
1842 1283 1965 1328 vocem
1989 1259 2089 1352 sequi
2113 1261 2293 1331 adsuetus.

260 1369 421 1445 omniurn
442 1364 541 1434 illius
560 1361 734 1430 virtutum
757 1382 796 1428 ac
817 1357 1025 1428 meritorum
1041 1358 1251 1440 revocanda,
1302 1356 1372 1430 Sed
1397 1358 1548 1430 nimium
1567 1359 1735 1451 indulgeo
1750 1360 1887 1446 dolori,
1912 1362 2001 1454 quin
2018 1383 2137 1432 recreo
2153 1385 2231 1442 rne,
2260 1376 2293 1432 et

259 1492 300 1548 ut
316 1463 518 1562 expendatis
530 1463 696 1554 primum,
722 1455 976 1556 quantamDeo
991 1481 1056 1550 pro
1071 1457 1250 1528 taliPrin-
1303 1461 1448 1551 colligo,
1489 1487 1579 1556 quae
1611 1463 1745 1532 luctum
1776 1461 1895 1555 aliqua
1924 1487 1965 1532 ex
1994 1477 2093 1553 parte
2118 1463 2294 1537 minuant.

260 1579 338 1667 cipe
359 1568 527 1662 gratiam,
552 1564 681 1634 deinde
702 1575 870 1657 quantam
884 1561 994 1654 ipsius
1011 1559 1173 1628 manibus
1189 1563 1252 1630 de·
1303 1561 1396 1633 Sunt
1420 1577 1535 1633 antem
1559 1587 1579 1634 a
1604 1564 1823 1656 sapientibus
1844 1565 1930 1633 viris
1952 1567 1996 1634 de
2013 1565 2183 1636 brevitate
2200 1565 2293 1635 vitae

259 1683 425 1760 beamus,
450 1667 550 1739 nulla
570 1677 664 1736 aetas
685 1689 726 1734 cx
748 1663 877 1732 animis
899 1661 1030 1734 nostris
1045 1662 1250 1733 memoriam
1304 1666 1507 1735 mortalium
1541 1668 1655 1759 deque
1691 1667 1872 1736 communi
1909 1658 2129 1737 nascentium
2168 1667 2295 1738 condi-

260 1792 379 1852 ²³¹¹l³⁹
395 1769 536 1844 villulis
550 1793 589 1838 ³⁰
605 1763 858 1836 benifisslffluffl
873 1765 992 1835 delete
1007 1763 1121 1837 debet.
1147 1761 1251 1834 Ami·
1303 1769 1399 1838 tione
1415 1769 1589 1859 disputata
1608 1770 1649 1836 ad
1667 1763 1946 1838 assuefaciendos
1960 1770 2118 1848 animos,¹
2142 1782 2180 1838 ut
2194 1791 2294 1838 com·

260 1885 306 1953 sit
329 1877 442 1956 enim,
473 1870 621 1941 miseros
643 1891 725 1953 nos,
758 1867 871 1960 patria
892 1891 965 1938 non
988 1880 1124 1938 tantum
1146 1865 1251 1936 Prin·
1304 1871 1423 1939 munia
1447 1870 1538 1938 mala
1559 1869 1705 1962 aequius
1724 1871 1868 1941 terrent.
1920 1869 2021 1959 Quae
2035 1891 2100 1939 nos
2116 1865 2184 1939 boc
2201 1883 2294 1940 tem-

261 1985 377 2074 cipem
394 1975 520 2048 utilem
536 1972 798 2056 acsalutarem,
824 1985 859 2041 et
875 1971 1064 2039 diuturnae
1080 1968 1173 2058 pacis
1189 1993 1249 2037 cu·
1303 1996 1388 2064 pore
1420 1995 1493 2039 nou
1523 1972 1747 2062 attingemus.
1800 1969 1891 2042 Nam
1919 1995 1981 2060 ego
2004 1971 2186 2041 Friderico
2211 1971 2295 2061 ipsi,

262 2085 419 2164 stodem,
450 2077 510 2146 sed
534 2087 668 2167 patrem
689 2073 793 2142 etiam
819 2095 839 2141 a
860 2095 931 2164 quo
953 2071 1059 2140 bonis
1083 2071 1251 2140 omnibus
1302 2097 1505 2167 quanquam
1530 2087 1564 2142 et
1585 2074 1676 2142 ratio
1697 2085 1730 2142 et
1747 2073 1941 2143 multarum
1957 2097 2076 2142 rerum
2091 2095 2177 2144 usus
2190 2075 2295 2143 addi-

254 2188 368 2258 ›rebus
392 2191 558 2250 exornata
579 2190 641 2248 est.
692 2172 844 2244 Divinos
864 2167 1019 2242 bonores
1042 2172 1256 2242 meruerunt
1302 2177 1402 2245 derat
1430 2198 1598 2264 magnum
1628 2175 1806 2266 quoddam
1834 2176 1947 2243 robur
1975 2177 2020 2243 gd
2047 2171 2211 2244 regenda,
2239 2199 2295 2244 m

260 2283 410 2368 alicubi,
435 2279 499 2374 qui
521 2277 695 2348 culturam
718 2299 882 2365 agrorum
907 2275 1157 2344 ostenderunt:
1181 2272 1249 2342 Hic
1302 2278 1426 2361 duras,
1451 2287 1568 2344 tamen
1592 2275 1698 2344 aliam
1720 2287 1804 2364 puto
1825 2277 2015 2360 maiorem,
2042 2277 2296 2346 efficaciorem.

260 2407 427 2480 agrorum
455 2381 651 2463 culturam,
683 2377 928 2446 educationem
959 2374 1112 2456 sobolis,
1145 2385 1250 2466 atque
1300 2401 1369 2467 que
1391 2400 1547 2460 cansam,
1572 2377 1673 2444 firmo
1694 2375 1813 2444 animo
1830 2379 2013 2448 adeundae
2031 2379 2164 2452 mortis.
2215 2375 2296 2448 No-

260 2486 542 2564 iustitutionem,
575 2477 855 2568 negociationem
884 2473 1165 2546 constantissime
1192 2489 1249 2543 tu·
1301 2490 1354 2546 rat
1376 2479 1471 2546 enim
1491 2501 1532 2546 ex
1545 2472 1749 2548 Christiana
1769 2477 1951 2564 doctrina,
1976 2494 2125 2550 mortem
2145 2501 2218 2548 esse
2234 2503 2296 2570 ge-

259 2607 354 2666 tatus
378 2601 446 2667 est,
471 2605 555 2675 paee
577 2604 640 2672 per
664 2591 715 2648 tot
740 2599 853 2646 annos
874 2591 1090 2646 conservata.
1146 2573 1249 2642 Ami·
1301 2580 1378 2648 neri
1405 2574 1597 2649 bominum
1626 2577 1799 2650 divinitus
1821 2581 2042 2672 impositam,
2074 2605 2148 2652 uon
2172 2585 2297 2668 modo,

262 2701 387 2765 serunt
409 2700 442 2756 et
464 2682 581 2754 studia
601 2694 722 2751 nostra
738 2677 997 2761 Maecenatem,
1022 2699 1127 2744 nemo
1153 2675 1247 2744 enim
1300 2694 1339 2752 ut
1364 2704 1429 2774 pro
1452 2695 1593 2772 peccato
1613 2705 1762 2774 poenam
1779 2681 1973 2764 lueremus,
2002 2685 2096 2776 quod
2114 2695 2189 2753 erat
2207 2707 2296 2754 sane

259 2791 488 2881 Principum,
514 2784 655 2872 ingenia
674 2794 735 2851 aut
752 2793 853 2848 norat
868 2779 994 2846 melius
1010 2791 1071 2848 aut
1083 2777 1172 2846 aluit
1187 2777 1256 2848 be-'
1301 2783 1487 2868 miserum,
1512 2784 1593 2868 sed,
1620 2785 1715 2876 quod
1731 2783 1800 2875 piis
1817 2807 1889 2853 esse
1905 2799 2104 2876 pergratum
2122 2786 2230 2870 solet,
2254 2801 2296 2858 ut
2345 2809 2346 2814 ,

258 2894 416 2987 nignius.
469 2884 600 2957 Amisit
623 2884 787 2955 universa
804 2875 996 2948 Germania
1016 2877 1167 2948 Senatus
1182 2879 1250 2946 im·
1300 2899 1414 2956 morte
1441 2885 1640 2975 deponatur
1660 2899 1861 2978 peccatum,
1894 2900 1930 2957 et
1951 2887 2196 2978 ingrediamur
2220 2888 2295 2957 irn-

258 2997 351 3093 perii
365 2989 580 3078 Principem.
634 2982 678 3054 ln
701 2977 769 3053 boc
789 2981 984 3072 plurimum
1005 2979 1111 3049 bonis
1131 2979 1249 3048 omni·
1301 2985 1526 3056 mortalitatis
1547 2985 1626 3055 iter.
1675 2983 1787 3055 Porro
1812 2999 1846 3058 et
1867 3001 1948 3057 ante
1968 3003 2043 3060 acta
2060 2987 2150 3074 vita,
2175 3003 2210 3060 et
2229 2990 2297 3060 illa

257 3103 328 3170 bns
354 3089 521 3185 praesidii
553 3100 645 3170 erat,
676 3085 719 3152 ad
747 3078 845 3152 bunc
873 3081 1031 3174 proxime
1060 3081 1099 3148 in
1122 3103 1249 3169 magno
1301 3087 1444 3158 demum
1467 3087 1577 3156 animi
1600 3088 1815 3177 pragma,
1841 3113 1921 3158 cum
1939 3090 2009 3158 iam
2028 3113 2116 3182 pene
2133 3090 2295 3160 animam

260 3193 476 3270 Germaniae
497 3186 700 3256 discrimine
722 3183 922 3254 detulerant
939 3206 1057 3251 rerum
1075 3205 1249 3252 summam
1302 3202 1436 3278 ageret,
1468 3202 1675 3278 argumento
1698 3202 1783 3259 sunt
1803 3189 1950 3261 sensisse
1971 3215 2070 3262 suam
2093 3189 2168 3262 Deo
2194 3193 2297 3263 salu.

260 3317 384 3371 omnes
412 3289 575 3372 ordines,
608 3283 715 3356 huius
737 3283 946 3375 sapientiam
969 3296 1004 3353 et
1027 3283 1249 3354 autoritatem
1301 3303 1371 3359 tem
1393 3315 1496 3360 curae
1514 3313 1597 3362 esse.
1649 3287 1737 3358 Nam
1757 3295 2107 3385 praeterquamquod
2126 3295 2296 3382 religiose.

259 3397 465 3471 iudicabant
478 3413 597 3482 parem
615 3411 687 3457 esse
702 3388 856 3478 gerendo
871 3385 1035 3475 imperio,
1059 3379 1155 3454 bunc
1169 3399 1248 3454 tan·
1302 3391 1432 3460 muniit
1456 3415 1529 3461 sese
1551 3385 1791 3472 Euclraristia,
1827 3407 1860 3463 et
1883 3389 2097 3464 Christianis
2112 3397 2298 3486 precibus,

260 3523 367 3595 quam
395 3493 579 3566 oraculum
605 3491 751 3582 aliquod
773 3489 812 3557 in
835 3487 1009 3576 ambiguis
1033 3488 1141 3555 rebus
1164 3511 1249 3557 con·
1301 3493 1350 3562 sic
1363 3493 1495 3586 accipio
1510 3492 1732 3583 respondisse
1746 3496 1812 3562 sub
1827 3493 1944 3586 ipsum
1959 3496 2180 3582 vitaefinem,
2207 3523 2295 3568 curn

260 3585 433 3672 sulebant.
462 3627 466 3634 ·
484 3589 532 3662 Et
554 3593 701 3660 amissus
722 3603 773 3659 est
791 3585 859 3658 boc
880 3603 1055 3676 tempore,
1079 3612 1160 3658 cum
1176 3602 1249 3662 tota
1301 3595 1542 3664 consolaretur
1563 3594 1754 3687 quispiam:
1787 3593 1884 3664 Dens
1906 3597 2023 3682 dedit,
2048 3595 2145 3666 Deus
2166 3599 2298 3670 abstu-

260 3695 454 3772 Germania
471 3692 566 3761 civili
582 3691 675 3760 bello
693 3691 811 3771 ardet,
834 3701 868 3756 et
883 3703 923 3758 ut
938 3687 998 3755 ille
1015 3689 1122 3757 dixit:
1301 3695 1360 3778 lit,
1383 3696 1428 3764 sit
1450 3719 1581 3764 nomen
1605 3691 1753 3763 Domini
1778 3697 2016 3770 benedictum.
2069 3695 2105 3768 Ο
2130 3703 2298 3791 praecla-

364 3797 981 3879 Victoremptistnterselagibururbe,
1300 3819 1375 3863 ram
1407 3819 1546 3880 vocem,
1579 3809 1613 3866 et
1641 3808 1763 3865 testem
1786 3800 1876 3867 bene
1899 3801 2083 3872 sentientis
2105 3803 2218 3870 animi
2250 3807 2298 3874 de

362 3905 459 3968 Arma
472 3903 592 3978 lerunt,
616 3902 708 3961 saevit
723 3911 787 3959 toto
801 3894 881 3958 Mers
896 3901 1006 3979 impius
1023 3897 1103 3956 orbe.
1242 3935 1244 3940 ,
1300 3895 1385 3966 Deo,
1435 3895 1527 3966 Nam
1550 3891 1640 3964 mihi
1664 3900 1783 3985 crede,
1809 3901 1970 3995 quisquis
1992 3903 2299 3988 itaadsccrusesr‚

258 4003 421 4094 Cumque
448 3999 492 4066 ad
517 3995 770 4066 restituendam
791 4015 929 4086 pacem,
955 3993 998 4062 ad
1021 3992 1138 4081 legum
1163 3991 1248 4060 reli·
1300 4013 1338 4068 uc
1357 3999 1486 4068 sentiat
1507 3994 1614 4068 huius
1632 3999 1720 4068 lucis
1734 4025 1877 4071 usuram
1897 4004 2069 4074 divinitus
2084 4005 2188 4075 nobis
2203 4029 2298 4078 con-

259 4103 447 4198 gionisque
469 4098 771 4180 emendationem,
801 4089 909 4164 buius
929 4093 1134 4177 autoritate,
1162 4117 1248 4186 pru-
1300 4123 1429 4170 cessam
1456 4122 1547 4184 esse,
1579 4099 1707 4168 deinde
1732 4125 1797 4171 nos
1818 4127 1890 4172 non
1913 4119 2044 4175 temere
2067 4109 2300 4194 occumbere,

260 4190 443 4279 dentia'et
471 4199 583 4268 animi
611 4197 855 4287 magnitudine
880 4196 1030 4265 maxime
1050 4217 1138 4284 opus
1161 4209 1246 4268 erat.
1299 4203 1357 4272 sed
1375 4199 1439 4272 Dei
1458 4201 1605 4270 arbitrio
1623 4225 1747 4272 eruere
1761 4200 1829 4274 boc
1844 4229 1991 4296 corpus,
2017 4223 2196 4298 praetcrea
2213 4233 2296 4280 non

258 4305 381 4382 Nolim
403 4301 533 4392 patriae
554 4301 644 4368 male
660 4299 828 4382 ominari,
854 4313 890 4370 at
908 4312 1026 4368 metuo
1043 4311 1177 4381 tamen,
1202 4321 1247 4366 ue
1298 4317 1436 4374 tantum
1454 4303 1583 4393 deponi
1598 4302 1724 4385 vitam,
1750 4309 1811 4375 sed
1823 4304 1900 4375 Deo
1916 4309 1985 4377 iam
2002 4310 2195 4394 committi,
2224 4337 2299 4402 po..

258 4409 358 4486 Deus
377 4405 488 4472 iratus
509 4402 611 4470 terris
627 4396 723 4469 bunc
738 4400 927 4491 eripuerit,
953 4421 1118 4492 nequem
1137 4393 1246 4467 babe—
1298 4417 1426 4474 sarumo
1457 4405 1562 4474 eriam
1586 4401 1653 4474 Dei
1685 4429 1816 4476 nomen
1839 4409 1877 4476 qn
1903 4424 2055 4480 extremo
2080 4411 2298 4484 discrimine

260 4529 379 4583 remus
400 4505 568 4578 idoneum
594 4502 754 4593 publicae
780 4502 874 4592 pacis
898 4514 1067 4570 autorem.
1118 4497 1246 4570 Multis
1298 4507 1484 4597 praedicat.
1536 4503 1571 4577 ls
1593 4509 1716 4598 procul
1740 4510 1849 4578 dubio
1873 4511 2124 4582 animadvertit
2147 4531 2298 4604 praesto

260 4616 332 4684 iam
363 4605 534 4697 prodigiis
554 4604 642 4672 iram
665 4626 764 4672 suam
785 4601 993 4691 significavit
1016 4601 1131 4682 Deus,
1165 4615 1245 4672 nata
1297 4611 1415 4677 adesse
1444 4604 1558 4677 Deum
1589 4621 1733 4699 portum
1764 4626 1797 4681 et
1827 4613 2027 4702 profugium
2058 4615 2299 4707 periclitanti.

144 4753 149 4762 «
259 4721 437 4792 monstra,
463 4706 563 4776 Soles
586 4705 783 4794 complures
802 4703 888 4788 visi,
914 4719 1021 4774 noctu
1034 4704 1142 4772 irides
1161 4727 1246 4772 con·
1297 4709 1383 4780 Nam
1409 4708 1516 4798 impia
1537 4733 1638 4778 mens
1658 4713 1770 4782 nescit
1792 4735 1831 4782 se
1851 4713 2025 4786 divinitus
2042 4717 2216 4806 accepisse
2235 4722 2301 4789 vi-

260 4823 414 4905 spectae,
440 4807 577 4878 sonitus
599 4807 637 4874 in
660 4830 739 4874 aere
755 4819 1004 4898 tympanorum
1022 4804 1182 4890 auditus,
1207 4817 1245 4874 ut
1297 4826 1378 4896 tarn,
1402 4825 1531 4880 temere
1547 4811 1722 4880 existimat
1735 4837 1771 4882 se
1784 4817 2003 4902 occumbere,
2027 4813 2121 4887 nihil
2135 4819 2172 4887 in
2188 4833 2299 4892 tanta

259 4928 321 4985 aut
342 4934 461 4982 rerum
478 4909 638 4978 omniurn
655 4907 733 4976 finis
747 4907 927 4977 videretur
939 4907 1160 4999 impendere,
1185 4918 1246 4975 aut
1296 4912 1491 4982 calamitate
1521 4913 1686 5003 praesidii
1714 4911 1831 4990 habet.
1890 4916 2073 4989 Postremo
2103 4937 2301 4994 execratur

260 5011 449 5103 singularis
471 5007 685 5080 Germaniae
714 5009 839 5080 clades.
900 5003 1056 5077 Accessit
1086 5010 1128 5076 ad
1162 5003 1246 5078 baec
1296 5015 1401 5084 etiarn
1430 5013 1552 5084 divina
1578 5015 1698 5082 omnia
1730 5041 1810 5086 cum
1839 5019 1953 5090 demi
1982 5045 2020 5090 ὃς
2045 5023 2163 5093 geum,
2217 5020 2302 5097 Ηῑε

258 5114 431 5188 Friderici
446 5136 557 5195 mors,
583 5133 688 5202 quem
702 5134 814 5179 unum
829 5103 1020 5180 babuimus
1033 5107 1245 5201 Principem,
1297 5141 1379 5185 vero
1395 5115 1589 5206 implorans
1608 5139 1710 5207 opem
1727 5141 1745 5186 a
1761 5115 1837 5189 Deo
1850 5121 1946 5212 ipso,
1972 5135 2007 5192 et
2022 5127 2223 5216 postulans,
2251 5141 2302 5199 m

228 5305 231 5312 Ι
258 5217 360 5290 cuius
387 5215 535 5286 consilio
558 5211 698 5304 publica
722 5211 813 5280 mala
836 5211 953 5280 sanari
972 5225 1145 5303 poterant.
1197 5209 1245 5282 Et
1295 5216 1631 5307 aliorum'precibus
1652 5217 1851 5302 iuvaretur,
1877 5247 1952 5292 non
1974 5229 2082 5296 semel
2105 5225 2303 5320 professus

257 5331 410 5392 mortem
429 5332 526 5388 tuum
540 5313 720 5385 Ftiderice
743 5337 817 5382 ¹¹⁰1!
833 5311 1065 5382 defleremus?
1090 5337 1164 5382 non
1179 5315 1243 5384 do·
1296 5331 1365 5403 est,
1390 5317 1478 5410 quid
1496 5333 1670 5409 speraret,
1680 5311 1736 5391 'ut
1753 5343 1789 5390 se
1806 5323 1978 5395 reiecisset
1992 5340 2104 5398 toturn
2121 5331 2160 5398 in
2174 5323 2302 5402 Chri-

37 5441 46 5462 ·
137 5481 140 5488 ,
257 5423 409 5502 letemus
429 5421 542 5492 vicem
559 5429 717 5488 nostram
733 5415 868 5504 orbati,
893 5437 967 5486 non
983 5411 1158 5503 Domino,
1183 5417 1245 5488 sed
1293 5434 1398 5507 stum,
1418 5417 1562 5491 interim
1577 5420 1682 5492 etiam
1695 5421 1878 5516 verissimo
1891 5427 2170 5526 suavissimoque
2181 5457 2305 5526 praa.
