4616 5816
20 302 124 394 ¹aas
632 297 796 378 naor.
844 284 1098 378 savrra
1130 253 1478 378 suousrnss
1582 327 1585 332 ·
1977 313 2081 390 aso

56 473 88 542 in
105 467 282 543 Ciceronis
309 465 545 538 Hortensium
569 466 715 555 incidit,
749 491 834 539 cum
854 490 875 539 a
901 481 1034 540 natura
1084 461 1219 540 stianae
1243 489 1318 536 non
1340 479 1457 558 posset
1478 465 1610 540 iudicio
1633 467 1763 560 eligere
1783 467 1972 561 Doctores,
1996 477 2078 552 lecit

54 576 190 664 impetus
211 573 255 641 ad
281 571 450 642 virtutem
473 583 508 640 et
529 571 655 654 acus,
688 571 851 640 ardentes
878 565 1035 656 haberet,
1084 570 1180 658 quod
1196 567 1286 638 solet
1300 567 1426 658 vulgus
1441 569 1571 640 lacere:
1603 568 1651 642 Ut
1666 587 1816 659 statuas,
1843 575 1891 646 ita
1906 573 2079 654 Doctores

53 687 236 745 commotos
251 671 433 744 Ciceronis
450 672 602 764 scripto,
634 685 776 742 revocat
790 672 866 763 ipse
881 695 975 759 sese,
998 684 1034 742 et
1083 667 1269 740 aestimant
1304 693 1344 742 ex
1378 672 1525 756 vestitu,
1567 675 1732 744 torvitate
1767 677 1916 763 frontis,
1955 682 2079 753 barba.

53 777 171 845 maiore
195 775 381 844 severitate
405 797 524 864 regere
548 796 665 844 mores
683 773 828 864 incipit,
853 774 1031 845 licentiam
1080 763 1170 840 Erat
1212 771 1306 840 enim
1335 765 1457 842 Africa
1497 773 1602 864 plena
1644 771 1964 862 Manichaeorum,
2014 783 2077 876 qui

52 878 194 970 priorem
217 871 401 957 cohercet,
435 899 541 969 seque
565 877 610 946 ad
633 875 907 962 continentiam,
933 875 1032 944 acad
1081 893 1245 958 magnam
1263 873 1354 946 vitae
1367 872 1557 965 puritatem
1572 875 1799 953 simulabant.
1838 877 2077 956 Abstinebant

52 978 176 1070 pietatis
189 978 347 1048 studium
365 977 533 1047 exuscitat
546 990 581 1046 et
598 977 791 1068 componit.
842 975 958 1047 Prava'
972 977 1032 1044 in·
1080 995 1100 1040 a
1130 971 1313 1059 carnibus,
1356 975 1607 1066 improbabant
1640 979 1824 1068 coniugia,
1858 983 2076 1059 damnabant

52 1079 157 1168 genia,
181 1078 387 1170 praesertim
403 1079 686 1162 siabsitmetus,
710 1079 896 1148 nonlacile
911 1101 1032 1148 emen·
1079 1072 1227 1163 imperia
1255 1088 1289 1146 et
1310 1075 1399 1144 alios
1428 1100 1543 1146 mores
1558 1077 1740 1170 politicos,
1765 1093 1807 1152 ut
1820 1082 1866 1153 ab
1880 1085 2077 1158 ambitione

51 1181 293 1250 danem-literis
308 1193 342 1250 et
358 1179 538 1250 doctrinm
579 1203 689 1272 quare
713 1205 794 1250 eum
819 1175 1031 1250 illiusCice.
1079 1173 1284 1264 longissime
1299 1177 1418 1246 abesse
1435 1178 1651 1252 viderentur.
1685 1178 1994 1256 Praedicabantse
2010 1183 2076 1257 ha-

51 1281 175 1350 roniani
197 1281 321 1374 scripti
343 1281 497 1351 lectione
520 1281 675 1372 potuerit
699 1281 738 1350 in
758 1281 852 1350 viam
871 1279 1031 1350 revocari
1078 1276 1163 1344 bere
1184 1277 1335 1348 adflatus
1353 1277 1495 1348 divinos
1521 1293 1556 1350 et
1577 1275 1866 1377 enthusiasmos.
1886 1283 2078 1379 Haeprae-

51 1380 276 1470 Augustinus,
310 1384 393 1452 satis
416 1397 563 1474 apparet
584 1382 743 1452 indolem
764 1383 894 1452 bonam
913 1383 1029 1467 luisse,
1078 1376 1199 1464 stigiae
1222 1375 1356 1448 offusae
1384 1379 1496 1451 oculis
1519 1375 1726 1470 hominum,
1758 1385 1906 1458 mirifice
1930 1390 2076 1480 capiunt

51 1483 273 1552 necdeluisse
297 1485 328 1551 ei
353 1483 416 1552 illa
434 1483 607 1553 virtutum
632 1483 767 1552 semina
790 1499 894 1577 atque
915 1483 1031 1568 initia,
1078 1478 1232 1548 animos:
1269 1479 1480 1571 suscipimus
1503 1482 1598 1558 enim
1619 1506 1698 1568 eos,
1733 1487 1795 1578 qui
1813 1511 1893 1558 cum
1909 1485 1988 1560 Deo
2006 1515 2075 1582 pu.

51 1606 126 1676 quae
147 1597 251 1654 vocat
271 1580 480 1654 Aristoteles
497 1579 659 1680 φυσικὰς
673 1579 817 1679 ἀρετὰς.
869 1581 948 1654 Etsi
964 1607 1044 1654 au-.
1078 1591 1199 1648 tantur
1223 1573 1353 1650 habere
1377 1583 1605 1668 commercia,
1631 1597 1672 1654 ut
1687 1579 1896 1678 Orpheum,
1919 1604 1981 1662 aut
1995 1589 2076 1664 Nu-

51 1697 108 1751 tem
130 1681 315 1754 Ciceronis
327 1683 548 1776 ¹Hortensius
569 1710 643 1754 non
660 1699 771 1771 extat,
797 1700 914 1756 tamen
932 1685 1028 1778 quod
1077 1703 1171 1748 mam
1188 1675 1350 1752 homines
1366 1683 1531 1753 admirati
1546 1697 1648 1770 sunt3
1690 1687 1844 1781 denique
1861 1694 2089 1765 naturaliter

51 1783 140 1854 fuerit
164 1799 414 1875 argumentum
432 1786 534 1872 libri,
565 1783 689 1856 Cicero
722 1787 853 1856 alicubi
874 1810 1029 1856 comme·
1076 1776 1240 1850 homines
1254 1785 1298 1852 ad
1316 1784 1601 1874 superstitionem
1622 1789 1788 1877 propensi
1806 1805 1899 1864 sunt.
1951 1792 2074 1886 Signi·

52 1899 163 1955 morat:
201 1885 373 1957 Defensio
405 1899 457 1956 est
479 1883 732 1980 Philosophiae
762 1889 930 1958 adversus
957 1911 1028 1968 eos,
1078 1883 1157 1950 licat
1181 1883 1286 1952 etiam
1316 1884 1535 1973 Augustinus
1564 1909 1600 1954 se
1624 1887 1860 1962 admiratione
1881 1916 1921 1964 ac
1954 1897 2073 1966 studio

52 1985 117 2077 qui,
144 1997 184 2056 ut
212 2011 313 2057 nunc
341 2001 424 2057 sunt
447 1987 579 2058 iudicia
601 1988 735 2074 aulica,
766 1989 1028 2058 contendebant
1077 1983 1359 2072 prodigiosarum
1382 1985 1662 2075 disputationum
1679 1987 1868 2062 invitatum
1890 2017 1981 2080 esse,
2006 2021 2077 2086 po·-

53 2079 229 2176 nihilopus
251 2089 401 2158 esseilla
418 2089 542 2158 subtili
558 2090 769 2162 eruditione.
819 2086 890 2158 Hic
903 2085 1027 2158 Cicero
1077 2083 1251 2153 tissimum
1275 2097 1316 2154 ut
1337 2080 1561 2156 Manichaeis
1583 2109 1620 2157 se
1636 2089 1854 2180 adiungeret.
1904 2092 1995 2164 Nam
2013 2121 2076 2168 ar·-

53 2187 205 2272 osteudit,
240 2212 332 2281 quae
361 2192 414 2260 sitw
430 2213 513 2258 vera
534 2184 786 2280 Philosophia,
817 2212 857 2258 ac
881 2191 925 2257 ad
951 2213 1026 2258 eam
1077 2183 1196 2254 dentis
1221 2185 1362 2274 ingenia
1383 2187 1486 2258 lacile
1507 2188 1698 2278 capiuntur
1718 2191 1821 2262 novis
1842 2208 1876 2268 et
1897 2194 2068 2270 involutis

53 2287 215 2356 colendam
250 2291 343 2358 bona
371 2289 512 2380 ingenia
543 2283 724 2375 hortatur,
761 2290 913 2360 declarat
943 2313 1028 2382 quas
1076 2285 1387 2375 disputationibus.
1448 2285 1591 2360 Talium
1612 2291 1718 2380 plena
1743 2305 1817 2362 erat
1833 2308 1926 2368 secta
1947 2297 2070 2370 Ma'ni.

52 2387 200 2458 utilitates
226 2392 275 2458 ad
298 2390 407 2458 vitam
431 2391 586 2476 adferat,
617 2391 657 2460 in
681 2387 747 2460 hac
770 2415 846 2460 esse
860 2391 976 2479 legum
994 2401 1029 2459 ct
1078 2380 1202 2470 chace,
1233 2409 1323 2478 quae
1346 2401 1420 2459 erat
1435 2391 1607 2482 quaedam
1623 2393 1784 2462 conlusio
1805 2419 1845 2464 ex
1861 2395 1989 2470 Stoicis
2004 2401 2068 2470 de·

53 2489 190 2557 omnium
207 2484 442 2561 honestorum
456 2491 654 2560 officiorum
669 2493 804 2576 fontes,
828 2487 894 2560 hac
908 2491 1028 2560 vocari
1077 2487 1292 2572 liramentis,
1317 2501 1350 2558 et
1367 2511 1408 2558 ex
1421 2490 1599 2562 veteribus
1614 2485 1818 2565 haeresibus
1836 2521 1877 2567 ac
1898 2503 2069 2590 supersti-

53 2589 221 2660 etinvitari
250 2587 412 2662 homines
433 2593 478 2661 ad
493 2592 710 2682 agnitionem
725 2590 813 2677 Dei,
838 2616 879 2661 ac
892 2592 1027 2661 aeterni
1076 2586 1235 2658 tionibus
1252 2589 1413 2664 conflata.
1463 2587 1642 2662 AStoicis
1656 2596 1842 2668 sumebant
1858 2599 1949 2670 duos
1964 2603 2071 2688 Deos,

53 2701 165 2760 metum
194 2693 377 2762 numinisc
412 2715 454 2762 ex
477 2685 545 2762 hac
568 2693 731 2763 doctrina
754 2693 1025 2784 descriptionem
1076 2685 1207 2758 Lucem
1238 2701 1273 2759 et
1301 2687 1439 2782 Hyleus
1482 2691 1719 2766 defendebant
1748 2696 1860 2767 satum
1896 2699 2069 2790 Stoicum,

53 2790 121 2856 anni
139 2806 272 2862 certam
293 2806 469 2884 sumptam
491 2815 582 2878 esse,
608 2817 678 2887 qua
697 2805 850 2878 remota,
876 2806 1027 2886 quantae
1076 2787 1226 2878 ineptias
1251 2790 1295 2858 de
1316 2791 1418 2862 astris
1440 2804 1562 2862 contra
1583 2807 1692 2865 artem
1717 2799 1762 2866 de
1778 2801 1933 2870 motibus
1954 2805 2069 2874 coele-

53 2905 149 2960 essent
167 2893 206 2960 in
224 2895 300 2963 vita
315 2893 506 2963 tenebrae?
555 2893 718 2988 Denique
736 2894 921 2984 complecti
939 2888 1026 2962 Phi·
1076 2889 1190 2958 stibus
1205 2891 1399 2975 docebant,
1425 2915 1570 2983 prorsus
1591 2895 1762 2968 tollebant
1785 2899 1982 2974 libertatem
1999 2901 2073 2976 hu·-

53 2989 228 3081 losopbiam
248 2995 385 3076 [multas
406 3008 496 3064 artes
520 2995 614 3066 vitae
630 2997 747 3070 utiles.
798 2993 901 3064 Hanc
918 2995 1026 3064 fuisse
1076 3013 1201 3058 manae
1222 2991 1425 3068 voluntatis.
1484 2989 1638 3088 Reliqua
1669 3019 1710 3064 ex
1741 2993 1944 3074 haeresibus
1967 3021 2069 3082 eram

53 3111 202 3162 summam
219 3095 321 3166 illius
335 3093 714 3187 scriptiCiceroniani,
739 3109 773 3166 et
789 3119 831 3166 ex
846 3095 925 3165 aliis
938 3095 1027 3164 loeis
1076 3091 1207 3164 addita.
1266 3089 1339 3162 Nec
1362 3095 1405 3162 de
1427 3087 1589 3180 Christo,
1620 3121 1685 3166 nec
1715 3099 1759 3168 de
1783 3099 1920 3193 Spiritu
1948 3121 2069 3180 sancto

53 3188 229 3280 Ciceronis,
259 3211 293 3267 et
316 3221 357 3266 ex
376 3197 562 3268 Lactantio
577 3211 743 3294 apparet,
769 3198 832 3290 qui
848 3197 930 3266 inde
946 3219 1027 3264 sen-
1076 3206 1169 3262 recte
1178 3193 1396 3278 sentiebant,
1417 3195 1583 3268 scelerate
1597 3197 1793 3287 fingebant,
1812 3217 1970 3274 autorem
1986 3231 2070 3280 suae

53 3295 159 3364 tentius
180 3299 352 3389 quasdam
370 3299 548 3390 excerpsit.
599 3297 1025 3369 Harumiucundissima-
1075 3307 1186 3363 sectae
1211 3289 1483 3378 Manichaeum,
1516 3297 1622 3367 foisse
1643 3299 1747 3367 illum
1770 3302 1886 3392 ipsum
1907 3304 2072 3378 Paracle-

52 3413 115 3462 rom
135 3398 415 3488 disputationum
428 3399 580 3469 lectione
596 3401 644 3469 ita
659 3413 777 3469 motus
793 3399 934 3470 videtur
948 3393 1027 3468 Au·
1059 3399 1169 3478 tum,
1180 3417 1299 3487 “quem
1316 3390 1479 3465 Christus
1502 3399 1680 3486 promisit:
1713 3401 1918 3477 iactitabant
1939 3430 1977 3477 se
1996 3410 2070 3478 suis

54 3495 211 3583 gostinus,
239 3515 281 3570 ut
301 3501 365 3593 qui
381 3513 507 3570 natura
521 3497 662 3569 Musica
681 3513 782 3581 sunt,
809 3498 945 3570 etiamsi
961 3500 1026 3566 ad·
1076 3493 1204 3564 ritibus
1228 3497 1397 3587 consequi
1421 3491 1691 3568 enthusiasmos.
1749 3499 1847 3574 Haec
1870 3509 1978 3593 pestis
1999 3510 2069 3580 late

53 3587 109 3663 huc
120 3602 222 3668 rudes
239 3615 323 3670 sunt
338 3602 441 3684 artis,
466 3613 500 3670 et
523 3601 619 3670 aliud
634 3613 763 3690 agunt,
787 3605 910 3671 umeri
928 3597 1026 3667 dulci
1075 3609 1197 3682 vagata
1228 3609 1297 3680 est,
1344 3598 1546 3684 pracsertim
1586 3597 1631 3668 in'
1658 3597 1791 3672 Africa.
1861 3603 1977 3678 Tanta
2017 3623 2069 3680 est

53 3709 139 3766 cantu
159 3701 375 3772 mirabiliter
394 3703 438 3771 ad
459 3699 615 3772 Musices
633 3725 789 3771 amorem
813 3724 852 3770 ac
866 3699 1024 3770 studium
1076 3695 1209 3766 diaboli
1231 3697 1406 3787 potentia,
1439 3712 1481 3769 ut
1503 3701 1670 3771 omnibus
1693 3705 1866 3774 aetatibus
1882 3701 2069 3781 horribili-

53 3797 298 3876 extimulantur.
348 3801 520 3889 Nondum
537 3817 653 3873 autem
669 3802 801 3892 legerat
816 3823 930 3870 sacras
945 3799 1028 3872 lite·
1075 3811 1129 3866 ter
1152 3797 1320 3868 dilaceret
1341 3795 1548 3870 Ecclesiam.
1605 3799 1696 3872 Cum
1721 3803 1830 3894 igitur
1846 3805 2070 3897 Augustinus

52 3917 113 3983 ras,
147 3923 230 3983 nec,
270 3919 311 3976 ut
340 3905 500 3987 videtur,
540 3904 729 3973 conciones
761 3902 1027 3991 magnilecerat,
1076 3921 1195 3968 errore
1218 3900 1359 3985 aetatis,
1384 3913 1552 3996 tanquam
1574 3903 1690 3974 ventis
1714 3904 1751 3972 in
1776 3901 1840 3977 has
1860 3925 1969 4002 syrtes
1986 3910 2070 3981 Ma..

52 4013 104 4066 nec
124 4001 164 4069 dc
180 4004 343 4075 doctrina
361 4005 419 4095 pia
434 4003 586 4074 multum
604 4005 845 4096 disputaverat
863 4027 943 4072 cum
957 4002 1027 4092 piis
1075 3993 1306 4070 nichaeorum
1341 4001 1480 4073 delatus
1520 4017 1627 4089 esset,
1667 4006 1870 4096 paulatim,
1920 4023 1961 4081 ut
1995 4027 2069 4086 erat

53 4104 266 4190 eteruditis,
299 4119 339 4176 ut
362 4105 520 4176 iudicare
551 4119 686 4196 posset,
721 4105 809 4198 quid
840 4102 1026 4196 praecipue
1075 4124 1198 4180 amans
1233 4101 1408 4184 veritatis,
1444 4104 1613 4174 attentius
1649 4106 1872 4178 considerare
1905 4112 2069 4202 dogmata

53 4200 527 4296 profitereturEvangelium,
546 4219 688 4298 atquae
712 4217 801 4294 esset
816 4227 904 4293 pura
921 4216 954 4272 et
969 4205 1026 4272 in·
1076 4203 1201 4291 coepit.
1260 4197 1504 4291 Deprehendit
1531 4203 1640 4292 igitur
1671 4208 1860 4280 vanitatem
1888 4226 2000 4282 sectae
2021 4215 2069 4282 in

54 4319 198 4394 wtmpta
218 4307 393 4381 doctrina.
450 4305 596 4376 Fatetur
617 4307 722 4376 etiam
748 4305 815 4376 sibi
838 4303 1026 4376 lectionem
1075 4301 1231 4372 materiis
1253 4296 1529 4393 philosophicis,
1563 4318 1603 4375 ut
1626 4305 1700 4396 ipse
1724 4308 1860 4402 inquit,
1886 4313 1969 4404 quia
1987 4313 2070 4384 Ma-

54 4417 210 4476 sacrarum
237 4409 421 4480 literarum
445 4407 628 4478 insuavem
650 4407 779 4492 luisse,
806 4419 949 4498 propter
966 4425 1027 4493 ge-
1076 4397 1215 4472 nichaei
1239 4402 1316 4472 sine
1329 4399 1563 4475 Arithmetica
1582 4409 1769 4482 tradebant
1790 4426 1909 4482 motus
1928 4427 1963 4485 et
1981 4439 2069 4486 eon·
2170 4461 2171 4464 =

54 4521 108 4570 nus
135 4510 324 4595 sermonis,
364 4509 521 4580 alienum
553 4507 725 4580 aLatina
753 4506 1026 4590 consuetudine;
1076 4525 1214 4595 gressus
1239 4506 1407 4598 syderum
1436 4509 1701 4579 commenticios
1735 4523 1771 4581 et
1794 4511 1991 4601 fabulosos,
2027 4542 2068 4588 ae

54 4593 216 4681 habebant
246 4613 342 4680 enim
373 4611 554 4680 versiones
586 4611 778 4680 admodum
818 4607 1027 4680 ineruditas.
1075 4617 1272 4698 pugnantes
1301 4630 1382 4676 cum
1405 4629 1488 4676 vera
1512 4610 1785 4701 computatione.
1844 4612 1965 4703 Quare
1985 4639 2067 4688 cum

13 4779 14 4788 ,
53 4697 170 4777 Verum
185 4723 227 4782 ut
247 4709 339 4782 mihi
353 4713 513 4799 videtur,
538 4735 660 4784 omnes
675 4710 737 4804 qui
755 4733 776 4780 a
793 4711 900 4782 sacris
915 4708 1028 4780 literis
1076 4729 1189 4776 annos
1208 4729 1340 4777 novem
1361 4706 1400 4776 in
1421 4731 1461 4778 ea
1481 4723 1574 4780 secta
1595 4725 1753 4783 versatus
1774 4727 1881 4802 esset,
1906 4725 1949 4786 'et
1968 4739 2068 4787 exer-

55 4799 250 4901 thhorrent,
273 4815 373 4886 nulla
388 4814 485 4884 enim
500 4827 594 4886 aetas
607 4837 682 4884 non
701 4807 807 4882 babet
823 4805 1027 4904 prophanos
1077 4809 1204 4880 cuisset
1217 4805 1404 4894 Doctores,
1431 4832 1471 4880 ac
1484 4811 1696 4882 nominatim
1714 4811 1904 4902 Faustum,
1920 4841 2067 4888 ,errores

56 4897 217 5000 homines,
251 4917 485 4988 offenduntur
502 4940 578 4986 non
598 4928 670 4987 tam
693 4936 821 5004 genere
843 4911 1028 4996 sermonis,
1076 4910 1252 4995 refutans,
1272 4933 1347 4980 non
1369 4911 1431 4980 ille
1454 4911 1598 5005 quidem
1615 4927 1700 4984 tunc
1723 4915 1894 4988 eluctatus
1908 4931 1978 5004 est,
2003 4921 2064 4990 sed

58 5027 147 5100 quam
167 5016 304 5088 inscitia
331 5041 465 5089 rerum.
522 5017 606 5088 Nun
627 5017 751 5087 vident
765 5037 874 5105 genus
894 5013 1029 5084 doctri-
1076 5019 1195 5084 tamen
1210 5012 1362 5102 probare
1376 5024 1410 5082 et
1425 5035 1543 5082 amare
1564 5027 1692 5084 sectam
1707 5017 1823 5088 desiit.
1875 5015 1992 5090 Mater
2008 5019 2066 5089 in-

57 5129 112 5181 nae
130 5117 297 5189 dissimile
321 5143 394 5190 esse
422 5114 692 5211 Philosophiae,
724 5141 800 5187 non
825 5115 1029 5205 intelligunt
1077 5127 1171 5184 terea
1191 5112 1342 5183 assiduis
1363 5107 1554 5208 lachrymis
1576 5112 1689 5186 aDeo
1706 5118 1846 5209 petebat
1862 5117 1927 5188 filii
1944 5143 2066 5190 emen-

58 5207 316 5304 disputationum
342 5215 489 5292 consilia
512 5233 548 5290 ct
572 5221 712 5290 seriem.
769 5216 867 5288 Haec
886 5215 1027 5287 inscitia
1078 5213 1268 5286 dationem.
1327 5209 1377 5285 Et
1396 5215 1553 5286 ostendit
1577 5212 1673 5287 Deus
1695 5241 1732 5288 se
1753 5218 1834 5309 pios
1859 5220 2009 5310 gemitus
2031 5237 2066 5293 et

58 5315 158 5388 reddit
181 5317 360 5394 insuavem
370 5323 590 5406 lectionem,
621 5335 662 5392 ut
684 5321 756 5392 dici
776 5321 879 5392 solet:
910 5315 1028 5408 lgnoti
1077 5339 1160 5386 vera
1182 5329 1265 5386 vota
1288 5315 1466 5388 exaudire.
1523 5315 1706 5390 Divinitus
1726 5320 1822 5390 enim
1849 5321 1994 5408 accidit,
2024 5335 2066 5394 ut

60 5413 142 5487 nulla
157 5423 293 5515 cupido.
344 5421 437 5510 Com
452 5423 560 5514 igitur
575 5423 719 5515 ignarus
729 5421 909 5498 doctrinae
921 5415 1028 5492 Chri·
1076 5412 1300 5510 Augustinus
1330 5441 1411 5489 cum
1438 5414 1592 5492 Romam
1616 5419 1826 5509 traiecisset,
1867 5424 2069 5496 mitteretur

99 5521 266 5602 llrssrru.
282 5531 386 5597 Orsa.
412 5529 497 5596 Vos..
512 5527 579 5601 x1.
1378 5518 1430 5592 29
1690 5525 1691 5529 ’
