4718 5828
12 279 17 290 ,
107 205 129 276 t
586 191 793 300 ,naon
823 193 899 268 oa
932 149 1195 274 anrtaus
1226 149 1640 304 ataanaotn'us
1932 147 1934 152 ’
2110 197 2157 266 to

109 377 194 447 illos
211 342 600 465 maaetaugutiimt,
627 370 691 466 qui
707 369 838 440 dialexi
852 391 918 440 reu
933 365 1107 440 Mercurii
1155 376 1252 445 locos
1275 373 1498 466 populariter
1517 372 1709 444 instruens.
1760 365 1809 446 Et
1831 371 1876 440 de
1897 365 2152 451 Grammatic‘a,

110 480 189 565 alis,
212 475 455 550 itaPlatonioi
470 476 544 544 vim
559 473 671 546 animi
685 471 855 548 excelsam
870 483 1010 553 vocant,
1038 465 1108 540 hu·
1155 475 1367 560 Dialectica,
1404 471 1616 558 Rhetorica,
1636 472 1796 563 ‚Logicis
1828 471 1964 543 artibus
1996 477 2148 542 tantuma

109 603 217 650 anana
244 600 435 672 superaus,
468 576 591 646 divina
622 573 805 667 proximus
836 573 966 664 attigit.
1023 571 1107 642 Nou
1155 575 1320 650 Cltordae
1343 578 1428 647 illae
1447 591 1517 647 tres
1532 578 1570 644 in
1585 572 1686 669 chely
1700 570 1936 671 cymphonae,
1962 571 2148 644 Musarum

110 683 220 754 tudio
244 683 417 775 qumdflm
439 679 532 748 mal!
554 677 701 748 feriam
723 671 906 760 h⁰mi¹¹0⁸2
938 674 1002 768 (1οἱ
1024 697 1106 743 ⁰1¹¹ss
1155 681 1264 751 trium
1282 681 1406 750 ludus:
1433 678 1661 776 Polymneia,
1686 679 1891 748 cuinomeu
1909 687 2150 746 cstamemo·

111 776 355 884 ἀγράμματοι
383 775 448 854 καὶ
477 777 640 873 ἄμουσοι
661 773 780 848 li‘telas
804 779 911 867 vulgo
937 775 1108 861 iatlitent,
1155 781 1225 868 ria,
1257 781 1378 852 literas
1408 777 1524 853 habet.
1581 777 1740 870 Euterpe
1770 777 2020 862 Dialectieam,
2051 777 2149 870 quod

111 884 178 956 hot
195 881 329 954 htbffll
343 885 518 974 Primum,
542 896 584 952 ¹¹1
598 907 619 952 ὃ
632 879 836 951 Βὶθῖθῦῑὶθῐῦ
850 903 957 972 quam
971 878 1107 967 longit-
1155 887 1245 954 mira
1268 883 1404 953 sciendi
1425 883 1593 976 cupidine
1613 883 1817 973 rapiantur,
1844 881 1905 974 qui
1928 880 1968 948 itt
1990 892 2151 952 conteut-
2225 897 2229 911 ·

110 990 200 1058 sime
230 987 358 1057 absint.
409 983 487 1074 Age
515 985 608 1054 belle
638 983 777 1052 ridetur
805 977 891 1050 haec
913 993 987 1052 tota
1006 981 1107 1060 lexa
1155 987 1312 1078 platioue
1337 989 1481 1076 degunt.
1540 984 1767 1074 Melpomene
1790 984 1911 1052 sorum
1934 981 2149 1064 demulcent,

110 1091 278 1173 Socrate,
310 1109 385 1156 non
416 1087 456 1154 in
487 1083 621 1176 Gorgia
652 1095 792 1154 tautum
822 1097 855 1152 et
877 1078 1013 1166 Lache,
1045 1084 1115 1152 ssd'
1155 1085 1394 1162 Rhetoricam.
1447 1085 1563 1175 Quae·
1580 1109 1700 1155 rerum
1730 1100 1781 1158 cst
1811 1083 1985 1174 cognitio,
2016 1083 2149 1174 pendet

110 1191 282 1262 omnibus
311 1211 402 1280 pene
433 1186 742 1258 dissertationibus
766 1183 937 1256 Platonis.
990 1183 1108 1254 Habet
1156 1191 1272 1262 omnis
1296 1215 1315 1259 e
1340 1189 1560 1270 numeraria,
1586 1213 1691 1282 quam
1714 1199 1844 1258 vocant
1865 1179 2149 1256 Arithmeticam.

111 1291 355 1363 Grammatico
376 1304 422 1362 ut
441 1292 545 1361 docte
566 1287 743 1381 loquaris,
768 1281 855 1356 haec
878 1297 918 1356 ut
940 1309 1041 1372 vere,
1066 1301 1107 1357 ut
1155 1293 1195 1365 Si
1218 1293 1333 1378 enim,
1359 1307 1399 1364 ut
1422 1291 1536 1360 visum
1561 1287 1723 1375 Platoni,
1749 1289 1868 1382 aliqua
1890 1311 2009 1358 rerum
2032 1287 2148 1379 prima

111 1393 406 1474 discriminatia,
431 1404 471 1461 nt
492 1405 646 1474 certum,
671 1403 713 1459 ut
733 1389 906 1473 solidum,
931 1390 1027 1482 quod
1043 1411 1106 1458 ⁹¹¹·
1155 1395 1254 1467 notio
1278 1395 1409 1465 inserta
1431 1407 1483 1464 est
1506 1407 1632 1464 natura
1649 1393 1829 1463 mentibus
1845 1385 2054 1474 homiuum,
2078 1411 2148 1481 qua
2208 1448 2212 1456 ,

111 1493 348 1590 thymemata,
366 1491 595 1588 syllogismi,
629 1487 766 1573 theses,
797 1490 930 1576 finitio,
962 1489 1107 1582 partitio
1155 1500 1260 1568 liceat
1282 1497 1355 1583 uti,
1381 1495 1438 1565 rel
1459 1497 1505 1564 ad
1527 1491 1784 1566 universalium
1806 1491 2147 1582 contemplationum

111 1591 543 1668 commodumcxhibent.
588 1593 810 1687 'Etayncera
832 1607 916 1684 sum
939 1606 973 1662 et
995 1593 1107 1678 firmo,
1156 1597 1331 1694 principia
1355 1599 1575 1689 agnoscenda
1597 1591 1694 1669 κατὰ
1718 1588 1922 1692 πρόληψιν,
1958 1607 2000 1664 ut
2022 1593 2147 1664 doctus

111 1721 204 1794 quae
226 1699 268 1767 in
290 1693 383 1766 hanc
403 1699 515 1766 ultim
538 1696 775 1778 conveniunt,
808 1695 1028 1788 minimeque
1048 1696 1106 1764 fu·
1156 1703 1211 1774 vir
1236 1699 1416 1793 Epicurus
1439 1713 1559 1781 vocat,
1599 1700 1653 1768 vel
1681 1701 1726 1768 ad
1746 1698 1969 1788 vestigandas
1991 1694 2149 1785 singula-

111 1815 199 1872 παίει.
249 1797 402 1869 Daedali
423 1813 556 1870 statuas
579 1800 760 1893 qnondam
778 1797 933 1886 suspexit
949 1797 1106 1890 antiqni-
1155 1805 1250 1875 rium
1271 1817 1406 1895 partes,
1431 1825 1560 1896 quaeso
1584 1801 1850 1895 quarantella,
1875 1823 1981 1894 quam
1999 1796 2148 1875 ordinis,

110 1917 182 1985 tas,
215 1925 291 1971 nou
317 1903 363 1970 de
391 1901 573 1972 adsciticia
602 1900 735 1992 specie,
768 1914 809 1970 ut
830 1897 1024 1968 Pausanias
1044 1899 1107 1983 eit,
1156 1929 1261 2002 quam
1286 1903 1589 1994 nnmeri'regula?
1623 1925 1692 1997 qua
1707 1903 1850 1974 videtur
1866 1903 1904 1970 in
1920 1921 2149 1994 unoquoque,
2245 1945 2247 1954 ·

111 2009 174 2076 scd
206 2005 362 2092 ingenua
386 2005 541 2096 quadam
564 2005 699 2086 forma,
739 2001 796 2084 coi
823 2002 926 2090 plane
951 1993 1107 2098 γνήσιον
1156 2009 1241 2105 quid
1260 2008 1434 2100 primum,
1456 2007 1540 2101 quia
1559 2019 1772 2088 extremum,
1799 2005 2032 2098 quidanum,
2058 2022 2149 2094 quae

112 2103 298 2189 hocerat,
323 2103 572 2173 adtnirandam
594 2104 725 2172 referre
749 2103 826 2193 ipso
850 2104 977 2171 decore
998 2103 1106 2201 maie·
1156 2112 1277 2184 multa,
1337 2109 1493 2198 Quum
1512 2131 1588 2178 110„
1611 2121 1743 2178 gemm
1769 2107 1884 2177 ,olem
1907 2103 2073 2200 magiam
2094 2103 2148 2172 fe..

112 2221 251 2292 statem,
274 2219 310 2276 ιι
320 2207 579 2298 propemodum
591 2205 682 2274 illud
693 2204 851 2272 metiaris
862 2205 971 2274 seculi
987 2203 1107 2278 θεῖον.
1156 2212 1236 2284 ruta
1261 2212 1409 2295 discisa,
1448 2209 1497 2282 ita
1519 2225 1645 2282 natura
1667 2210 1768 2302 prins
1791 2221 1954 2300 percepta
1978 2221 2150 2276 tenemus.

110 2309 289 2380 Fortassis
312 2321 348 2377 et
364 2310 410 2377 de
425 2308 564 2378 nostris·
574 2305 778 2380 Dialecticis
792 2307 861 2386 tale
876 2307 1046 2400 quiddam
1060 2307 1107 2375 li·
1157 2313 1310 2386 Leman
1331 2313 1450 2396 aiunt,
1474 2313 1634 2406 quisquis
1647 2311 1708 2380 ille
1724 2308 1812 2396 fuit,
1838 2305 2060 2405 Pythagorae
2075 2307 2148 2378 Do.

111 2412 227 2497 cebil,
258 2409 398 2481 Sloicos
419 2411 519 2496 dico,
553 2409 646 2479 arieli
670 2421 754 2480 sunl
775 2431 815 2478 ae
839 2407 952 2478 ieiuni
973 2433 1106 2478 aermo-
1157 2431 1251 2501 etot,
1275 2415 1404 2485 dixisse
1426 2415 1581 2483 animam
1597 2434 1747 2484 numero
1767 2425 1918 2482 matrem
1932 2433 2024 2495 esse,
2048 2409 2149 2480 vide.

111 2537 216 2596 nem,
241 2512 409 2581 foecundi
430 2535 548 2582 sensa:
579 2535 703 2582 verum
721 2507 924 2580 aasentias.
975 2505 1107 2581 Omni·
1157 2519 1257 2604 ticet,
1306 2527 1377 2611 qua
1417 2515 1629 2604 significaret
1667 2514 1889 2605 congenitam
1934 2509 2150 2582 numerandi

112 2641 160 2686 no
184 2617 230 2684 dc
253 2614 331 2706 ipso
355 2614 492 2686 sciendi
516 2637 638 2684 amore
652 2612 846 2687 Dialectica
861 2613 957 2682 iuter
972 2613 1106 2704 primo·
1157 2620 1337 2692 seientiam
1360 2618 1489 2688 animis
1511 2618 1732 2711 mortalium,
1783 2613 1832 2686 Et
1854 2615 1938 2684 licat
1959 2615 2002 2683 de
2018 2635 2148 2705 puero.

111 2743 167 2788 res
183 2717 314 2787 artium
330 2717 504 2786 recenseri
522 2739 598 2785 non
611 2729 741 2786 temere
756 2715 855 2788 solet.
882 2789 891 2806 ,
908 2713 1028 2802 Quare
1044 2739 1106 2783 va·
1156 2747 1237 2793 rum
1266 2721 1417 2791 rudibus
1443 2719 1595 2809 ingeniis
1618 2717 1816 2811 periculum
1837 2719 1968 2801 iacere,
2000 2739 2047 2784 an
2073 2738 2147 2784 nou

112 2821 212 2890 leant
242 2812 450 2910 ἀντίτεχνοι
474 2819 548 2890 suis
579 2818 829 2910 complicibus,
850 2821 1041 2889 -rototie'ov
1062 2811 1106 2888 ad
1156 2825 1311 2918 primum
1336 2815 1405 2907 est',
1436 2824 1531 2916 quod
1553 2822 1642 2891 scire
1666 2821 1831 2892 videntur
1852 2841 2040 2901 numerus,
2071 2839 2148 2906 par,

111 2916 316 3017 ssaossdtffl
328 2917 446 3018 γένος,
468 2916 931 3010 atcumanipiuedieatn:
953 2921 1105 2990 liberum
1156 2929 1271 3018 impar
1291 2925 1449 3008 luditur,
1480 2925 1565 2995 item
1589 2924 1701 2993 cubus
1723 2923 1860 3016 primos
1883 2933 1917 2990 et
1936 2933 2149 3011 postremus.
2254 2933 2257 2941 “

113 3039 164 3094 est
189 3024 286 3092 euim
303 3024 506 3115 cuiqueaut
519 3025 654 3092 bonum
671 3023 981 3093 esseautmalum.
1031 3021 1106 3091 Vos
1158 3028 1401 3119 Quamobrem
1433 3027 1472 3096 in
1497 3025 1701 3096 erudiendis
1723 3023 1843 3117 pueris
1864 3045 1883 3092 a
1908 3045 2059 3091 numero
2084 3044 2150 3090 au.

112 3127 175 3219 qui
189 3120 445 3218 Philosophiae
457 3143 590 3194 nomen
605 3124 750 3194 dedistis
765 3125 1018 3209 adolescentes,
1045 3126 1106 3218 qui
1155 3131 1366 3224 spirandum
1384 3143 1501 3200 censet
1517 3127 1639 3214 Plato,
1666 3151 1737 3220 quo
1752 3123 1898 3195 excultis
1915 3124 1960 3194 iis
1975 3145 2067 3216 qnae
2082 3145 2148 3209 ua-

111 3227 200 3298 bvssi
217 3249 310 3310 ⁸⁸⁸⁰,
336 3227 400 3320 qui
416 3228 536 3319 ⁸²er
551 3229 694 3296 delirae
709 3226 838 3310 menti,
865 3227 926 3320 qui
941 3229 1106 3316 ptodesse
1156 3249 1235 3306 tura
1259 3233 1383 3302 insunt
1406 3231 1624 3315 seminariis,
1654 3229 1764 3322 recipi
1790 3239 1923 3297 caetera
1947 3224 2147 3317 promptius

112 3331 200 3400 olim
215 3327 373 3418 Reipub.
390 3329 625 3413 'contenditis,
648 3327 686 3396 in
705 3329 875 3398 elementa
894 3325 1106 3398 Dialecticae
1156 3348 1297 3431 queant.
1364 3331 1412 3404 Ει
1445 3328 1662 3428 Pythagoras
1694 3353 1835 3400 omnem
1867 3321 2149 3420 philosophandi

113 3431 324 3500 incumbite.
375 3427 487 3498 Nullo
506 3427 699 3518 pharmaco
723 3431 835 3518 magis
858 3443 919 3500 aut
943 3445 1105 3519 vegetum
1156 3437 1331 3508 rationem
1362 3451 1384 3504 c‘
1414 3447 1541 3504 natura
1569 3433 1698 3504 mentis
1727 3429 1905 3501 humanae
1928 3443 2147 3521 cognatoque

112 3545 174 3600 ³1¹²
196 3553 294 3612 atre,
328 3529 427 3598 nulla
452 3524 639 3598 harmonia
661 3530 764 3598 reddi
785 3545 900 3623 potest
920 3531 1104 3622 ingenium
1156 3540 1274 3610 studio
1298 3538 1482 3619 derivans,
1507 3534 1684 3628 principia
1705 3527 1959 3622 Philosophiae
1980 3551 2147 3600 numeros

113 3633 324 3722 elegantius.
375 3627 461 3699 Bias
475 3644 638 3721 rogatos,
664 3630 751 3724 quid
767 3647 857 3702 esset
870 3633 998 3727 cuique
1012 3634 1107 3704 i'nter
1155 3641 1285 3733 posuit.
1339 3637 1435 3709 Tum
1460 3637 1521 3731 qai
1547 3637 1751 3729 praestitere
1774 3635 1955 3728 quondam
1974 3631 2147 3722 sapientia

111 3735 227 3827 prima
257 3733 379 3811 dulce,
421 3733 625 3824 respondit,
669 3733 756 3826 quid
784 3735 985 3826 proprium.
1041 3732 1106 3806 Est
1155 3741 1275 3831 magni
1306 3741 1394 3826 viri,
1426 3735 1470 3810 τὸ
1492 3735 1674 3836 ἀριθμεῖν
1696 3759 1905 3818 numerare,
1937 3758 2002 3825 pro
2028 3729 2149 3824 philo-

112 3851 232 3907 autem
262 3835 320 3904 vel
350 3834 502 3904 maxime
530 3835 674 3926 propria
707 3830 847 3907 homini
871 3838 1106 3924 ratiocinatio,
1156 3841 1301 3936 cophari
1325 3845 1503 3914 dixerunt.
1555 3827 2148 3930 Abenzoarnosseinquitoniuia,

111 3930 279 4021 διάλεξις,
293 3937 724 4032 contemplatioeuiusque
734 3932 829 4036 [rei]
840 3940 1002 4029 diligens.
1031 3939 1103 4010 lam
1156 3947 1219 4042 qni
1242 3947 1328 4016 sciat
1352 3967 1550 4016 numerare.
1580 4017 1583 4024 ,
1609 3939 1658 4012 Ει
1679 3935 1803 4014 Neocli
1825 3937 1927 4009 Plato
1950 3937 2148 4030 quaerenti,

111 4062 244 4133 quaeso
274 4039 359 4131 quid
392 4061 433 4108 eo
464 4040 632 4110 suavius?
683 4037 835 4114 Varium
864 4039 994 4113 Poiitae
1014 4039 1106 4112 Pro·
1155 4073 1219 4118 cur
1232 4044 1340 4118 homo
1355 4037 1653 4136 sapientissimum
1668 4043 1811 4126 animal,
1837 4039 2031 4132 respondit,
2057 4061 2148 4131 quo-

112 4157 208 4212 teum
233 4142 390 4230 fingunt,
417 4143 578 4213 omniurn
599 4142 808 4214 sihirernm
819 4143 1106 4231 vultussormas·
1154 4150 1251 4220 niam
1275 4171 1445 4218 numeros
1467 4142 1603 4221 calleat.
1671 4144 1745 4215 lam
1768 4167 1859 4236 quae
1879 4165 2006 4212 arcana
2027 4139 2148 4210 renati

112 4267 179 4337 ‘lu‘
204 4255 395 4334 aPi³¹¹¹i¹¹b
448 4241 533 4333 Q¹¹⁰
556 4245 728 4314 nimirum
752 4259 952 4316 fflfflmffllo
971 4247 1105 4328 inlelli—
1154 4253 1306 4323 maiores
1329 4273 1349 4320 e
1373 4251 1450 4340 pari
1472 4275 1511 4319 ac
1535 4247 1686 4342 impari,
1713 4269 1802 4340 quae
1820 4243 1985 4316 sublimia
2003 4266 2146 4324 cxttno,

112 4345 251 4436 geutiac
280 4358 423 4415 nostrae
450 4342 753 4438 metamorphosin
779 4348 818 4416 in
840 4371 963 4418 omues
984 4371 1104 4419 rerum
1155 4355 1316 4438 dnobus,
1341 4354 1476 4436 tribus,
1501 4367 1671 4446 quatuor,
1697 4349 1875 4443 quinque,
1899 4371 1976 4431 sex,
2002 4357 2147 4434 septem,

112 4447 243 4540 species
258 4445 469 4534 significant.
513 4447 693 4520 Discernit
706 4463 824 4520 autem
839 4451 970 4543 species
984 4475 1104 4522 rerum
1154 4469 1189 4527 et
1210 4479 1350 4526 rursum
1375 4479 1416 4525 ex
1437 4449 1565 4523 borum
1588 4451 1851 4542 congressibus,
1884 4449 1959 4518 dies
1980 4445 2148 4519 defecerit

112 4545 431 4632 unicaDialectica,
451 4564 669 4643 perpetuast
684 4553 1104 4624 inconcussaveriscien·
1155 4559 1329 4652 explicare
1352 4567 1552 4630 conantem.
1607 4551 1790 4628 Accedunt
1809 4555 1853 4622 ad
1873 4572 2044 4621 numeros
2064 4549 2147 4620 lite-

110 4654 169 4726 tia.
225 4647 344 4738 Quam
365 4652 493 4722 vellem
510 4649 597 4724 haec
611 4654 775 4746 pluribus
788 4677 891 4743 agere
906 4655 1106 4748 liceretper
1155 4683 1233 4747 rac,
1264 4673 1395 4740 sortes,
1428 4660 1644 4748 aenigmata,
1670 4653 1899 4740 nomismata,
1926 4666 1960 4722 et
1980 4647 2147 4746 huiusce·

27 4789 33 4801 ·
111 4750 256 4833 horam,
284 4775 355 4844 quo
374 4753 1004 4848 tnagisperspicuerobisDialectica
1021 4783 1104 4850 pro·
1154 4763 1252 4833 modi
1275 4785 1350 4832 non
1373 4783 1505 4853 paucae
1525 4757 1817 4830 commerciomm
1837 4770 1955 4828 uotae.
2006 4753 2147 4823 Necest

110 4857 268 4928 ittfflffl'·
320 4851 383 4925 Sti
403 4857 512 4928 fuerit
533 4859 716 4940 adiecisse,
742 4857 1105 4930 Neminemacondi·
1153 4879 1193 4936 ut
1212 4865 1322 4964 Syros
1345 4878 1407 4935 aut
1423 4859 1618 4934 Phoenicas
1639 4883 1830 4929 memorem
1854 4857 1957 4928 vobi's
1981 4850 2147 4925 authores

112 4959 155 5028 tis
181 4956 299 5026 literis
320 4980 478 5051 uuquam
502 4960 578 5030 ullo
600 4962 800 5052 sapientum
823 4962 978 5049 iudicio,
1011 4963 1105 5033 inter
1155 4969 1307 5038 numeri.
1358 4963 1494 5039 Eadem
1513 4965 1632 5055 generi
1652 4958 1837 5033 hominum
1856 4959 1948 5029 ratio
1965 4959 2061 5028 idem
2077 4951 2147 5028 hoe

111 5058 324 5128 candidatos
347 5060 548 5132 studiorum
579 5063 751 5157 cuiusque
781 5065 919 5155 generis
948 5089 1105 5149 censum,
1154 5070 1289 5164 ubique
1316 5082 1488 5162 praestat,
1522 5079 1564 5136 ut
1591 5066 1728 5156 signet,
1768 5061 1961 5142 discernat,
2000 5061 2145 5139 iudicet,

112 5154 218 5232 huius
234 5173 422 5250 expertem.
472 5161 542 5236 seo
557 5189 678 5236 aurem
689 5163 866 5261 Cynthius
879 5167 979 5237 vellit
995 5188 1104 5237 oran·
1154 5195 1244 5265 quae
1276 5191 1404 5243 usurae
1436 5168 1585 5238 veniunt
1606 5191 1635 5236 ¹e
1665 5165 1880 5236 numeraria.
1932 5161 2147 5256 Sequuntur

110 5263 153 5348 ti,
180 5263 853 5356 etadmouettuperessellhetoricam.
904 5268 1002 5360 Quid
1020 5293 1102 5338 vero
1155 5295 1233 5346 eam
1257 5267 1454 5368 ponderum
1477 5293 1517 5340 ac
1535 5265 1820 5360 magnitudinum
1838 5287 2044 5349 mensurae,
2071 5263 2146 5354 pla·

110 5363 193 5440 illa?
242 5361 333 5434 Pars
352 5361 595 5451 llialscticae,¹
617 5373 790 5464 quosdam
812 5385 1102 5462 argumentorum
1153 5399 1240 5462 nac,
1257 5375 1479 5468 solidaeque
1499 5362 1650 5463 figurae,
1681 5392 1813 5464 aequa,
1845 5369 1979 5462 iniqua·
1995 5391 2146 5459 propor-
