4688 5826
86 291 144 366 m
733 285 895 365 onon.
927 285 1001 362 on
1034 285 1396 366 sarracena
1836 407 1843 414 η
2028 307 2100 386 na

86 463 267 559 quoium,
292 474 328 534 e,
349 483 434 532 mu
457 471 621 552 accepto,
648 461 809 550 ,aginam
825 462 865 532 qn
885 485 967 532 gum
983 459 1052 532 eia.
1107 483 1266 555 quaeque
1290 461 1388 532 natio
1420 463 1572 536 maxime
1596 469 1780 542 barbarica
1809 487 1845 545 et
1872 477 1917 547 ab
1939 473 2098 553 humano

85 567 218 649 mtatur,
243 563 510 656 collapsumque
526 587 566 634 ex
582 563 731 634 vulnere
756 565 864 634 secari
884 578 919 634 et
945 563 1055 634 ictum
1105 563 1198 634 vitas
1220 563 1318 634 cultu
1341 565 1457 634 aliena
1480 579 1548 648 est,
1575 571 1623 640 ita
1654 574 1699 641 ad
1723 569 1941 648 heluandum
1961 605 2001 652 ac
2016 609 2099 675 per-

85 666 189 758 impici
204 665 312 741 iubet,
360 661 524 758 Cumque
538 665 677 736 arundo
691 665 730 735 in
746 665 824 756 ipso
838 665 1056 756 cordepueri
1105 666 1301 756 potandum
1313 667 1554 758 profusissima
1573 687 1643 757 est,
1671 677 1843 770 quasique
1857 679 2099 780 foederequo·

84 773 135 840 bra
155 770 415 852 ostenderetur,
450 761 683 838 cachinnans:
722 765 832 837 Vides
853 791 968 851 nunc,
998 767 1056 834 in·
1104 769 1183 838 dam
1208 768 1304 838 inter
1337 769 1538 840 seiunctae
1566 787 1650 844 sunt
1681 777 1862 852 barbaries
1886 797 1920 854 et
1943 789 2098 878 crapula,
2178 775 2184 780 “

83 873 142 966 quit
172 870 281 962 patri,
314 869 419 940 etiam
448 869 587 939 ebrium
618 891 695 954 me,
728 883 846 940 tamen
876 868 1054 960 egregium
1102 865 1270 962 pulchra,
1308 866 1501 954 mehercle,
1543 876 1708 963 melem,
1744 895 1778 952 111
1810 883 1957 988 dignum
1992 884 2098 962 11111111

84 995 139 1043 esse
152 972 328 1042 iaculandi
343 971 523 1042 artificem.
574 969 768 1064 Preraspes
784 974 971 1042 advertens
986 965 1052 1040 ho·
1102 973 1230 1062 patella
1245 973 1462 1061 operculum·

82 1078 190 1144 minem
210 1095 334 1144 revera
358 1091 527 1142 vesanum
549 1097 589 1142 ac
611 1067 787 1144 l‘uriosum
812 1097 903 1154 esse,
937 1073 1053 1142 conti·
1203 1072 1291 1142 Fera
1316 1075 1420 1144 etiam
1444 1081 1618 1169 quaedam
1642 1079 1678 1148 in
1704 1081 1776 1154 illis
1800 1083 2096 1178 septentrionali-

81 1177 142 1246 nait
160 1198 246 1260 sese,
282 1175 443 1246 dolorem
466 1174 704 1249 dissimulans.
768 1173 946 1246 Postridie
968 1199 1052 1244 vero
1101 1175 1167 1243 bars
1187 1199 1227 1243 ac
1250 1175 1455 1246 Sarmaticis
1479 1181 1552 1250 oris
1576 1181 1732 1252 inveniri
1757 1187 1907 1275 dicitur,
1946 1194 2095 1266 immani

79 1281 136 1348 eius
148 1279 214 1347 diei
231 1291 266 1348 et
282 1277 470 1348 duodecim
485 1273 670 1367 Principes
687 1275 890 1362 Persarum,
916 1278 1049 1347 obrem
1101 1276 1308 1348 10111111111
1344 1277 1542 1367 Quaecum
1574 1283 1612 1350 3¹¹
1633 1286 1788 1379 aliquam
1813 1294 1978 1381 Praedam
2003 1295 2096 1366 5⁰⁰3·

79 1375 164 1450 nihili
187 1405 225 1448 ac
254 1379 392 1450 nullius
420 1379 591 1449 momenti
612 1403 772 1460 causam,
807 1379 1050 1450 crudelissimo
1100 1377 1173 1460 dit,
1215 1404 1256 1448 eo
1287 1402 1399 1474 usque
1425 1381 1504 1452 cibo
1536 1384 1725 1457 immodice
1753 1391 1897 1480 ¹ingesto
1925 1397 2095 1471 distendit

78 1483 226 1570 supplicio
246 1481 384 1560 affecit,
408 1479 447 1548 in
463 1493 568 1569 caput
586 1481 687 1550 vivos
703 1481 906 1565 defodiens,
932 1505 972 1548 ac
988 1504 1051 1572 per
1100 1493 1278 1560 ventrem,
1311 1495 1350 1552 ut
1374 1507 1499 1576 parum
1524 1487 1633 1572 absit,
1666 1490 1753 1582 quin
1775 1509 1902 1584 crepet.
1954 1495 2095 1572 Deinde
2161 1527 2164 1535 ’

77 1585 205 1653 eundem
240 1581 469 1653 temulentiae
503 1583 661 1652 furorem
696 1585 765 1654 alia
798 1584 908 1652 multa
944 1583 1048 1652 etiam
1099 1581 1193 1652 inter
1222 1597 1371 1671 angusto
1402 1587 1520 1675 spacio
1549 1589 1720 1662 distantes
1752 1595 1896 1666 arbores
1919 1603 2095 1672 transiens

77 1687 155 1754 dictu
185 1685 331 1754 infanda
373 1696 408 1752 et
450 1679 639 1754 horribilia
678 1685 805 1756 auditu
844 1683 1051 1774 designavit,
1099 1682 1401 1756 violentaibidem
1418 1689 1677 1780 compressione
1692 1696 1841 1768 crudum
1857 1699 1957 1770 illum
1974 1704 2092 1774 cibum

76 1789 167 1856 don„
181 1786 276 1857 Deus
291 1811 373 1856 eum
389 1786 537 1878 proprio
552 1786 671 1875 gladio
689 1787 799 1857 ictum
814 1787 887 1857 vita
905 1785 1049 1878 expulit.
1099 1785 1228 1854 iterum
1251 1811 1315 1875 per
1337 1811 1444 1858 anum
1471 1792 1654 1881 exprimit,
1689 1795 1809 1889 itaque
1828 1821 1901 1870 sese
1917 1822 2094 1890 exonerat,

77 1886 162 1956 Tales
189 1885 371 1970 homines,
405 1887 478 1956 imo
509 1912 593 1958 vero
623 1901 695 1958 tam
719 1889 891 1958 immanes
919 1887 1048 1958 bestias
1099 1887 1194 1979 quod
1210 1887 1280 1956 nisi
1292 1890 1437 1974 faceret,
1463 1893 1661 1982 periculum
1679 1897 1771 1966 vitae
1788 1914 1873 1972 erat.
1926 1899 1990 1976 Est
2006 1903 2093 1980 baec

75 1992 158 2058 nobis
178 1988 291 2078 gignit
312 1987 484 2070 ebrietas,
511 2011 662 2080 quarum
678 1989 787 2060 vitam
805 2003 840 2060 et
862 1993 951 2060 facta
968 2013 1048 2058 cum
1099 1989 1247 2058 omnino
1261 1989 1462 2060 foedissima
1481 1995 1613 2064 ventris
1628 1997 1803 2085 ingluvies
1824 1997 1931 2074 huius
1952 2007 2095 2080 bestiae.

76 2105 136 2180 post
157 2103 206 2161 tot
234 2113 348 2160 annos
373 2089 542 2178 legimus,
586 2083 785 2164 horremus.
849 2090 908 2162 Sic
940 2091 1049 2178 igitur
1098 2088 1167 2160 Sed
1195 2113 1233 2158 ea
1259 2085 1354 2160 haud
1378 2093 1487 2162 dubie
1512 2095 1628 2187 imago
1648 2103 1819 2192 quaedam
1841 2118 1893 2176 est
1916 2107 2093 2201 intempe-

75 2193 227 2276 stamatis,
258 2187 532 2274 Adolescentes,
564 2192 708 2282 crapula
729 2191 871 2262 nullum
889 2187 1049 2262 horribi·
1097 2191 1234 2260 cantiae
1249 2215 1441 2262 aemorum
1459 2220 1578 2266 earum
1595 2201 1773 2288 gentium,
1798 2209 1842 2276 de
1857 2233 2005 2300 quarum
2024 2215 2094 2284 im-

75 2293 144 2376 lius,
173 2294 315 2364 nullum
329 2292 483 2376 tetrius,
511 2305 573 2362 aut
603 2293 789 2363 nocentius
810 2295 963 2376 malum,
995 2293 1048 2362 ira
1096 2292 1263 2362 manibus
1286 2295 1459 2365 conviviis
1483 2291 1688 2383 horribilia,
1724 2308 1782 2374 sed
1807 2321 1926 2378 tamen
1957 2337 1975 2382 a
2009 2341 2093 2390 vero

74 2395 211 2465 Deorum
234 2407 361 2466 natum
388 2407 450 2464 aut
473 2417 492 2475 e
517 2393 693 2464 furiarum
716 2395 860 2466 sedibus
884 2395 1049 2478 excitum,
1097 2417 1172 2461 non
1188 2389 1416 2466 abhorrentia
1433 2414 1640 2471 irascantur:
1675 2401 1773 2477 Raro
1788 2413 1934 2501 transigi
1950 2439 2093 2510 sympo-

75 2496 103 2562 in
122 2492 210 2566 hunc
229 2497 408 2566 mundum
428 2519 468 2566 ac
491 2496 623 2581 lucem,
654 2497 700 2566 ad
717 2499 913 2568 multorum
929 2491 1048 2566 homi·
1096 2495 1190 2564 sium
1219 2496 1295 2564 sine
1324 2499 1446 2568 multis
1477 2504 1660 2590 caedibus,
1695 2507 1724 2574 si
1753 2510 1832 2601 quis
1863 2517 2091 2606 propinatum

75 2621 142 2666 num
167 2599 313 2669 exitium
337 2597 536 2668 immissum
560 2613 644 2670 esse.
701 2593 799 2668 Haec
827 2599 922 2668 onim
952 2611 1046 2668 atro·
1093 2597 1234 2666 dolium
1249 2593 1394 2670 haurire
1408 2617 1534 2686 cesset,
1561 2605 1828 2696 illiaproximo
1840 2639 1981 2709 quoque
1996 2643 2092 2690 com-

25 2707 26 2718 ¹
73 2699 148 2768 aiore
169 2701 300 2770 furoris
324 2722 467 2788 genere,
500 2723 607 2792 quam
630 2698 726 2768 ullae
748 2694 1046 2794 erinnyeshomi-
1096 2711 1221 2790 potore
1237 2701 1402 2790 protinus
1425 2727 1547 2774 necem
1564 2707 1771 2796 imminere;
1803 2715 1833 2782 si
1857 2741 1961 2809 quem
1980 2721 2092 2796 inter·

25 2781 26 2794 ¹
73 2824 121 2870 nes
140 2804 305 2874 maritat:
341 2797 428 2872 haec
454 2803 578 2870 domos
600 2813 716 2871 vastas
735 2802 854 2872 reddit
875 2814 909 2872 et
923 2803 1045 2887 urbes;
1095 2801 1263 2887 fecerint,
1305 2827 1379 2872 non
1415 2820 1598 2895 propterea
1635 2814 1839 2884 convivium
1873 2820 2091 2907 dissolvltur,

72 2895 139 2972 haec
160 2905 209 2974 rei
229 2907 390 2996 privatae
414 2917 446 2972 et
470 2904 633 2994 publicae
651 2904 850 2974 communis
872 2904 989 2974 clades
1006 2927 1046 2972 ac
1095 2905 1154 2970 sed
1175 2905 1364 2992 provoluto
1386 2906 1423 2974 in
1443 2909 1598 2978 medium
1621 2925 1747 2983 trunco
1769 2921 1947 3008 corporis,
1973 2937 2008 2994 et
2022 2927 2090 2996 im-

24 2989 25 2998 ’
71 3006 154 3075 ruina
170 3021 235 3093 est3
264 3003 351 3078 haec
369 3006 526 3074 infandis
541 3004 756 3076 libidinibus
769 3002 924 3076 bumana
941 3023 1045 3097 atque
1096 3004 1219 3092 positis
1232 3006 1368 3098 aliquot
1390 3010 1564 3091 nummis,
1593 3009 1639 3104 (is
1656 3013 1749 3106 apud
1766 3041 1918 3092 cosmos
1938 3025 2006 3122 est)
2027 3023 2091 3099 he·

71 3107 170 3178 divina
190 3110 268 3179 ium
299 3108 446 3198 pullum
489 3101 575 3176 haec
607 3107 774 3178 caedibus
805 3120 840 3177 et
874 3109 1045 3196 sanguine
1095 3106 1186 3174 luari
1203 3123 1365 3196 pergunt.
1407 3109 1524 3180 Malos
1541 3113 1645 3182 etiarn
1661 3119 1891 3204 geniosinter
1904 3149 1983 3212 eos,
2009 3121 2089 3200 cnm

71 3202 263 3280 horrendum
290 3211 329 3280 in
351 3212 499 3278 modum
515 3209 638 3280 miscet
653 3233 694 3279 ac
712 3209 896 3301 perturbat
913 3210 1043 3278 omnia.
1094 3209 1228 3294 agitant
1245 3211 1426 3296 convivia,
1452 3216 1635 3304 propalam
1655 3220 1925 3296 obambulantes
1934 3233 2090 3323 conspici

70 3305 224 3385 &elamet
241 3310 461 3403 hicaliqnis:
1094 3309 1238 3393 dicunt,
1271 3313 1403 3382 maiore
1430 3337 1535 3405 quam
1563 3313 1710 3388 humani
1741 3328 1901 3415 corporis
1923 3330 2089 3422 imagine,

340 3418 395 3482 un
413 3424 504 3480 tatem
516 3424 602 3480 terris
618 3423 743 3480 avesate
756 3420 887 3502 pestem!
1095 3433 1183 3502 quos
1206 3411 1259 3478 illi
1282 3408 1376 3482 nihil
1399 3411 1644 3506 exhorrentes,
1666 3447 1731 3511 pro
1746 3427 1849 3496 sociis
1871 3455 1911 3499 ac
1928 3436 2088 3506 convivis

72 3510 226 3604 sapientes
259 3518 407 3609 quidem
429 3513 630 3603 principes,
678 3515 867 3608 legumque
901 3513 1042 3597 latores,
1094 3513 1399 3598 satutaresotenu
1419 3530 1630 3609 etcoeptum
1658 3527 1861 3598 convivium
1879 3538 2088 3620 permultos

71 3613 100 3682 in
124 3620 285 3687 omnibus
317 3621 409 3688 bene
443 3617 642 3686 constitutis
678 3613 890 3708 Rebuspub.
919 3615 1042 3702 singu·
1094 3638 1135 3682 ex
1158 3615 1284 3683 ordine
1307 3617 1382 3686 dies
1404 3633 1595 3712 noctesque
1625 3647 1697 3694 tino
1719 3641 1841 3699 tenore
1864 3634 2086 3710 continuare.

71 3717 121 3786 lari
141 3745 218 3790 cura
248 3745 292 3790 ac
324 3719 509 3808 diligentia
540 3718 744 3788 ebrietatem
768 3712 1043 3810 prohibuerunt,
1093 3713 1189 3786 llaec
1212 3716 1241 3783 si
1262 3717 1342 3809 quis
1365 3722 1457 3806 apud
1490 3745 1594 3792 sartos
1626 3740 1659 3796 et
1696 3730 1835 3802 sobrios
1863 3727 2026 3810 homines
2053 3757 2087 3812 el
2136 3815 2140 3822 .

71 3841 119 3889 nec
138 3823 252 3892 minus
286 3822 446 3892 civitates
477 3835 598 3890 contra
630 3821 752 3890 luxum
786 3843 825 3890 ac
850 3820 1041 3909 crapulam,
1093 3817 1239 3886 istarum
1263 3813 1510 3890 heluationum
1535 3825 1677 3914 ignaros
1696 3832 1841 3913 referat,
1866 3837 2023 3912 fabulam
2040 3846 2085 3914 ad

70 3946 151 4013 quam
173 3937 297 3994 contra
319 3924 436 3994 ullum
453 3923 563 3992 aliurn
579 3922 870 3992 nocentissimum
893 3915 1041 4004 hostem,
1092 3920 1244 3988 aliorum
1263 3933 1432 3991 terrorem
1450 3926 1632 3996 confictam
1650 3954 1793 4002 narrare
1808 3936 1986 4010 videatur:
2010 3967 2084 4018 non

71 4026 256 4096 muniendas
277 4040 506 4096 censuerunt:
542 4023 786 4110 intelligebant
803 4024 898 4092 enim
917 4023 955 4090 in
973 4023 1040 4092 ista
1093 4024 1186 4090 enim
1207 4021 1309 4090 facile
1332 4025 1427 4092 credi
1447 4039 1581 4116 potest,
1608 4043 1741 4102 tantam
1766 4038 1940 4110 feritatem
1964 4058 1997 4114 et
2015 4047 2084 4116 im-

71 4125 223 4198 barbarica
258 4139 295 4198 et
328 4127 476 4197 immani
509 4127 601 4210 vita,
642 4127 779 4196 nullam
813 4125 1038 4215 disciplinam
1091 4124 1295 4192 manitatem
1328 4127 1452 4195 cadere
1482 4128 1521 4196 in
1552 4125 1743 4204 humanam
1775 4153 1950 4216 natricem.
2009 4147 2081 4220 Sed

72 4227 218 4314 pubfifflm
234 4253 356 4322 neque
371 4230 545 4320 privatam
561 4252 664 4319 posse
680 4227 892 4300 conservari.
1091 4226 1152 4317 qui
1177 4225 1363 4308 viderunt,
1396 4251 1435 4296 ac
1454 4229 1586 4300 talibus
1612 4239 1786 4308 conviviis
1810 4245 1949 4332 saepius
1968 4248 2081 4320 inter·

148 4331 247 4404 Tulit
265 4329 423 4402 Pittacus
439 4329 677 4424 Mitylenaeus
696 4331 830 4416 legem,
855 4343 895 4398 ut
913 4328 1038 4419 siquis
1089 4327 1234 4398 luerunt
1250 4327 1338 4418 ipsi,
1366 4323 1453 4412 hiet
1472 4325 1556 4400 haec
1572 4357 1652 4404 vera
1673 4363 1765 4424 esse,
1791 4359 1824 4414 et
1846 4339 1902 4414 his
1924 4343 2081 4423 horribi-

72 4453 117 4518 ρει
148 4435 390 4504 temulentiam
434 4434 575 4501 sceleris
613 4433 750 4524 aliquid
772 4431 1037 4514 commisisset,
1089 4428 1177 4496 liora
1195 4431 1298 4498 etiam
1316 4431 1391 4498 lieri
1408 4432 1596 4504 affirmant.

70 4533 327 4625 duptogfflviore
341 4559 456 4628 poena
471 4536 699 4626 plecteretur,
722 4535 818 4625 quod
833 4553 935 4602 causa
950 4533 1036 4621 ipsa,
1187 4527 1310 4601 Redeo
1336 4532 1445 4621 igitur
1471 4559 1532 4621 eo,
1574 4541 1670 4608 unde
1697 4544 1849 4636 digressa
1878 4565 1928 4621 est
1954 4558 2079 4641 oratio,

70 4658 225 4724 quaeum
242 4641 288 4708 ad
303 4640 519 4730 peccandum
536 4635 752 4727 impulisset,
774 4635 916 4724 gravius
930 4635 1034 4702 etiam
1088 4656 1214 4722 nempe
1241 4633 1343 4704 istam
1375 4636 1532 4722 foedam,
1577 4640 1766 4716 immanem
1795 4667 1900 4744 atque
1934 4650 2079 4730 homine

71 4755 219 4823 peecatum
245 4755 346 4810 esset.
406 4737 480 4809 Alii
506 4738 584 4806 aliis
605 4737 729 4827 poenis
753 4751 859 4829 atque
881 4735 1034 4826 ignomi.
1087 4735 1269 4843 indignam
1292 4739 1426 4806 neartris
1450 4741 1666 4829 proluviem,
1697 4753 1790 4837 apud
1807 4755 1975 4826 barbaras
1998 4760 2078 4832 illas

69 4839 122 4908 nii,
134 4843 167 4912 5„
184 4843 343 4912 ebriosos
360 4842 700 4911 animadverterunt.
747 4835 799 4909 Et
815 4839 928 4931 siqua
949 4861 1033 4929 gens
1087 4850 1226 4926 gentes,
1260 4851 1293 4907 et
1315 4863 1402 4931 qnas
1423 4855 1544 4910 utrum
1568 4843 1663 4914 inter
1685 4843 1847 4924 homines
1878 4881 1923 4926 an
1955 4861 2077 4934 beluas

70 4955 167 5014 natura
182 4945 401 5014 moderatior
414 4938 677 5034 humaniorque
690 4939 775 5024 luit,
789 4965 828 5009 ea
838 4964 901 5010 sua
910 4955 1034 5030 sponte
1086 4962 1267 5020 numeres,
1289 4941 1451 5011 dubitare
1465 4946 1594 5034 possis,
1616 4951 1803 5043 praecipue
1819 4959 1992 5050 conspici,
2010 4957 2077 5032 ho-

70 5041 242 5118 loeditatem
270 5045 450 5116 ebrietatis
471 5068 592 5129 exosa,
624 5041 818 5133 frugalitati
834 5065 874 5110 ac
888 5042 1033 5110 'sobrie-
1085 5041 1199 5110 mines
1223 5043 1422 5112 moderatos
1449 5059 1484 5115 et
1513 5048 1558 5116 ad
1581 5049 1737 5144 aliquam
1755 5049 1951 5128 humanam'
1969 5063 2076 5136 disci·

70 5145 115 5212 tui
133 5151 266 5220 dedidit
287 5172 375 5234 sese,
399 5171 465 5216 nec
481 5145 619 5236 legibus
637 5166 728 5236 opus
748 5144 816 5213 fuit
832 5138 1033 5234 probibere,
1085 5142 1219 5231 plinam
1234 5145 1455 5216 adsuefactos
1467 5169 1606 5242 semper
1619 5169 1745 5228 natura
1769 5155 2011 5253 exhorruisse,
2036 5191 2076 5240 ac

69 5253 139 5332 qood
154 5253 294 5340 publica
309 5251 403 5321 inter
418 5245 581 5318 homines
596 5245 809 5317 verecundia
824 5245 1031 5318 sustulisset.
1083 5245 1272 5318 detestatos
1286 5269 1371 5318 esst·

143 5349 211 5422 seg
223 5366 347 5443 regnat
363 5347 430 5422 hoc
447 5350 573 5420 vitium
591 5348 864 5420 interbarbaras
879 5372 917 5418 ac
941 5348 1032 5420 feras
1186 5346 1304 5420 Tanto
1320 5349 1429 5438 magis
1447 5349 1555 5441 igitur
1570 5368 1602 5425 et
1618 5379 1701 5442 nos,
1722 5355 1991 5459 Adolescentes,
2011 5377 2075 5468 qni

68 5445 125 5518 mas
144 5469 260 5543 geum
284 5455 490 5546 praecipue,
532 5465 565 5520 e,
593 5475 737 5522 ,emere
765 5467 837 5536 est,
870 5453 965 5546 quod
992 5463 1031 5522 ut
1083 5447 1305 5537 cumMusis,
1326 5446 1472 5622 haqest,
1494 5479 1572 5560 cum
1588 5450 1809 5536 humanitate
1823 5476 2072 5564 commercium

100 5557 264 5628 tunam.
284 5562 385 5626 Orsa.
414 5561 496 5622 Vos..
513 5557 578 5628 XI.
1397 5557 1422 5626 2
