<?xml version="1.0" encoding="UTF-8"?>
<!DOCTYPE html PUBLIC "-//W3C//DTD XHTML 1.0 Transitional//EN"
    "http://www.w3.org/TR/xhtml1/DTD/xhtml1-transitional.dtd">
<html xmlns="http://www.w3.org/1999/xhtml" xml:lang="en" lang="en">
 <head>
  <title>
</title>
<meta http-equiv="Content-Type" content="text/html;charset=utf-8" />
  <meta name='ocr-system' content='tesseract 3.04.00' />
  <meta name='ocr-capabilities' content='ocr_page ocr_carea ocr_par ocr_line ocrx_word'/>
</head>
<body>
  <div class='ocr_page' id='page_1' title='image "./corpusreformato23melagoog/corpusreformato23melagoog_0397.png"; bbox 0 0 4646 5824; ppageno 0'>
   <div class='ocr_carea' id='block_1_1' title="bbox 192 166 2293 396">
    <p class='ocr_par' dir='ltr' id='par_1_1' title="bbox 192 166 2307 396">
     <span class='ocr_line' id='line_1_1' title="bbox 192 166 2293 396; baseline -0.005 -70"><span class='ocrx_word' id='word_1_1' title='bbox 192 247 268 396; x_wconf 66' lang='lat' dir='ltr'><strong>aar</strong></span> <span class='ocrx_word' id='word_1_2' title='bbox 644 166 647 178; x_wconf 36' lang='lat'><em>⁶</em></span> <span class='ocrx_word' id='word_1_3' title='bbox 729 191 892 320; x_wconf 74' lang='lat' dir='ltr'><strong>bnon</strong></span> <span class='ocrx_word' id='word_1_4' title='bbox 921 221 1000 322; x_wconf 79' lang='lat' dir='ltr'><strong>nn</strong></span> <span class='ocrx_word' id='word_1_5' title='bbox 1030 235 1372 322; x_wconf 81' lang='lat' dir='ltr'><strong>ooaornas</strong></span> <span class='ocrx_word' id='word_1_6' title='bbox 1403 239 1702 326; x_wconf 77' lang='lat' dir='ltr'><strong>caracara</strong></span> <span class='ocrx_word' id='word_1_7' title='bbox 2145 252 2218 330; x_wconf 81' lang='lat'><strong>772</strong></span> <span class='ocrx_word' id='word_1_8' title='bbox 2287 339 2293 348; x_wconf 20' lang='lat'>⁸</span> 
     </span>
    </p>
   </div>
   <div class='ocr_carea' id='block_1_2' title="bbox 88 397 2307 1634">
    <p class='ocr_par' dir='ltr' id='par_1_2' title="bbox 88 397 2307 1228">
     <span class='ocr_line' id='line_1_2' title="bbox 195 397 2307 518; baseline -0.001 -20"><span class='ocrx_word' id='word_1_9' title='bbox 195 417 392 498; x_wconf 87' lang='lat' dir='ltr'><strong>necessaria</strong></span> <span class='ocrx_word' id='word_1_10' title='bbox 412 411 589 514; x_wconf 89' lang='lat' dir='ltr'><strong>impediri.</strong></span> <span class='ocrx_word' id='word_1_11' title='bbox 651 409 817 510; x_wconf 86' lang='lat' dir='ltr'><strong>Denique</strong></span> <span class='ocrx_word' id='word_1_12' title='bbox 844 415 1125 490; x_wconf 77' lang='lat' dir='ltr'><strong>mediocritatem</strong></span> <span class='ocrx_word' id='word_1_13' title='bbox 1151 429 1186 488; x_wconf 91' lang='lat' dir='ltr'><strong>et</strong></span> <span class='ocrx_word' id='word_1_14' title='bbox 1237 443 1279 490; x_wconf 83' lang='lat' dir='ltr'><strong>ex</strong></span> <span class='ocrx_word' id='word_1_15' title='bbox 1307 431 1370 490; x_wconf 90' lang='lat' dir='ltr'><strong>too</strong></span> <span class='ocrx_word' id='word_1_16' title='bbox 1399 433 1541 514; x_wconf 88' lang='lat' dir='ltr'><strong>pectore</strong></span> <span class='ocrx_word' id='word_1_17' title='bbox 1560 419 1736 518; x_wconf 80' lang='lat' dir='ltr'><strong>Spiritum</strong></span> <span class='ocrx_word' id='word_1_18' title='bbox 1762 431 1941 507; x_wconf 72' lang='lat' dir='ltr'><strong>undum,</strong></span> <span class='ocrx_word' id='word_1_19' title='bbox 1991 428 2026 494; x_wconf 88' lang='lat' dir='ltr'><strong>ct</strong></span> <span class='ocrx_word' id='word_1_20' title='bbox 2055 421 2097 492; x_wconf 81' lang='lat' dir='ltr'><strong>ih</strong></span> <span class='ocrx_word' id='word_1_21' title='bbox 2118 424 2219 496; x_wconf 88' lang='lat' dir='ltr'><strong>nobis</strong></span> <span class='ocrx_word' id='word_1_22' title='bbox 2306 397 2307 436; x_wconf 50' lang='lat'><strong>³</strong></span> 
     </span>
     <span class='ocr_line' id='line_1_3' title="bbox 195 515 2307 616; baseline -0.001 -18"><span class='ocrx_word' id='word_1_23' title='bbox 195 523 476 598; x_wconf 73' lang='lat' dir='ltr'><strong>moderationem</strong></span> <span class='ocrx_word' id='word_1_24' title='bbox 508 521 549 592; x_wconf 89' lang='lat' dir='ltr'><strong>in</strong></span> <span class='ocrx_word' id='word_1_25' title='bbox 581 517 749 590; x_wconf 91' lang='lat' dir='ltr'><strong>omnibus</strong></span> <span class='ocrx_word' id='word_1_26' title='bbox 780 520 888 592; x_wconf 91' lang='lat' dir='ltr'><strong>rebus</strong></span> <span class='ocrx_word' id='word_1_27' title='bbox 923 521 1073 593; x_wconf 81' lang='lat' dir='ltr'><strong>amabat</strong></span> <span class='ocrx_word' id='word_1_28' title='bbox 1138 515 1187 592; x_wconf 90' lang='lat' dir='ltr'><strong>Et</strong></span> <span class='ocrx_word' id='word_1_29' title='bbox 1238 530 1417 594; x_wconf 75' lang='lat' dir='ltr'><strong>aeternam</strong></span> <span class='ocrx_word' id='word_1_30' title='bbox 1444 524 1573 609; x_wconf 81' lang='lat' dir='ltr'><strong>vitam,</strong></span> <span class='ocrx_word' id='word_1_31' title='bbox 1615 523 1730 594; x_wconf 92' lang='lat' dir='ltr'><strong>lucem</strong></span> <span class='ocrx_word' id='word_1_32' title='bbox 1753 535 1790 594; x_wconf 90' lang='lat' dir='ltr'><strong>et</strong></span> <span class='ocrx_word' id='word_1_33' title='bbox 1812 521 1983 594; x_wconf 88' lang='lat' dir='ltr'><strong>iustitiam</strong></span> <span class='ocrx_word' id='word_1_34' title='bbox 2007 527 2219 603; x_wconf 87' lang='lat' dir='ltr'><strong>accenderes.</strong></span> <span class='ocrx_word' id='word_1_35' title='bbox 2306 537 2307 616; x_wconf 72' lang='lat' dir='ltr'>j</span> 
     </span>
     <span class='ocr_line' id='line_1_4' title="bbox 198 617 2220 724; baseline -0.001 -24"><span class='ocrx_word' id='word_1_36' title='bbox 198 649 401 724; x_wconf 85' lang='lat' dir='ltr'><strong>quanquam</strong></span> <span class='ocrx_word' id='word_1_37' title='bbox 423 623 553 696; x_wconf 89' lang='lat' dir='ltr'><strong>virtute</strong></span> <span class='ocrx_word' id='word_1_38' title='bbox 580 633 616 692; x_wconf 90' lang='lat' dir='ltr'><strong>et</strong></span> <span class='ocrx_word' id='word_1_39' title='bbox 634 623 749 712; x_wconf 90' lang='lat' dir='ltr'><strong>gradu</strong></span> <span class='ocrx_word' id='word_1_40' title='bbox 771 617 920 694; x_wconf 89' lang='lat' dir='ltr'><strong>honoris</strong></span> <span class='ocrx_word' id='word_1_41' title='bbox 942 623 1185 709; x_wconf 74' lang='lat' dir='ltr'><strong>antecellebat,</strong></span> <span class='ocrx_word' id='word_1_42' title='bbox 1237 619 1336 696; x_wconf 88' lang='lat' dir='ltr'><strong>Haec</strong></span> <span class='ocrx_word' id='word_1_43' title='bbox 1352 637 1393 696; x_wconf 90' lang='lat' dir='ltr'><strong>ut</strong></span> <span class='ocrx_word' id='word_1_44' title='bbox 1409 624 1447 694; x_wconf 89' lang='lat' dir='ltr'><strong>in</strong></span> <span class='ocrx_word' id='word_1_45' title='bbox 1458 621 1655 716; x_wconf 82' lang='lat' dir='ltr'><strong>Evangelio</strong></span> <span class='ocrx_word' id='word_1_46' title='bbox 1668 639 1743 710; x_wconf 89' lang='lat' dir='ltr'><strong>tuo,</strong></span> <span class='ocrx_word' id='word_1_47' title='bbox 1765 627 1860 718; x_wconf 92' lang='lat' dir='ltr'><strong>qnod</strong></span> <span class='ocrx_word' id='word_1_48' title='bbox 1879 625 2026 716; x_wconf 90' lang='lat' dir='ltr'><strong>protulit</strong></span> <span class='ocrx_word' id='word_1_49' title='bbox 2041 651 2082 696; x_wconf 82' lang='lat' dir='ltr'><strong>es</strong></span> <span class='ocrx_word' id='word_1_50' title='bbox 2096 649 2220 700; x_wconf 90' lang='lat' dir='ltr'><strong>arcano</strong></span> 
     </span>
     <span class='ocr_line' id='line_1_5' title="bbox 197 717 2222 820; baseline -0.001 -18"><span class='ocrx_word' id='word_1_51' title='bbox 197 747 239 804; x_wconf 90' lang='lat' dir='ltr'><strong>ut</strong></span> <span class='ocrx_word' id='word_1_52' title='bbox 255 727 439 800; x_wconf 86' lang='lat' dir='ltr'><strong>vultDeus</strong></span> <span class='ocrx_word' id='word_1_53' title='bbox 454 749 527 798; x_wconf 91' lang='lat' dir='ltr'><strong>csse</strong></span> <span class='ocrx_word' id='word_1_54' title='bbox 543 717 730 794; x_wconf 89' lang='lat' dir='ltr'><strong>hominum</strong></span> <span class='ocrx_word' id='word_1_55' title='bbox 747 725 894 820; x_wconf 76' lang='lat' dir='ltr'><strong>gradusz</strong></span> <span class='ocrx_word' id='word_1_56' title='bbox 925 738 1046 796; x_wconf 79' lang='lat' dir='ltr'><strong>tamm</strong></span> <span class='ocrx_word' id='word_1_57' title='bbox 1067 725 1185 796; x_wconf 89' lang='lat' dir='ltr'><strong>locum</strong></span> <span class='ocrx_word' id='word_1_58' title='bbox 1238 725 1319 797; x_wconf 91' lang='lat' dir='ltr'><strong>sinu</strong></span> <span class='ocrx_word' id='word_1_59' title='bbox 1343 739 1405 797; x_wconf 91' lang='lat' dir='ltr'><strong>tuo</strong></span> <span class='ocrx_word' id='word_1_60' title='bbox 1430 727 1541 816; x_wconf 87' lang='lat' dir='ltr'><strong>filius,</strong></span> <span class='ocrx_word' id='word_1_61' title='bbox 1573 728 1824 816; x_wconf 69' lang='lat' dir='ltr'><strong>traditarum,</strong></span> <span class='ocrx_word' id='word_1_62' title='bbox 1851 739 1925 798; x_wconf 93' lang='lat' dir='ltr'><strong>toto</strong></span> <span class='ocrx_word' id='word_1_63' title='bbox 1946 741 2089 819; x_wconf 87' lang='lat' dir='ltr'><strong>pectore</strong></span> <span class='ocrx_word' id='word_1_64' title='bbox 2111 732 2222 816; x_wconf 87' lang='lat' dir='ltr'><strong>credo,</strong></span> 
     </span>
     <span class='ocr_line' id='line_1_6' title="bbox 199 825 2222 922; baseline -0.001 -18"><span class='ocrx_word' id='word_1_65' title='bbox 199 831 347 922; x_wconf 87' lang='lat' dir='ltr'><strong>singulis</strong></span> <span class='ocrx_word' id='word_1_66' title='bbox 370 825 639 900; x_wconf 90' lang='lat' dir='ltr'><strong>convenientem</strong></span> <span class='ocrx_word' id='word_1_67' title='bbox 658 825 837 908; x_wconf 87' lang='lat' dir='ltr'><strong>tribuens,</strong></span> <span class='ocrx_word' id='word_1_68' title='bbox 869 826 976 900; x_wconf 90' lang='lat' dir='ltr'><strong>etiam</strong></span> <span class='ocrx_word' id='word_1_69' title='bbox 999 827 1187 899; x_wconf 88' lang='lat' dir='ltr'><strong>inferiores</strong></span> <span class='ocrx_word' id='word_1_70' title='bbox 1239 829 1460 900; x_wconf 78' lang='lat' dir='ltr'><strong>et&#39;confiteor</strong></span> <span class='ocrx_word' id='word_1_71' title='bbox 1473 853 1530 900; x_wconf 87' lang='lat' dir='ltr'><strong>mc</strong></span> <span class='ocrx_word' id='word_1_72' title='bbox 1547 829 1712 900; x_wconf 86' lang='lat' dir='ltr'><strong>miseram</strong></span> <span class='ocrx_word' id='word_1_73' title='bbox 1728 841 1849 900; x_wconf 90' lang='lat' dir='ltr'><strong>natam</strong></span> <span class='ocrx_word' id='word_1_74' title='bbox 1869 855 1910 900; x_wconf 85' lang='lat' dir='ltr'><strong>cx</strong></span> <span class='ocrx_word' id='word_1_75' title='bbox 1928 830 2072 900; x_wconf 90' lang='lat' dir='ltr'><strong>sordida</strong></span> <span class='ocrx_word' id='word_1_76' title='bbox 2087 842 2222 918; x_wconf 87' lang='lat' dir='ltr'><strong>natura,</strong></span> 
     </span>
     <span class='ocr_line' id='line_1_7' title="bbox 88 927 2222 1036; baseline 0.001 -34"><span class='ocrx_word' id='word_1_77' title='bbox 88 973 140 1036; x_wconf 83' lang='lat'><strong>·¹.</strong></span> <span class='ocrx_word' id='word_1_78' title='bbox 197 945 344 1028; x_wconf 91' lang='lat' dir='ltr'><strong>propter</strong></span> <span class='ocrx_word' id='word_1_79' title='bbox 357 927 474 1002; x_wconf 88' lang='lat' dir='ltr'><strong>Deum</strong></span> <span class='ocrx_word' id='word_1_80' title='bbox 494 927 681 1018; x_wconf 88' lang='lat' dir='ltr'><strong>diligebat,</strong></span> <span class='ocrx_word' id='word_1_81' title='bbox 712 952 778 998; x_wconf 93' lang='lat' dir='ltr'><strong>nec</strong></span> <span class='ocrx_word' id='word_1_82' title='bbox 799 931 949 1021; x_wconf 86' lang='lat' dir='ltr'><strong>superbe</strong></span> <span class='ocrx_word' id='word_1_83' title='bbox 973 929 1187 1014; x_wconf 79' lang='lat' dir='ltr'><strong>fastidiebat,</strong></span> <span class='ocrx_word' id='word_1_84' title='bbox 1238 954 1313 1000; x_wconf 90' lang='lat' dir='ltr'><strong>non</strong></span> <span class='ocrx_word' id='word_1_85' title='bbox 1329 930 1453 1001; x_wconf 82' lang='lat' dir='ltr'><strong>arsisse</strong></span> <span class='ocrx_word' id='word_1_86' title='bbox 1469 932 1660 1004; x_wconf 85' lang='lat' dir='ltr'><strong>dilectione</strong></span> <span class='ocrx_word' id='word_1_87' title='bbox 1673 930 1738 1016; x_wconf 88' lang='lat' dir='ltr'><strong>tui,</strong></span> <span class='ocrx_word' id='word_1_88' title='bbox 1763 953 1803 1001; x_wconf 90' lang='lat' dir='ltr'><strong>ac</strong></span> <span class='ocrx_word' id='word_1_89' title='bbox 1816 930 1900 1021; x_wconf 87' lang='lat' dir='ltr'><strong>fide,</strong></span> <span class='ocrx_word' id='word_1_90' title='bbox 1922 944 1963 1003; x_wconf 93' lang='lat' dir='ltr'><strong>ut</strong></span> <span class='ocrx_word' id='word_1_91' title='bbox 1977 933 2163 1020; x_wconf 89' lang='lat' dir='ltr'><strong>debebam,</strong></span> <span class='ocrx_word' id='word_1_92' title='bbox 2186 957 2222 1004; x_wconf 90' lang='lat' dir='ltr'><strong>ac</strong></span> 
     </span>
     <span class='ocr_line' id='line_1_8' title="bbox 197 1025 2222 1128; baseline -0 -22"><span class='ocrx_word' id='word_1_93' title='bbox 197 1037 257 1106; x_wconf 90' lang='lat' dir='ltr'><strong>sed</strong></span> <span class='ocrx_word' id='word_1_94' title='bbox 279 1047 448 1128; x_wconf 85' lang='lat' dir='ltr'><strong>tanquam</strong></span> <span class='ocrx_word' id='word_1_95' title='bbox 471 1051 573 1124; x_wconf 90' lang='lat' dir='ltr'><strong>pares</strong></span> <span class='ocrx_word' id='word_1_96' title='bbox 595 1029 759 1103; x_wconf 86' lang='lat' dir='ltr'><strong>societate</strong></span> <span class='ocrx_word' id='word_1_97' title='bbox 778 1025 956 1104; x_wconf 71' lang='lat' dir='ltr'><strong>Ecclesiae</strong></span> <span class='ocrx_word' id='word_1_98' title='bbox 981 1045 1018 1104; x_wconf 95' lang='lat' dir='ltr'><strong>et</strong></span> <span class='ocrx_word' id='word_1_99' title='bbox 1045 1030 1187 1119; x_wconf 90' lang='lat' dir='ltr'><strong>virtute,</strong></span> <span class='ocrx_word' id='word_1_100' title='bbox 1238 1031 1369 1104; x_wconf 87' lang='lat' dir='ltr'><strong>multos</strong></span> <span class='ocrx_word' id='word_1_101' title='bbox 1384 1057 1521 1104; x_wconf 89' lang='lat' dir='ltr'><strong>errores</strong></span> <span class='ocrx_word' id='word_1_102' title='bbox 1536 1057 1577 1106; x_wconf 92' lang='lat' dir='ltr'><strong>ac</strong></span> <span class='ocrx_word' id='word_1_103' title='bbox 1591 1033 1734 1106; x_wconf 89' lang='lat' dir='ltr'><strong>vitiosas</strong></span> <span class='ocrx_word' id='word_1_104' title='bbox 1747 1032 1958 1124; x_wconf 90' lang='lat' dir='ltr'><strong>cupiditates</strong></span> <span class='ocrx_word' id='word_1_105' title='bbox 1973 1033 2012 1102; x_wconf 91' lang='lat' dir='ltr'><strong>in</strong></span> <span class='ocrx_word' id='word_1_106' title='bbox 2032 1035 2135 1104; x_wconf 89' lang='lat' dir='ltr'><strong>omni</strong></span> <span class='ocrx_word' id='word_1_107' title='bbox 2156 1035 2222 1106; x_wconf 91' lang='lat' dir='ltr'><strong>vita</strong></span> 
     </span>
     <span class='ocr_line' id='line_1_9' title="bbox 197 1131 2307 1228; baseline -0.001 -20"><span class='ocrx_word' id='word_1_108' title='bbox 197 1133 335 1208; x_wconf 90' lang='lat' dir='ltr'><strong>honore</strong></span> <span class='ocrx_word' id='word_1_109' title='bbox 349 1133 534 1206; x_wconf 83' lang='lat' dir='ltr'><strong>afficiebat.</strong></span> <span class='ocrx_word' id='word_1_110' title='bbox 1239 1131 1515 1222; x_wconf 82' lang='lat' dir='ltr'><strong>circumtulisse,</strong></span> <span class='ocrx_word' id='word_1_111' title='bbox 1541 1150 1576 1207; x_wconf 88' lang='lat' dir='ltr'><strong>et</strong></span> <span class='ocrx_word' id='word_1_112' title='bbox 1591 1157 1693 1228; x_wconf 87' lang='lat' dir='ltr'><strong>saepe</strong></span> <span class='ocrx_word' id='word_1_113' title='bbox 1709 1149 1806 1206; x_wconf 90' lang='lat' dir='ltr'><strong>tuam</strong></span> <span class='ocrx_word' id='word_1_114' title='bbox 1822 1136 2043 1207; x_wconf 88' lang='lat' dir='ltr'><strong>voluntatem</strong></span> <span class='ocrx_word' id='word_1_115' title='bbox 2058 1137 2148 1206; x_wconf 89' lang='lat' dir='ltr'><strong>meis</strong></span> <span class='ocrx_word' id='word_1_116' title='bbox 2171 1161 2222 1206; x_wconf 90' lang='lat' dir='ltr'><strong>er·</strong></span> <span class='ocrx_word' id='word_1_117' title='bbox 2306 1155 2307 1186; x_wconf 65' lang='lat' dir='ltr'><strong>t</strong></span> 
     </span>
    </p>

    <p class='ocr_par' dir='ltr' id='par_1_3' title="bbox 197 1233 2307 1634">
     <span class='ocr_line' id='line_1_10' title="bbox 301 1233 2224 1332; baseline 0 -24"><span class='ocrx_word' id='word_1_118' title='bbox 301 1235 449 1332; x_wconf 86' lang='lat' dir='ltr'><strong>ingenia</strong></span> <span class='ocrx_word' id='word_1_119' title='bbox 476 1234 671 1328; x_wconf 88' lang='lat' dir='ltr'><strong>prudenter</strong></span> <span class='ocrx_word' id='word_1_120' title='bbox 698 1233 934 1318; x_wconf 89' lang='lat' dir='ltr'><strong>diiudicabat‚</strong></span> <span class='ocrx_word' id='word_1_121' title='bbox 974 1233 1014 1304; x_wconf 90' lang='lat' dir='ltr'><strong>in</strong></span> <span class='ocrx_word' id='word_1_122' title='bbox 1037 1233 1186 1326; x_wconf 88' lang='lat' dir='ltr'><strong>singulis</strong></span> <span class='ocrx_word' id='word_1_123' title='bbox 1238 1236 1381 1308; x_wconf 93' lang='lat' dir='ltr'><strong>roribus</strong></span> <span class='ocrx_word' id='word_1_124' title='bbox 1395 1250 1431 1308; x_wconf 92' lang='lat' dir='ltr'><strong>et</strong></span> <span class='ocrx_word' id='word_1_125' title='bbox 1444 1237 1602 1330; x_wconf 87' lang='lat' dir='ltr'><strong>lapsibus</strong></span> <span class='ocrx_word' id='word_1_126' title='bbox 1618 1237 1788 1308; x_wconf 87' lang='lat' dir='ltr'><strong>offensam</strong></span> <span class='ocrx_word' id='word_1_127' title='bbox 1804 1259 1898 1319; x_wconf 88' lang='lat' dir='ltr'><strong>esse,</strong></span> <span class='ocrx_word' id='word_1_128' title='bbox 1923 1233 2152 1308; x_wconf 89' lang='lat' dir='ltr'><strong>vehementer</strong></span> <span class='ocrx_word' id='word_1_129' title='bbox 2164 1241 2224 1308; x_wconf 94' lang='lat' dir='ltr'><strong>do-</strong></span> 
     </span>
     <span class='ocr_line' id='line_1_11' title="bbox 199 1327 2307 1444; baseline -0.003 -30"><span class='ocrx_word' id='word_1_130' title='bbox 199 1353 310 1414; x_wconf 90' lang='lat' dir='ltr'><strong>certas</strong></span> <span class='ocrx_word' id='word_1_131' title='bbox 326 1341 475 1410; x_wconf 89' lang='lat' dir='ltr'><strong>virtutes</strong></span> <span class='ocrx_word' id='word_1_132' title='bbox 489 1335 709 1444; x_wconf 64' lang='lat' dir='ltr'><strong>suspiciebat.</strong></span> <span class='ocrx_word' id='word_1_133' title='bbox 760 1333 1046 1410; x_wconf 88' lang='lat' dir='ltr'><strong>Obtrectationes</strong></span> <span class='ocrx_word' id='word_1_134' title='bbox 1063 1349 1097 1409; x_wconf 90' lang='lat' dir='ltr'><strong>et</strong></span> <span class='ocrx_word' id='word_1_135' title='bbox 1112 1361 1187 1408; x_wconf 92' lang='lat' dir='ltr'><strong>ser·</strong></span> <span class='ocrx_word' id='word_1_136' title='bbox 1237 1337 1306 1412; x_wconf 92' lang='lat' dir='ltr'><strong>leo.</strong></span> <span class='ocrx_word' id='word_1_137' title='bbox 1356 1337 1447 1410; x_wconf 91' lang='lat' dir='ltr'><strong>Cum</strong></span> <span class='ocrx_word' id='word_1_138' title='bbox 1471 1353 1588 1411; x_wconf 89' lang='lat' dir='ltr'><strong>autem</strong></span> <span class='ocrx_word' id='word_1_139' title='bbox 1612 1339 1750 1410; x_wconf 90' lang='lat' dir='ltr'><strong>miseris</strong></span> <span class='ocrx_word' id='word_1_140' title='bbox 1777 1337 1891 1408; x_wconf 85' lang='lat' dir='ltr'><strong>filium</strong></span> <span class='ocrx_word' id='word_1_141' title='bbox 1911 1351 2012 1411; x_wconf 91' lang='lat' dir='ltr'><strong>tuum</strong></span> <span class='ocrx_word' id='word_1_142' title='bbox 2032 1337 2224 1410; x_wconf 89' lang='lat' dir='ltr'><strong>Dominum</strong></span> <span class='ocrx_word' id='word_1_143' title='bbox 2306 1327 2307 1360; x_wconf 61' lang='lat'>¹</span> 
     </span>
     <span class='ocr_line' id='line_1_12' title="bbox 197 1435 2226 1532; baseline -0 -18"><span class='ocrx_word' id='word_1_144' title='bbox 197 1465 322 1515; x_wconf 89' lang='lat' dir='ltr'><strong>mones</strong></span> <span class='ocrx_word' id='word_1_145' title='bbox 344 1440 540 1510; x_wconf 90' lang='lat' dir='ltr'><strong>virulentos</strong></span> <span class='ocrx_word' id='word_1_146' title='bbox 561 1441 649 1510; x_wconf 87' lang='lat' dir='ltr'><strong>adeo</strong></span> <span class='ocrx_word' id='word_1_147' title='bbox 670 1463 745 1511; x_wconf 91' lang='lat' dir='ltr'><strong>non</strong></span> <span class='ocrx_word' id='word_1_148' title='bbox 764 1439 946 1526; x_wconf 87' lang='lat' dir='ltr'><strong>audiebat,</strong></span> <span class='ocrx_word' id='word_1_149' title='bbox 985 1451 1027 1512; x_wconf 90' lang='lat' dir='ltr'><strong>ut</strong></span> <span class='ocrx_word' id='word_1_150' title='bbox 1056 1453 1188 1512; x_wconf 88' lang='lat' dir='ltr'><strong>stoma·</strong></span> <span class='ocrx_word' id='word_1_151' title='bbox 1238 1451 1400 1511; x_wconf 85' lang='lat' dir='ltr'><strong>nosunm</strong></span> <span class='ocrx_word' id='word_1_152' title='bbox 1419 1437 1534 1511; x_wconf 90' lang='lat' dir='ltr'><strong>lesum</strong></span> <span class='ocrx_word' id='word_1_153' title='bbox 1551 1435 1733 1512; x_wconf 85' lang='lat' dir='ltr'><strong>Christum</strong></span> <span class='ocrx_word' id='word_1_154' title='bbox 1748 1439 1955 1511; x_wconf 84' lang='lat' dir='ltr'><strong>crucifixum</strong></span> <span class='ocrx_word' id='word_1_155' title='bbox 1982 1463 2047 1532; x_wconf 94' lang='lat' dir='ltr'><strong>pro</strong></span> <span class='ocrx_word' id='word_1_156' title='bbox 2069 1441 2175 1512; x_wconf 91' lang='lat' dir='ltr'><strong>nobis</strong></span> <span class='ocrx_word' id='word_1_157' title='bbox 2194 1453 2226 1514; x_wconf 89' lang='lat' dir='ltr'><strong>et</strong></span> 
     </span>
     <span class='ocr_line' id='line_1_13' title="bbox 198 1540 2307 1634; baseline -0.002 -18"><span class='ocrx_word' id='word_1_158' title='bbox 198 1542 304 1616; x_wconf 85' lang='lat' dir='ltr'><strong>chose</strong></span> <span class='ocrx_word' id='word_1_159' title='bbox 321 1542 424 1627; x_wconf 85' lang='lat' dir='ltr'><strong>ctiam</strong></span> <span class='ocrx_word' id='word_1_160' title='bbox 439 1540 699 1634; x_wconf 86' lang='lat' dir='ltr'><strong>interpellaret,</strong></span> <span class='ocrx_word' id='word_1_161' title='bbox 728 1554 765 1613; x_wconf 88' lang='lat' dir='ltr'><strong>ct</strong></span> <span class='ocrx_word' id='word_1_162' title='bbox 779 1543 944 1634; x_wconf 89' lang='lat' dir='ltr'><strong>abrumpi</strong></span> <span class='ocrx_word' id='word_1_163' title='bbox 963 1564 1021 1612; x_wconf 88' lang='lat' dir='ltr'><strong>eos</strong></span> <span class='ocrx_word' id='word_1_164' title='bbox 1038 1556 1187 1632; x_wconf 85' lang='lat' dir='ltr'><strong>cogeret.</strong></span> <span class='ocrx_word' id='word_1_165' title='bbox 1237 1541 1499 1628; x_wconf 89' lang='lat' dir='ltr'><strong>resuscitatum,</strong></span> <span class='ocrx_word' id='word_1_166' title='bbox 1524 1566 1565 1612; x_wconf 87' lang='lat' dir='ltr'><strong>ac</strong></span> <span class='ocrx_word' id='word_1_167' title='bbox 1582 1541 1800 1634; x_wconf 87' lang='lat' dir='ltr'><strong>praeceperis</strong></span> <span class='ocrx_word' id='word_1_168' title='bbox 1813 1553 1855 1612; x_wconf 93' lang='lat' dir='ltr'><strong>ut</strong></span> <span class='ocrx_word' id='word_1_169' title='bbox 1865 1543 1908 1612; x_wconf 92' lang='lat' dir='ltr'><strong>ad</strong></span> <span class='ocrx_word' id='word_1_170' title='bbox 1926 1566 2007 1612; x_wconf 89' lang='lat' dir='ltr'><strong>cum</strong></span> <span class='ocrx_word' id='word_1_171' title='bbox 2022 1545 2225 1633; x_wconf 87' lang='lat' dir='ltr'><strong>confugere-</strong></span> <span class='ocrx_word' id='word_1_172' title='bbox 2306 1585 2307 1602; x_wconf 32' lang='grc' dir='ltr'><strong>κ</strong></span> 
     </span>
    </p>
   </div>
   <div class='ocr_carea' id='block_1_3' title="bbox 83 1642 2307 1744">
    <p class='ocr_par' dir='ltr' id='par_1_4' title="bbox 83 1642 2307 1744">
     <span class='ocr_line' id='line_1_14' title="bbox 83 1642 2307 1744; baseline -0.002 -25"><span class='ocrx_word' id='word_1_173' title='bbox 83 1739 86 1744; x_wconf 21' lang='grc' dir='ltr'>Ι</span> <span class='ocrx_word' id='word_1_174' title='bbox 198 1645 399 1718; x_wconf 88' lang='lat' dir='ltr'><strong>Multorum</strong></span> <span class='ocrx_word' id='word_1_175' title='bbox 416 1643 509 1716; x_wconf 88' lang='lat' dir='ltr'><strong>inter</strong></span> <span class='ocrx_word' id='word_1_176' title='bbox 523 1665 606 1714; x_wconf 90' lang='lat' dir='ltr'><strong>suos</strong></span> <span class='ocrx_word' id='word_1_177' title='bbox 620 1643 784 1730; x_wconf 87' lang='lat' dir='ltr'><strong>dissidia,</strong></span> <span class='ocrx_word' id='word_1_178' title='bbox 808 1667 870 1714; x_wconf 90' lang='lat' dir='ltr'><strong>sna</strong></span> <span class='ocrx_word' id='word_1_179' title='bbox 887 1642 1077 1716; x_wconf 88' lang='lat' dir='ltr'><strong>autoritate</strong></span> <span class='ocrx_word' id='word_1_180' title='bbox 1090 1644 1187 1714; x_wconf 88' lang='lat' dir='ltr'><strong>dire·</strong></span> <span class='ocrx_word' id='word_1_181' title='bbox 1237 1666 1334 1730; x_wconf 90' lang='lat' dir='ltr'><strong>mus,</strong></span> <span class='ocrx_word' id='word_1_182' title='bbox 1360 1657 1394 1714; x_wconf 89' lang='lat' dir='ltr'><strong>et</strong></span> <span class='ocrx_word' id='word_1_183' title='bbox 1408 1643 1611 1736; x_wconf 86' lang='lat' dir='ltr'><strong>promiseris</strong></span> <span class='ocrx_word' id='word_1_184' title='bbox 1627 1659 1660 1715; x_wconf 91' lang='lat' dir='ltr'><strong>te</strong></span> <span class='ocrx_word' id='word_1_185' title='bbox 1676 1655 1902 1738; x_wconf 87' lang='lat' dir='ltr'><strong>recepturum</strong></span> <span class='ocrx_word' id='word_1_186' title='bbox 1917 1645 2099 1716; x_wconf 87' lang='lat' dir='ltr'><strong>omnesad</strong></span> <span class='ocrx_word' id='word_1_187' title='bbox 2115 1643 2226 1738; x_wconf 90' lang='lat' dir='ltr'><strong>ipsum</strong></span> <span class='ocrx_word' id='word_1_188' title='bbox 2306 1695 2307 1740; x_wconf 51' lang='lat'>3</span> 
     </span>
    </p>
   </div>
   <div class='ocr_carea' id='block_1_4' title="bbox 151 1739 2307 3570">
    <p class='ocr_par' dir='ltr' id='par_1_5' title="bbox 151 1739 2307 3570">
     <span class='ocr_line' id='line_1_15' title="bbox 197 1739 2307 1838; baseline -0.005 -18"><span class='ocrx_word' id='word_1_189' title='bbox 197 1749 277 1824; x_wconf 88' lang='lat' dir='ltr'><strong>mit.</strong></span> <span class='ocrx_word' id='word_1_190' title='bbox 308 1746 380 1818; x_wconf 86' lang='lat' dir='ltr'><strong>Nec</strong></span> <span class='ocrx_word' id='word_1_191' title='bbox 393 1759 511 1818; x_wconf 89' lang='lat' dir='ltr'><strong>tamen</strong></span> <span class='ocrx_word' id='word_1_192' title='bbox 525 1767 661 1836; x_wconf 87' lang='lat' dir='ltr'><strong>egressa</strong></span> <span class='ocrx_word' id='word_1_193' title='bbox 674 1759 724 1816; x_wconf 92' lang='lat' dir='ltr'><strong>est</strong></span> <span class='ocrx_word' id='word_1_194' title='bbox 738 1769 884 1818; x_wconf 86' lang='lat' dir='ltr'><strong>suorum</strong></span> <span class='ocrx_word' id='word_1_195' title='bbox 897 1746 1097 1818; x_wconf 88' lang='lat' dir='ltr'><strong>officiorum</strong></span> <span class='ocrx_word' id='word_1_196' title='bbox 1112 1769 1186 1816; x_wconf 87' lang='lat' dir='ltr'><strong>mc·</strong></span> <span class='ocrx_word' id='word_1_197' title='bbox 1238 1768 1322 1814; x_wconf 90' lang='lat' dir='ltr'><strong>vera</strong></span> <span class='ocrx_word' id='word_1_198' title='bbox 1343 1745 1413 1816; x_wconf 87' lang='lat' dir='ltr'><strong>fide</strong></span> <span class='ocrx_word' id='word_1_199' title='bbox 1431 1746 1694 1836; x_wconf 79' lang='lat' dir='ltr'><strong>confugientes,</strong></span> <span class='ocrx_word' id='word_1_200' title='bbox 1727 1760 1762 1816; x_wconf 89' lang='lat' dir='ltr'><strong>te</strong></span> <span class='ocrx_word' id='word_1_201' title='bbox 1789 1745 1934 1838; x_wconf 86' lang='lat' dir='ltr'><strong>supplex</strong></span> <span class='ocrx_word' id='word_1_202' title='bbox 1959 1770 2041 1832; x_wconf 91' lang='lat' dir='ltr'><strong>oro,</strong></span> <span class='ocrx_word' id='word_1_203' title='bbox 2073 1759 2117 1818; x_wconf 92' lang='lat' dir='ltr'><strong>ut</strong></span> <span class='ocrx_word' id='word_1_204' title='bbox 2140 1739 2226 1816; x_wconf 91' lang='lat' dir='ltr'><strong>mihi</strong></span> <span class='ocrx_word' id='word_1_205' title='bbox 2306 1797 2307 1810; x_wconf 67' lang='grc'>,</span> 
     </span>
     <span class='ocr_line' id='line_1_16' title="bbox 198 1846 2226 1940; baseline -0.002 -18"><span class='ocrx_word' id='word_1_206' title='bbox 198 1864 269 1938; x_wconf 85' lang='lat' dir='ltr'><strong>tas,</strong></span> <span class='ocrx_word' id='word_1_207' title='bbox 300 1872 374 1920; x_wconf 93' lang='lat' dir='ltr'><strong>non</strong></span> <span class='ocrx_word' id='word_1_208' title='bbox 399 1847 562 1940; x_wconf 89' lang='lat' dir='ltr'><strong>impediit</strong></span> <span class='ocrx_word' id='word_1_209' title='bbox 584 1846 734 1933; x_wconf 88' lang='lat' dir='ltr'><strong>iudicia,</strong></span> <span class='ocrx_word' id='word_1_210' title='bbox 774 1871 848 1918; x_wconf 90' lang='lat' dir='ltr'><strong>non</strong></span> <span class='ocrx_word' id='word_1_211' title='bbox 873 1847 986 1940; x_wconf 89' lang='lat' dir='ltr'><strong>leges,</strong></span> <span class='ocrx_word' id='word_1_212' title='bbox 1024 1871 1101 1918; x_wconf 90' lang='lat' dir='ltr'><strong>non</strong></span> <span class='ocrx_word' id='word_1_213' title='bbox 1123 1871 1186 1918; x_wconf 92' lang='lat' dir='ltr'><strong>cu·</strong></span> <span class='ocrx_word' id='word_1_214' title='bbox 1238 1847 1358 1919; x_wconf 89' lang='lat' dir='ltr'><strong>omnia</strong></span> <span class='ocrx_word' id='word_1_215' title='bbox 1375 1870 1454 1916; x_wconf 90' lang='lat' dir='ltr'><strong>mea</strong></span> <span class='ocrx_word' id='word_1_216' title='bbox 1467 1863 1625 1940; x_wconf 91' lang='lat' dir='ltr'><strong>peccata,</strong></span> <span class='ocrx_word' id='word_1_217' title='bbox 1656 1871 1779 1919; x_wconf 86' lang='lat' dir='ltr'><strong>omnes</strong></span> <span class='ocrx_word' id='word_1_218' title='bbox 1800 1869 1955 1932; x_wconf 88' lang='lat' dir='ltr'><strong>errores,</strong></span> <span class='ocrx_word' id='word_1_219' title='bbox 1988 1871 2115 1918; x_wconf 89' lang='lat' dir='ltr'><strong>omncs</strong></span> <span class='ocrx_word' id='word_1_220' title='bbox 2136 1849 2226 1920; x_wconf 87' lang='lat' dir='ltr'><strong>labes</strong></span> 
     </span>
     <span class='ocr_line' id='line_1_17' title="bbox 197 1944 2225 2044; baseline -0.002 -22"><span class='ocrx_word' id='word_1_221' title='bbox 197 1953 306 2036; x_wconf 88' lang='lat' dir='ltr'><strong>riam,</strong></span> <span class='ocrx_word' id='word_1_222' title='bbox 338 1951 397 2022; x_wconf 90' lang='lat' dir='ltr'><strong>sed</strong></span> <span class='ocrx_word' id='word_1_223' title='bbox 423 1973 487 2020; x_wconf 91' lang='lat' dir='ltr'><strong>suo</strong></span> <span class='ocrx_word' id='word_1_224' title='bbox 510 1950 590 2020; x_wconf 92' lang='lat' dir='ltr'><strong>loco</strong></span> <span class='ocrx_word' id='word_1_225' title='bbox 613 1949 662 2022; x_wconf 91' lang='lat' dir='ltr'><strong>ita</strong></span> <span class='ocrx_word' id='word_1_226' title='bbox 683 1949 875 2035; x_wconf 82' lang='lat' dir='ltr'><strong>benefecit,</strong></span> <span class='ocrx_word' id='word_1_227' title='bbox 904 1950 1037 2044; x_wconf 89' lang='lat' dir='ltr'><strong>quibus</strong></span> <span class='ocrx_word' id='word_1_228' title='bbox 1057 1949 1186 2044; x_wconf 89' lang='lat' dir='ltr'><strong>potuit,</strong></span> <span class='ocrx_word' id='word_1_229' title='bbox 1237 1947 1415 2036; x_wconf 86' lang='lat' dir='ltr'><strong>remittas,</strong></span> <span class='ocrx_word' id='word_1_230' title='bbox 1438 1963 1583 2042; x_wconf 88' lang='lat' dir='ltr'><strong>propter</strong></span> <span class='ocrx_word' id='word_1_231' title='bbox 1597 1949 1711 2020; x_wconf 83' lang='lat' dir='ltr'><strong>filium</strong></span> <span class='ocrx_word' id='word_1_232' title='bbox 1726 1963 1827 2020; x_wconf 87' lang='lat' dir='ltr'><strong>tuum</strong></span> <span class='ocrx_word' id='word_1_233' title='bbox 1845 1944 2044 2021; x_wconf 87' lang='lat' dir='ltr'><strong>Dominum</strong></span> <span class='ocrx_word' id='word_1_234' title='bbox 2065 1962 2225 2021; x_wconf 89' lang='lat' dir='ltr'><strong>nostrum</strong></span> 
     </span>
     <span class='ocr_line' id='line_1_18' title="bbox 196 2045 2227 2148; baseline -0.003 -24"><span class='ocrx_word' id='word_1_235' title='bbox 196 2079 243 2124; x_wconf 91' lang='lat' dir='ltr'><strong>ne</strong></span> <span class='ocrx_word' id='word_1_236' title='bbox 257 2051 343 2148; x_wconf 90' lang='lat' dir='ltr'><strong>quid</strong></span> <span class='ocrx_word' id='word_1_237' title='bbox 360 2054 405 2124; x_wconf 90' lang='lat' dir='ltr'><strong>de</strong></span> <span class='ocrx_word' id='word_1_238' title='bbox 418 2050 605 2122; x_wconf 90' lang='lat' dir='ltr'><strong>autoritate</strong></span> <span class='ocrx_word' id='word_1_239' title='bbox 620 2051 826 2146; x_wconf 88' lang='lat' dir='ltr'><strong>cuiusquam</strong></span> <span class='ocrx_word' id='word_1_240' title='bbox 835 2047 1062 2144; x_wconf 81' lang='lat' dir='ltr'><strong>Magistratus</strong></span> <span class='ocrx_word' id='word_1_241' title='bbox 1079 2052 1188 2124; x_wconf 87' lang='lat' dir='ltr'><strong>dimi·</strong></span> <span class='ocrx_word' id='word_1_242' title='bbox 1239 2047 1355 2120; x_wconf 88' lang='lat' dir='ltr'><strong>lesum</strong></span> <span class='ocrx_word' id='word_1_243' title='bbox 1377 2045 1580 2134; x_wconf 86' lang='lat' dir='ltr'><strong>Christum,</strong></span> <span class='ocrx_word' id='word_1_244' title='bbox 1627 2076 1731 2144; x_wconf 90' lang='lat' dir='ltr'><strong>quem</strong></span> <span class='ocrx_word' id='word_1_245' title='bbox 1761 2049 1906 2122; x_wconf 92' lang='lat' dir='ltr'><strong>voluisti</strong></span> <span class='ocrx_word' id='word_1_246' title='bbox 1936 2075 2002 2143; x_wconf 93' lang='lat' dir='ltr'><strong>pro</strong></span> <span class='ocrx_word' id='word_1_247' title='bbox 2027 2052 2135 2122; x_wconf 91' lang='lat' dir='ltr'><strong>nobis</strong></span> <span class='ocrx_word' id='word_1_248' title='bbox 2156 2049 2227 2121; x_wconf 88' lang='lat' dir='ltr'><strong>fieri</strong></span> 
     </span>
     <span class='ocr_line' id='line_1_19' title="bbox 196 2149 2228 2248; baseline -0.001 -22"><span class='ocrx_word' id='word_1_249' title='bbox 196 2168 344 2240; x_wconf 87' lang='lat' dir='ltr'><strong>nueret,</strong></span> <span class='ocrx_word' id='word_1_250' title='bbox 371 2177 460 2225; x_wconf 88' lang='lat' dir='ltr'><strong>neve</strong></span> <span class='ocrx_word' id='word_1_251' title='bbox 475 2151 636 2224; x_wconf 89' lang='lat' dir='ltr'><strong>ordinem</strong></span> <span class='ocrx_word' id='word_1_252' title='bbox 652 2149 807 2246; x_wconf 84' lang='lat' dir='ltr'><strong>Reipub.</strong></span> <span class='ocrx_word' id='word_1_253' title='bbox 825 2165 860 2224; x_wconf 89' lang='lat' dir='ltr'><strong>et</strong></span> <span class='ocrx_word' id='word_1_254' title='bbox 879 2179 1001 2248; x_wconf 91' lang='lat' dir='ltr'><strong>pacem</strong></span> <span class='ocrx_word' id='word_1_255' title='bbox 1017 2157 1187 2229; x_wconf 89' lang='lat' dir='ltr'><strong>turbaret.</strong></span> <span class='ocrx_word' id='word_1_256' title='bbox 1238 2152 1437 2223; x_wconf 89' lang='lat' dir='ltr'><strong>victimam:</strong></span> <span class='ocrx_word' id='word_1_257' title='bbox 1475 2165 1510 2224; x_wconf 91' lang='lat' dir='ltr'><strong>et</strong></span> <span class='ocrx_word' id='word_1_258' title='bbox 1523 2164 1565 2224; x_wconf 93' lang='lat' dir='ltr'><strong>ut</strong></span> <span class='ocrx_word' id='word_1_259' title='bbox 1580 2149 1717 2245; x_wconf 88' lang='lat' dir='ltr'><strong>Spiritu</strong></span> <span class='ocrx_word' id='word_1_260' title='bbox 1733 2163 1853 2224; x_wconf 89' lang='lat' dir='ltr'><strong>sancto</strong></span> <span class='ocrx_word' id='word_1_261' title='bbox 1874 2163 1937 2223; x_wconf 91' lang='lat' dir='ltr'><strong>tuo</strong></span> <span class='ocrx_word' id='word_1_262' title='bbox 1964 2151 2067 2224; x_wconf 89' lang='lat' dir='ltr'><strong>initia</strong></span> <span class='ocrx_word' id='word_1_263' title='bbox 2085 2153 2181 2224; x_wconf 91' lang='lat' dir='ltr'><strong>vitae</strong></span> <span class='ocrx_word' id='word_1_264' title='bbox 2196 2163 2228 2222; x_wconf 91' lang='lat' dir='ltr'><strong>et</strong></span> 
     </span>
     <span class='ocr_line' id='line_1_20' title="bbox 195 2250 2228 2350; baseline -0.004 -20"><span class='ocrx_word' id='word_1_265' title='bbox 195 2255 289 2330; x_wconf 86' lang='lat' dir='ltr'><strong>Nam</strong></span> <span class='ocrx_word' id='word_1_266' title='bbox 312 2257 358 2326; x_wconf 89' lang='lat' dir='ltr'><strong>ad</strong></span> <span class='ocrx_word' id='word_1_267' title='bbox 388 2250 454 2326; x_wconf 91' lang='lat' dir='ltr'><strong>hos</strong></span> <span class='ocrx_word' id='word_1_268' title='bbox 481 2256 573 2327; x_wconf 90' lang='lat' dir='ltr'><strong>duos</strong></span> <span class='ocrx_word' id='word_1_269' title='bbox 599 2255 688 2326; x_wconf 84' lang='lat' dir='ltr'><strong>fines</strong></span> <span class='ocrx_word' id='word_1_270' title='bbox 713 2255 834 2328; x_wconf 90' lang='lat' dir='ltr'><strong>omnia</strong></span> <span class='ocrx_word' id='word_1_271' title='bbox 859 2257 954 2328; x_wconf 87' lang='lat' dir='ltr'><strong>vitae</strong></span> <span class='ocrx_word' id='word_1_272' title='bbox 978 2257 1127 2329; x_wconf 88' lang='lat' dir='ltr'><strong>consilia</strong></span> <span class='ocrx_word' id='word_1_273' title='bbox 1153 2271 1188 2328; x_wconf 91' lang='lat' dir='ltr'><strong>et</strong></span> <span class='ocrx_word' id='word_1_274' title='bbox 1239 2252 1397 2325; x_wconf 76' lang='lat' dir='ltr'><strong>iusticias</strong></span> <span class='ocrx_word' id='word_1_275' title='bbox 1411 2267 1573 2325; x_wconf 88' lang='lat' dir='ltr'><strong>aeternae</strong></span> <span class='ocrx_word' id='word_1_276' title='bbox 1586 2255 1626 2324; x_wconf 91' lang='lat' dir='ltr'><strong>in</strong></span> <span class='ocrx_word' id='word_1_277' title='bbox 1640 2278 1697 2325; x_wconf 91' lang='lat' dir='ltr'><strong>me</strong></span> <span class='ocrx_word' id='word_1_278' title='bbox 1709 2253 1890 2340; x_wconf 90' lang='lat' dir='ltr'><strong>accendas,</strong></span> <span class='ocrx_word' id='word_1_279' title='bbox 1917 2278 2044 2350; x_wconf 89' lang='lat' dir='ltr'><strong>meque</strong></span> <span class='ocrx_word' id='word_1_280' title='bbox 2058 2257 2106 2326; x_wconf 91' lang='lat' dir='ltr'><strong>ad</strong></span> <span class='ocrx_word' id='word_1_281' title='bbox 2121 2254 2228 2326; x_wconf 90' lang='lat' dir='ltr'><strong>socie·</strong></span> 
     </span>
     <span class='ocr_line' id='line_1_21' title="bbox 197 2351 2228 2450; baseline -0.002 -20"><span class='ocrx_word' id='word_1_282' title='bbox 197 2381 321 2430; x_wconf 88' lang='lat' dir='ltr'><strong>omnes</strong></span> <span class='ocrx_word' id='word_1_283' title='bbox 336 2354 492 2428; x_wconf 89' lang='lat' dir='ltr'><strong>actiones</strong></span> <span class='ocrx_word' id='word_1_284' title='bbox 503 2355 646 2446; x_wconf 92' lang='lat' dir='ltr'><strong>retulit,</strong></span> <span class='ocrx_word' id='word_1_285' title='bbox 670 2359 714 2428; x_wconf 93' lang='lat' dir='ltr'><strong>ad</strong></span> <span class='ocrx_word' id='word_1_286' title='bbox 731 2359 927 2429; x_wconf 88' lang='lat' dir='ltr'><strong>ornandam</strong></span> <span class='ocrx_word' id='word_1_287' title='bbox 943 2359 1093 2450; x_wconf 78' lang='lat' dir='ltr'><strong>gloriam</strong></span> <span class='ocrx_word' id='word_1_288' title='bbox 1107 2355 1188 2446; x_wconf 91' lang='lat' dir='ltr'><strong>Dei,</strong></span> <span class='ocrx_word' id='word_1_289' title='bbox 1238 2369 1346 2426; x_wconf 89' lang='lat' dir='ltr'><strong>tatem</strong></span> <span class='ocrx_word' id='word_1_290' title='bbox 1362 2369 1444 2428; x_wconf 91' lang='lat' dir='ltr'><strong>tuae</strong></span> <span class='ocrx_word' id='word_1_291' title='bbox 1457 2351 1636 2427; x_wconf 82' lang='lat' dir='ltr'><strong>Ecclesiae</strong></span> <span class='ocrx_word' id='word_1_292' title='bbox 1652 2355 1828 2438; x_wconf 90' lang='lat' dir='ltr'><strong>coelestis,</strong></span> <span class='ocrx_word' id='word_1_293' title='bbox 1855 2377 1946 2450; x_wconf 90' lang='lat' dir='ltr'><strong>quac</strong></span> <span class='ocrx_word' id='word_1_294' title='bbox 1969 2370 2004 2428; x_wconf 92' lang='lat' dir='ltr'><strong>tc</strong></span> <span class='ocrx_word' id='word_1_295' title='bbox 2026 2355 2067 2426; x_wconf 91' lang='lat' dir='ltr'><strong>in</strong></span> <span class='ocrx_word' id='word_1_296' title='bbox 2091 2370 2228 2428; x_wconf 90' lang='lat' dir='ltr'><strong>aeterna</strong></span> 
     </span>
     <span class='ocr_line' id='line_1_22' title="bbox 197 2455 2227 2554; baseline -0.002 -22"><span class='ocrx_word' id='word_1_297' title='bbox 197 2473 232 2532; x_wconf 91' lang='lat' dir='ltr'><strong>et</strong></span> <span class='ocrx_word' id='word_1_298' title='bbox 248 2461 293 2532; x_wconf 92' lang='lat' dir='ltr'><strong>ad</strong></span> <span class='ocrx_word' id='word_1_299' title='bbox 309 2459 488 2554; x_wconf 89' lang='lat' dir='ltr'><strong>publicam</strong></span> <span class='ocrx_word' id='word_1_300' title='bbox 505 2483 638 2552; x_wconf 88' lang='lat' dir='ltr'><strong>pacem.</strong></span> <span class='ocrx_word' id='word_1_301' title='bbox 688 2456 780 2532; x_wconf 91' lang='lat' dir='ltr'><strong>Cum</strong></span> <span class='ocrx_word' id='word_1_302' title='bbox 798 2458 907 2552; x_wconf 88' lang='lat' dir='ltr'><strong>igitur</strong></span> <span class='ocrx_word' id='word_1_303' title='bbox 920 2463 965 2532; x_wconf 93' lang='lat' dir='ltr'><strong>ad</strong></span> <span class='ocrx_word' id='word_1_304' title='bbox 980 2459 1086 2532; x_wconf 90' lang='lat' dir='ltr'><strong>Pauli</strong></span> <span class='ocrx_word' id='word_1_305' title='bbox 1099 2485 1187 2532; x_wconf 90' lang='lat' dir='ltr'><strong>con·</strong></span> <span class='ocrx_word' id='word_1_306' title='bbox 1239 2457 1375 2528; x_wconf 88' lang='lat' dir='ltr'><strong>laeticia</strong></span> <span class='ocrx_word' id='word_1_307' title='bbox 1396 2457 1596 2529; x_wconf 90' lang='lat' dir='ltr'><strong>intuebitur</strong></span> <span class='ocrx_word' id='word_1_308' title='bbox 1619 2471 1653 2530; x_wconf 91' lang='lat' dir='ltr'><strong>et</strong></span> <span class='ocrx_word' id='word_1_309' title='bbox 1671 2455 1883 2542; x_wconf 88' lang='lat' dir='ltr'><strong>celebrabit,</strong></span> <span class='ocrx_word' id='word_1_310' title='bbox 1908 2458 2103 2530; x_wconf 88' lang='lat' dir='ltr'><strong>clementer</strong></span> <span class='ocrx_word' id='word_1_311' title='bbox 2118 2459 2227 2528; x_wconf 89' lang='lat' dir='ltr'><strong>abdu-</strong></span> 
     </span>
     <span class='ocr_line' id='line_1_23' title="bbox 197 2555 2230 2654; baseline -0.003 -19"><span class='ocrx_word' id='word_1_312' title='bbox 197 2563 354 2645; x_wconf 90' lang='lat' dir='ltr'><strong>cionem,</strong></span> <span class='ocrx_word' id='word_1_313' title='bbox 381 2560 670 2653; x_wconf 89' lang='lat' dir='ltr'><strong>complectentem</strong></span> <span class='ocrx_word' id='word_1_314' title='bbox 683 2585 806 2632; x_wconf 91' lang='lat' dir='ltr'><strong>omnes</strong></span> <span class='ocrx_word' id='word_1_315' title='bbox 822 2561 901 2654; x_wconf 88' lang='lat' dir='ltr'><strong>piae</strong></span> <span class='ocrx_word' id='word_1_316' title='bbox 917 2575 1100 2636; x_wconf 90' lang='lat' dir='ltr'><strong>matronae</strong></span> <span class='ocrx_word' id='word_1_317' title='bbox 1112 2563 1187 2634; x_wconf 88' lang='lat' dir='ltr'><strong>vir·</strong></span> <span class='ocrx_word' id='word_1_318' title='bbox 1237 2581 1308 2632; x_wconf 90' lang='lat' dir='ltr'><strong>cas.</strong></span> <span class='ocrx_word' id='word_1_319' title='bbox 1373 2555 1490 2630; x_wconf 90' lang='lat' dir='ltr'><strong>Credo</strong></span> <span class='ocrx_word' id='word_1_320' title='bbox 1515 2560 1588 2632; x_wconf 89' lang='lat' dir='ltr'><strong>tuis</strong></span> <span class='ocrx_word' id='word_1_321' title='bbox 1612 2559 1927 2654; x_wconf 86' lang='lat' dir='ltr'><strong>promissionibus,</strong></span> <span class='ocrx_word' id='word_1_322' title='bbox 1958 2573 1994 2634; x_wconf 89' lang='lat' dir='ltr'><strong>et</strong></span> <span class='ocrx_word' id='word_1_323' title='bbox 2014 2560 2144 2632; x_wconf 88' lang='lat' dir='ltr'><strong>fiducia</strong></span> <span class='ocrx_word' id='word_1_324' title='bbox 2167 2558 2230 2628; x_wconf 85' lang='lat' dir='ltr'><strong>hlii</strong></span> 
     </span>
     <span class='ocr_line' id='line_1_24' title="bbox 151 2659 2229 2760; baseline -0.002 -24"><span class='ocrx_word' id='word_1_325' title='bbox 151 2737 158 2750; x_wconf 77' lang='grc'>,</span> <span class='ocrx_word' id='word_1_326' title='bbox 196 2677 308 2746; x_wconf 89' lang='lat' dir='ltr'><strong>tutes,</strong></span> <span class='ocrx_word' id='word_1_327' title='bbox 334 2674 533 2754; x_wconf 89' lang='lat' dir='ltr'><strong>congruant</strong></span> <span class='ocrx_word' id='word_1_328' title='bbox 547 2683 664 2734; x_wconf 87' lang='lat' dir='ltr'><strong>mores</strong></span> <span class='ocrx_word' id='word_1_329' title='bbox 677 2659 856 2756; x_wconf 91' lang='lat' dir='ltr'><strong>Principis</strong></span> <span class='ocrx_word' id='word_1_330' title='bbox 868 2659 1086 2752; x_wconf 88' lang='lat' dir='ltr'><strong>Dorotheae,</strong></span> <span class='ocrx_word' id='word_1_331' title='bbox 1111 2667 1188 2760; x_wconf 90' lang='lat' dir='ltr'><strong>pla-</strong></span> <span class='ocrx_word' id='word_1_332' title='bbox 1239 2661 1291 2733; x_wconf 90' lang='lat' dir='ltr'><strong>tui</strong></span> <span class='ocrx_word' id='word_1_333' title='bbox 1315 2661 1520 2733; x_wconf 88' lang='lat' dir='ltr'><strong>mediatoris</strong></span> <span class='ocrx_word' id='word_1_334' title='bbox 1543 2685 1599 2732; x_wconf 87' lang='lat' dir='ltr'><strong>me</strong></span> <span class='ocrx_word' id='word_1_335' title='bbox 1620 2673 1796 2750; x_wconf 88' lang='lat' dir='ltr'><strong>sustento,</strong></span> <span class='ocrx_word' id='word_1_336' title='bbox 1825 2685 1901 2732; x_wconf 92' lang='lat' dir='ltr'><strong>non</strong></span> <span class='ocrx_word' id='word_1_337' title='bbox 1922 2661 2051 2735; x_wconf 88' lang='lat' dir='ltr'><strong>fidncia</strong></span> <span class='ocrx_word' id='word_1_338' title='bbox 2071 2683 2229 2733; x_wconf 89' lang='lat' dir='ltr'><strong>mearum</strong></span> 
     </span>
     <span class='ocr_line' id='line_1_25' title="bbox 197 2763 2230 2862; baseline -0.002 -26"><span class='ocrx_word' id='word_1_339' title='bbox 197 2767 310 2837; x_wconf 91' lang='lat' dir='ltr'><strong>ruisse</strong></span> <span class='ocrx_word' id='word_1_340' title='bbox 326 2788 403 2836; x_wconf 91' lang='lat' dir='ltr'><strong>eam</strong></span> <span class='ocrx_word' id='word_1_341' title='bbox 418 2763 493 2836; x_wconf 90' lang='lat' dir='ltr'><strong>Deo</strong></span> <span class='ocrx_word' id='word_1_342' title='bbox 510 2763 742 2835; x_wconf 86' lang='lat' dir='ltr'><strong>iudicandum</strong></span> <span class='ocrx_word' id='word_1_343' title='bbox 761 2779 833 2854; x_wconf 90' lang='lat' dir='ltr'><strong>est,</strong></span> <span class='ocrx_word' id='word_1_344' title='bbox 858 2766 1018 2862; x_wconf 89' lang='lat' dir='ltr'><strong>quicum</strong></span> <span class='ocrx_word' id='word_1_345' title='bbox 1041 2791 1118 2838; x_wconf 90' lang='lat' dir='ltr'><strong>eam</strong></span> <span class='ocrx_word' id='word_1_346' title='bbox 1142 2768 1187 2838; x_wconf 92' lang='lat' dir='ltr'><strong>ad</strong></span> <span class='ocrx_word' id='word_1_347' title='bbox 1240 2763 1424 2850; x_wconf 85' lang='lat' dir='ltr'><strong>virtutum,</strong></span> <span class='ocrx_word' id='word_1_348' title='bbox 1446 2777 1615 2858; x_wconf 85' lang='lat' dir='ltr'><strong>tuamque</strong></span> <span class='ocrx_word' id='word_1_349' title='bbox 1631 2765 1720 2836; x_wconf 88' lang='lat' dir='ltr'><strong>iram</strong></span> <span class='ocrx_word' id='word_1_350' title='bbox 1735 2766 1907 2858; x_wconf 89' lang='lat' dir='ltr'><strong>placatam</strong></span> <span class='ocrx_word' id='word_1_351' title='bbox 1925 2787 1999 2835; x_wconf 87' lang='lat' dir='ltr'><strong>esse</strong></span> <span class='ocrx_word' id='word_1_352' title='bbox 2012 2763 2172 2843; x_wconf 86' lang='lat' dir='ltr'><strong>confido,</strong></span> <span class='ocrx_word' id='word_1_353' title='bbox 2197 2775 2230 2831; x_wconf 89' lang='lat' dir='ltr'><strong>et</strong></span> 
     </span>
     <span class='ocr_line' id='line_1_26' title="bbox 197 2863 2229 2958; baseline -0.003 -19"><span class='ocrx_word' id='word_1_354' title='bbox 197 2867 401 2939; x_wconf 90' lang='lat' dir='ltr'><strong>coelestium</strong></span> <span class='ocrx_word' id='word_1_355' title='bbox 418 2865 710 2938; x_wconf 88' lang='lat' dir='ltr'><strong>cousuetudinem</strong></span> <span class='ocrx_word' id='word_1_356' title='bbox 726 2869 954 2940; x_wconf 90' lang='lat' dir='ltr'><strong>traducturus</strong></span> <span class='ocrx_word' id='word_1_357' title='bbox 971 2882 1079 2957; x_wconf 89' lang='lat' dir='ltr'><strong>esset,</strong></span> <span class='ocrx_word' id='word_1_358' title='bbox 1111 2869 1188 2940; x_wconf 81' lang='lat' dir='ltr'><strong>exi·</strong></span> <span class='ocrx_word' id='word_1_359' title='bbox 1241 2879 1334 2936; x_wconf 89' lang='lat' dir='ltr'><strong>certa</strong></span> <span class='ocrx_word' id='word_1_360' title='bbox 1350 2889 1411 2958; x_wconf 87' lang='lat' dir='ltr'><strong>spe</strong></span> <span class='ocrx_word' id='word_1_361' title='bbox 1427 2865 1632 2938; x_wconf 88' lang='lat' dir='ltr'><strong>coelestium</strong></span> <span class='ocrx_word' id='word_1_362' title='bbox 1646 2867 1939 2938; x_wconf 88' lang='lat' dir='ltr'><strong>consuetudinem</strong></span> <span class='ocrx_word' id='word_1_363' title='bbox 1958 2877 2115 2958; x_wconf 85' lang='lat' dir='ltr'><strong>expecto.</strong></span> <span class='ocrx_word' id='word_1_364' title='bbox 2146 2863 2229 2934; x_wconf 83' lang='lat' dir='ltr'><strong>Tibi</strong></span> 
     </span>
     <span class='ocr_line' id='line_1_27' title="bbox 196 2966 2230 3060; baseline -0.003 -18"><span class='ocrx_word' id='word_1_365' title='bbox 196 2983 274 3042; x_wconf 90' lang='lat' dir='ltr'><strong>tum</strong></span> <span class='ocrx_word' id='word_1_366' title='bbox 289 2969 395 3042; x_wconf 92' lang='lat' dir='ltr'><strong>etiam</strong></span> <span class='ocrx_word' id='word_1_367' title='bbox 408 2970 500 3040; x_wconf 90' lang='lat' dir='ltr'><strong>vitae</strong></span> <span class='ocrx_word' id='word_1_368' title='bbox 515 2967 676 3040; x_wconf 89' lang='lat' dir='ltr'><strong>mortalis</strong></span> <span class='ocrx_word' id='word_1_369' title='bbox 691 2967 871 3060; x_wconf 88' lang='lat' dir='ltr'><strong>placidum</strong></span> <span class='ocrx_word' id='word_1_370' title='bbox 884 2971 936 3056; x_wconf 85' lang='lat' dir='ltr'><strong>ei,</strong></span> <span class='ocrx_word' id='word_1_371' title='bbox 962 2983 997 3044; x_wconf 88' lang='lat' dir='ltr'><strong>et</strong></span> <span class='ocrx_word' id='word_1_372' title='bbox 1009 2970 1189 3044; x_wconf 86' lang='lat' dir='ltr'><strong>sanctissi-</strong></span> <span class='ocrx_word' id='word_1_373' title='bbox 1239 2967 1345 3038; x_wconf 88' lang='lat' dir='ltr'><strong>etiam</strong></span> <span class='ocrx_word' id='word_1_374' title='bbox 1357 2967 1485 3057; x_wconf 81' lang='lat' dir='ltr'><strong>gratias</strong></span> <span class='ocrx_word' id='word_1_375' title='bbox 1498 2991 1563 3058; x_wconf 89' lang='lat' dir='ltr'><strong>ago</strong></span> <span class='ocrx_word' id='word_1_376' title='bbox 1581 2982 1616 3040; x_wconf 90' lang='lat' dir='ltr'><strong>et</strong></span> <span class='ocrx_word' id='word_1_377' title='bbox 1628 2992 1728 3060; x_wconf 87' lang='lat' dir='ltr'><strong>agam</strong></span> <span class='ocrx_word' id='word_1_378' title='bbox 1744 2969 1783 3038; x_wconf 90' lang='lat' dir='ltr'><strong>in</strong></span> <span class='ocrx_word' id='word_1_379' title='bbox 1799 2966 1899 3038; x_wconf 88' lang='lat' dir='ltr'><strong>omni</strong></span> <span class='ocrx_word' id='word_1_380' title='bbox 1911 2966 2132 3054; x_wconf 88' lang='lat' dir='ltr'><strong>aeternitate,</strong></span> <span class='ocrx_word' id='word_1_381' title='bbox 2153 2987 2230 3036; x_wconf 88' lang='lat' dir='ltr'><strong>cum</strong></span> 
     </span>
     <span class='ocr_line' id='line_1_28' title="bbox 197 3067 2230 3163; baseline -0.003 -21"><span class='ocrx_word' id='word_1_382' title='bbox 197 3071 267 3142; x_wconf 89' lang='lat' dir='ltr'><strong>mis</strong></span> <span class='ocrx_word' id='word_1_383' title='bbox 280 3069 441 3142; x_wconf 91' lang='lat' dir='ltr'><strong>moribus</strong></span> <span class='ocrx_word' id='word_1_384' title='bbox 458 3070 570 3163; x_wconf 90' lang='lat' dir='ltr'><strong>ipsius</strong></span> <span class='ocrx_word' id='word_1_385' title='bbox 586 3084 839 3160; x_wconf 72' lang='lat' dir='ltr'><strong>congruentem</strong></span> <span class='ocrx_word' id='word_1_386' title='bbox 854 3072 962 3146; x_wconf 89' lang='lat' dir='ltr'><strong>dedit.</strong></span> <span class='ocrx_word' id='word_1_387' title='bbox 1012 3069 1104 3144; x_wconf 89' lang='lat' dir='ltr'><strong>Cum</strong></span> <span class='ocrx_word' id='word_1_388' title='bbox 1121 3097 1188 3143; x_wconf 90' lang='lat' dir='ltr'><strong>na·</strong></span> <span class='ocrx_word' id='word_1_389' title='bbox 1239 3093 1304 3161; x_wconf 89' lang='lat' dir='ltr'><strong>pro</strong></span> <span class='ocrx_word' id='word_1_390' title='bbox 1321 3069 1465 3140; x_wconf 88' lang='lat' dir='ltr'><strong>caeteris</strong></span> <span class='ocrx_word' id='word_1_391' title='bbox 1487 3069 1668 3140; x_wconf 85' lang='lat' dir='ltr'><strong>beneficiis</strong></span> <span class='ocrx_word' id='word_1_392' title='bbox 1688 3067 2032 3152; x_wconf 88' lang='lat' dir='ltr'><strong>innumerabilibus,</strong></span> <span class='ocrx_word' id='word_1_393' title='bbox 2066 3079 2145 3140; x_wconf 87' lang='lat' dir='ltr'><strong>tum</strong></span> <span class='ocrx_word' id='word_1_394' title='bbox 2169 3091 2230 3160; x_wconf 90' lang='lat' dir='ltr'><strong>pro</strong></span> 
     </span>
     <span class='ocr_line' id='line_1_29' title="bbox 197 3171 2230 3270; baseline -0.002 -26"><span class='ocrx_word' id='word_1_395' title='bbox 197 3186 314 3245; x_wconf 88' lang='lat' dir='ltr'><strong>turam</strong></span> <span class='ocrx_word' id='word_1_396' title='bbox 328 3171 365 3241; x_wconf 89' lang='lat' dir='ltr'><strong>vi</strong></span> <span class='ocrx_word' id='word_1_397' title='bbox 380 3171 495 3242; x_wconf 89' lang='lat' dir='ltr'><strong>morbi</strong></span> <span class='ocrx_word' id='word_1_398' title='bbox 508 3183 708 3264; x_wconf 84' lang='lat' dir='ltr'><strong>superatam</strong></span> <span class='ocrx_word' id='word_1_399' title='bbox 722 3195 796 3242; x_wconf 86' lang='lat' dir='ltr'><strong>csse</strong></span> <span class='ocrx_word' id='word_1_400' title='bbox 810 3172 967 3260; x_wconf 88' lang='lat' dir='ltr'><strong>sentiret,</strong></span> <span class='ocrx_word' id='word_1_401' title='bbox 991 3177 1187 3270; x_wconf 89' lang='lat' dir='ltr'><strong>tranquillo</strong></span> <span class='ocrx_word' id='word_1_402' title='bbox 1241 3171 1474 3262; x_wconf 89' lang='lat' dir='ltr'><strong>patefactione</strong></span> <span class='ocrx_word' id='word_1_403' title='bbox 1489 3171 1555 3254; x_wconf 89' lang='lat' dir='ltr'><strong>tui,</strong></span> <span class='ocrx_word' id='word_1_404' title='bbox 1581 3185 1615 3244; x_wconf 92' lang='lat' dir='ltr'><strong>et</strong></span> <span class='ocrx_word' id='word_1_405' title='bbox 1630 3195 1695 3266; x_wconf 91' lang='lat' dir='ltr'><strong>pro</strong></span> <span class='ocrx_word' id='word_1_406' title='bbox 1711 3171 1786 3242; x_wconf 90' lang='lat' dir='ltr'><strong>filio</strong></span> <span class='ocrx_word' id='word_1_407' title='bbox 1802 3171 1910 3242; x_wconf 88' lang='lat' dir='ltr'><strong>nobis</strong></span> <span class='ocrx_word' id='word_1_408' title='bbox 1924 3171 2071 3256; x_wconf 87' lang='lat' dir='ltr'><strong>donato,</strong></span> <span class='ocrx_word' id='word_1_409' title='bbox 2096 3183 2133 3241; x_wconf 90' lang='lat' dir='ltr'><strong>et</strong></span> <span class='ocrx_word' id='word_1_410' title='bbox 2149 3192 2230 3240; x_wconf 88' lang='lat' dir='ltr'><strong>voce</strong></span> 
     </span>
     <span class='ocr_line' id='line_1_30' title="bbox 198 3269 2230 3368; baseline -0.003 -23"><span class='ocrx_word' id='word_1_411' title='bbox 198 3274 377 3346; x_wconf 89' lang='lat' dir='ltr'><strong>animose</strong></span> <span class='ocrx_word' id='word_1_412' title='bbox 401 3273 498 3345; x_wconf 88' lang='lat' dir='ltr'><strong>velut</strong></span> <span class='ocrx_word' id='word_1_413' title='bbox 520 3273 565 3344; x_wconf 93' lang='lat' dir='ltr'><strong>ad</strong></span> <span class='ocrx_word' id='word_1_414' title='bbox 591 3271 659 3344; x_wconf 88' lang='lat' dir='ltr'><strong>iter</strong></span> <span class='ocrx_word' id='word_1_415' title='bbox 687 3275 931 3366; x_wconf 87' lang='lat' dir='ltr'><strong>praeparavit,</strong></span> <span class='ocrx_word' id='word_1_416' title='bbox 969 3299 1010 3348; x_wconf 90' lang='lat' dir='ltr'><strong>ac</strong></span> <span class='ocrx_word' id='word_1_417' title='bbox 1037 3278 1190 3350; x_wconf 90' lang='lat' dir='ltr'><strong>subinde</strong></span> <span class='ocrx_word' id='word_1_418' title='bbox 1240 3269 1425 3362; x_wconf 82' lang='lat' dir='ltr'><strong>Evangelii</strong></span> <span class='ocrx_word' id='word_1_419' title='bbox 1445 3273 1560 3356; x_wconf 91' lang='lat' dir='ltr'><strong>edita,</strong></span> <span class='ocrx_word' id='word_1_420' title='bbox 1584 3275 1752 3368; x_wconf 87' lang='lat' dir='ltr'><strong>quodque</strong></span> <span class='ocrx_word' id='word_1_421' title='bbox 1769 3297 1826 3344; x_wconf 90' lang='lat' dir='ltr'><strong>me</strong></span> <span class='ocrx_word' id='word_1_422' title='bbox 1848 3273 1892 3342; x_wconf 93' lang='lat' dir='ltr'><strong>ad</strong></span> <span class='ocrx_word' id='word_1_423' title='bbox 1914 3273 2135 3362; x_wconf 81' lang='lat' dir='ltr'><strong>agnitionem</strong></span> <span class='ocrx_word' id='word_1_424' title='bbox 2154 3285 2230 3341; x_wconf 94' lang='lat' dir='ltr'><strong>tuae</strong></span> 
     </span>
     <span class='ocr_line' id='line_1_31' title="bbox 197 3369 2231 3464; baseline -0.002 -17"><span class='ocrx_word' id='word_1_425' title='bbox 197 3377 350 3447; x_wconf 90' lang='lat' dir='ltr'><strong>miscens</strong></span> <span class='ocrx_word' id='word_1_426' title='bbox 379 3375 473 3446; x_wconf 89' lang='lat' dir='ltr'><strong>votis</strong></span> <span class='ocrx_word' id='word_1_427' title='bbox 498 3388 534 3446; x_wconf 92' lang='lat' dir='ltr'><strong>et</strong></span> <span class='ocrx_word' id='word_1_428' title='bbox 558 3374 777 3448; x_wconf 86' lang='lat' dir='ltr'><strong>invocationi</strong></span> <span class='ocrx_word' id='word_1_429' title='bbox 805 3377 1061 3448; x_wconf 90' lang='lat' dir='ltr'><strong>confessionem</strong></span> <span class='ocrx_word' id='word_1_430' title='bbox 1095 3379 1190 3464; x_wconf 84' lang='lat' dir='ltr'><strong>fidei,</strong></span> <span class='ocrx_word' id='word_1_431' title='bbox 1240 3373 1330 3444; x_wconf 90' lang='lat' dir='ltr'><strong>lucis</strong></span> <span class='ocrx_word' id='word_1_432' title='bbox 1353 3375 1506 3460; x_wconf 88' lang='lat' dir='ltr'><strong>vocasti,</strong></span> <span class='ocrx_word' id='word_1_433' title='bbox 1530 3399 1595 3446; x_wconf 89' lang='lat' dir='ltr'><strong>nec</strong></span> <span class='ocrx_word' id='word_1_434' title='bbox 1613 3376 1652 3444; x_wconf 91' lang='lat' dir='ltr'><strong>in</strong></span> <span class='ocrx_word' id='word_1_435' title='bbox 1669 3369 1809 3445; x_wconf 89' lang='lat' dir='ltr'><strong>ethnica</strong></span> <span class='ocrx_word' id='word_1_436' title='bbox 1826 3372 1977 3464; x_wconf 89' lang='lat' dir='ltr'><strong>caligine</strong></span> <span class='ocrx_word' id='word_1_437' title='bbox 1992 3387 2028 3445; x_wconf 91' lang='lat' dir='ltr'><strong>et</strong></span> <span class='ocrx_word' id='word_1_438' title='bbox 2039 3373 2121 3444; x_wconf 91' lang='lat' dir='ltr'><strong>aliis</strong></span> <span class='ocrx_word' id='word_1_439' title='bbox 2137 3395 2231 3442; x_wconf 90' lang='lat' dir='ltr'><strong>erro-</strong></span> 
     </span>
     <span class='ocr_line' id='line_1_32' title="bbox 198 3469 2231 3570; baseline -0.003 -20"><span class='ocrx_word' id='word_1_440' title='bbox 198 3473 299 3570; x_wconf 80' lang='lat' dir='ltr'><strong>saepe</strong></span> <span class='ocrx_word' id='word_1_441' title='bbox 323 3473 408 3547; x_wconf 91' lang='lat' dir='ltr'><strong>haec</strong></span> <span class='ocrx_word' id='word_1_442' title='bbox 429 3477 537 3548; x_wconf 90' lang='lat' dir='ltr'><strong>verba</strong></span> <span class='ocrx_word' id='word_1_443' title='bbox 560 3477 717 3570; x_wconf 89' lang='lat' dir='ltr'><strong>repetiit:</strong></span> <span class='ocrx_word' id='word_1_444' title='bbox 750 3475 834 3549; x_wconf 88' lang='lat' dir='ltr'><strong>Non</strong></span> <span class='ocrx_word' id='word_1_445' title='bbox 855 3502 939 3550; x_wconf 89' lang='lat' dir='ltr'><strong>casu</strong></span> <span class='ocrx_word' id='word_1_446' title='bbox 964 3480 1080 3552; x_wconf 82' lang='lat' dir='ltr'><strong>extitit</strong></span> <span class='ocrx_word' id='word_1_447' title='bbox 1102 3475 1190 3551; x_wconf 92' lang='lat' dir='ltr'><strong>haec</strong></span> <span class='ocrx_word' id='word_1_448' title='bbox 1241 3475 1341 3546; x_wconf 90' lang='lat' dir='ltr'><strong>ribus</strong></span> <span class='ocrx_word' id='word_1_449' title='bbox 1361 3475 1549 3570; x_wconf 83' lang='lat' dir='ltr'><strong>reliquisti.</strong></span> <span class='ocrx_word' id='word_1_450' title='bbox 1601 3475 1655 3548; x_wconf 89' lang='lat' dir='ltr'><strong>Tc</strong></span> <span class='ocrx_word' id='word_1_451' title='bbox 1677 3477 1782 3548; x_wconf 91' lang='lat' dir='ltr'><strong>etiam</strong></span> <span class='ocrx_word' id='word_1_452' title='bbox 1796 3473 1876 3546; x_wconf 88' lang='lat' dir='ltr'><strong>Iesu</strong></span> <span class='ocrx_word' id='word_1_453' title='bbox 1893 3469 2056 3558; x_wconf 91' lang='lat' dir='ltr'><strong>Christe,</strong></span> <span class='ocrx_word' id='word_1_454' title='bbox 2086 3475 2139 3545; x_wconf 88' lang='lat' dir='ltr'><strong>fili</strong></span> <span class='ocrx_word' id='word_1_455' title='bbox 2153 3471 2231 3556; x_wconf 89' lang='lat' dir='ltr'><strong>Dei,</strong></span> 
     </span>
    </p>
   </div>
   <div class='ocr_carea' id='block_1_5' title="bbox 58 3573 2231 3673">
    <p class='ocr_par' dir='ltr' id='par_1_6' title="bbox 58 3573 2231 3673">
     <span class='ocr_line' id='line_1_33' title="bbox 58 3573 2231 3673; baseline -0.003 -22"><span class='ocrx_word' id='word_1_456' title='bbox 58 3605 64 3615; x_wconf 93' lang='lat'><strong>·</strong></span> <span class='ocrx_word' id='word_1_457' title='bbox 196 3580 324 3651; x_wconf 91' lang='lat' dir='ltr'><strong>mundi</strong></span> <span class='ocrx_word' id='word_1_458' title='bbox 340 3573 578 3672; x_wconf 88' lang='lat' dir='ltr'><strong>pulcherrima</strong></span> <span class='ocrx_word' id='word_1_459' title='bbox 593 3603 796 3673; x_wconf 89' lang='lat' dir='ltr'><strong>compages,</strong></span> <span class='ocrx_word' id='word_1_460' title='bbox 821 3603 886 3652; x_wconf 91' lang='lat' dir='ltr'><strong>nec</strong></span> <span class='ocrx_word' id='word_1_461' title='bbox 900 3605 982 3652; x_wconf 90' lang='lat' dir='ltr'><strong>casu</strong></span> <span class='ocrx_word' id='word_1_462' title='bbox 998 3596 1122 3652; x_wconf 90' lang='lat' dir='ltr'><strong>natum</strong></span> <span class='ocrx_word' id='word_1_463' title='bbox 1139 3595 1191 3654; x_wconf 88' lang='lat' dir='ltr'><strong>est</strong></span> <span class='ocrx_word' id='word_1_464' title='bbox 1241 3577 1405 3649; x_wconf 82' lang='lat' dir='ltr'><strong>crsrcilixe</strong></span> <span class='ocrx_word' id='word_1_465' title='bbox 1431 3603 1496 3670; x_wconf 89' lang='lat' dir='ltr'><strong>pro</strong></span> <span class='ocrx_word' id='word_1_466' title='bbox 1521 3577 1627 3649; x_wconf 90' lang='lat' dir='ltr'><strong>nobis</strong></span> <span class='ocrx_word' id='word_1_467' title='bbox 1659 3593 1695 3651; x_wconf 91' lang='lat' dir='ltr'><strong>et</strong></span> <span class='ocrx_word' id='word_1_468' title='bbox 1725 3578 1945 3664; x_wconf 88' lang='lat' dir='ltr'><strong>resuscitate,</strong></span> <span class='ocrx_word' id='word_1_469' title='bbox 1986 3576 2103 3667; x_wconf 86' lang='lat' dir='ltr'><strong>imago</strong></span> <span class='ocrx_word' id='word_1_470' title='bbox 2125 3573 2231 3670; x_wconf 89' lang='lat' dir='ltr'><strong>patris</strong></span> 
     </span>
    </p>
   </div>
   <div class='ocr_carea' id='block_1_6' title="bbox 198 3675 2231 3776">
    <p class='ocr_par' dir='ltr' id='par_1_7' title="bbox 198 3675 2231 3776">
     <span class='ocr_line' id='line_1_34' title="bbox 198 3675 2231 3776; baseline -0.003 -25"><span class='ocrx_word' id='word_1_471' title='bbox 198 3704 309 3772; x_wconf 86' lang='lat' dir='ltr'><strong>genus</strong></span> <span class='ocrx_word' id='word_1_472' title='bbox 328 3675 546 3768; x_wconf 90' lang='lat' dir='ltr'><strong>humanum,</strong></span> <span class='ocrx_word' id='word_1_473' title='bbox 581 3682 643 3752; x_wconf 94' lang='lat' dir='ltr'><strong>sed</strong></span> <span class='ocrx_word' id='word_1_474' title='bbox 666 3705 740 3754; x_wconf 88' lang='lat' dir='ltr'><strong>esse</strong></span> <span class='ocrx_word' id='word_1_475' title='bbox 755 3678 871 3755; x_wconf 88' lang='lat' dir='ltr'><strong>Deum</strong></span> <span class='ocrx_word' id='word_1_476' title='bbox 894 3683 1116 3757; x_wconf 89' lang='lat' dir='ltr'><strong>conditorem</strong></span> <span class='ocrx_word' id='word_1_477' title='bbox 1133 3709 1190 3755; x_wconf 90' lang='lat' dir='ltr'><strong>re·</strong></span> <span class='ocrx_word' id='word_1_478' title='bbox 1242 3677 1397 3762; x_wconf 88' lang='lat' dir='ltr'><strong>aeterni,</strong></span> <span class='ocrx_word' id='word_1_479' title='bbox 1422 3680 1485 3776; x_wconf 92' lang='lat' dir='ltr'><strong>qui</strong></span> <span class='ocrx_word' id='word_1_480' title='bbox 1501 3681 1676 3752; x_wconf 89' lang='lat' dir='ltr'><strong>mediator</strong></span> <span class='ocrx_word' id='word_1_481' title='bbox 1691 3679 1904 3751; x_wconf 89' lang='lat' dir='ltr'><strong>constitutos</strong></span> <span class='ocrx_word' id='word_1_482' title='bbox 1922 3701 1960 3750; x_wconf 87' lang='lat' dir='ltr'><strong>es</strong></span> <span class='ocrx_word' id='word_1_483' title='bbox 1982 3677 2077 3750; x_wconf 86' lang='lat' dir='ltr'><strong>inter</strong></span> <span class='ocrx_word' id='word_1_484' title='bbox 2100 3691 2231 3771; x_wconf 88' lang='lat' dir='ltr'><strong>patrem</strong></span> 
     </span>
    </p>
   </div>
   <div class='ocr_carea' id='block_1_7' title="bbox 73 3779 2231 3876">
    <p class='ocr_par' dir='ltr' id='par_1_8' title="bbox 73 3779 2231 3876">
     <span class='ocr_line' id='line_1_35' title="bbox 73 3779 2231 3876; baseline -0.004 -19"><span class='ocrx_word' id='word_1_485' title='bbox 73 3790 97 3870; x_wconf 74' lang='grc'><strong>’,</strong></span> <span class='ocrx_word' id='word_1_486' title='bbox 199 3807 299 3870; x_wconf 90' lang='lat' dir='ltr'><strong>rum,</strong></span> <span class='ocrx_word' id='word_1_487' title='bbox 333 3783 547 3876; x_wconf 88' lang='lat' dir='ltr'><strong>sapientem,</strong></span> <span class='ocrx_word' id='word_1_488' title='bbox 580 3783 798 3872; x_wconf 87' lang='lat' dir='ltr'><strong>beneficum,</strong></span> <span class='ocrx_word' id='word_1_489' title='bbox 830 3783 985 3872; x_wconf 89' lang='lat' dir='ltr'><strong>iustum,</strong></span> <span class='ocrx_word' id='word_1_490' title='bbox 1017 3809 1190 3870; x_wconf 88' lang='lat' dir='ltr'><strong>veracem,</strong></span> <span class='ocrx_word' id='word_1_491' title='bbox 1242 3795 1277 3852; x_wconf 90' lang='lat' dir='ltr'><strong>et</strong></span> <span class='ocrx_word' id='word_1_492' title='bbox 1293 3803 1379 3865; x_wconf 91' lang='lat' dir='ltr'><strong>nos,</strong></span> <span class='ocrx_word' id='word_1_493' title='bbox 1405 3793 1445 3852; x_wconf 85' lang='lat' dir='ltr'><strong>a&#39;c</strong></span> <span class='ocrx_word' id='word_1_494' title='bbox 1464 3781 1604 3854; x_wconf 82' lang='lat' dir='ltr'><strong>dixisti:</strong></span> <span class='ocrx_word' id='word_1_495' title='bbox 1631 3779 1759 3854; x_wconf 89' lang='lat' dir='ltr'><strong>Venite</strong></span> <span class='ocrx_word' id='word_1_496' title='bbox 1773 3783 1887 3851; x_wconf 88' lang='lat' dir='ltr'><strong>adme</strong></span> <span class='ocrx_word' id='word_1_497' title='bbox 1901 3801 2027 3852; x_wconf 89' lang='lat' dir='ltr'><strong>omnes</strong></span> <span class='ocrx_word' id='word_1_498' title='bbox 2042 3779 2109 3875; x_wconf 82' lang='lat' dir='ltr'><strong>qui</strong></span> <span class='ocrx_word' id='word_1_499' title='bbox 2134 3779 2231 3850; x_wconf 92' lang='lat' dir='ltr'><strong>labo·</strong></span> 
     </span>
    </p>
   </div>
   <div class='ocr_carea' id='block_1_8' title="bbox 99 3881 2307 5404">
    <p class='ocr_par' dir='ltr' id='par_1_9' title="bbox 114 3881 2231 4594">
     <span class='ocr_line' id='line_1_36' title="bbox 201 3881 2230 3980; baseline -0.003 -24"><span class='ocrx_word' id='word_1_500' title='bbox 201 3899 349 3971; x_wconf 88' lang='lat' dir='ltr'><strong>castum,</strong></span> <span class='ocrx_word' id='word_1_501' title='bbox 368 3897 598 3978; x_wconf 90' lang='lat' dir='ltr'><strong>totopcctore</strong></span> <span class='ocrx_word' id='word_1_502' title='bbox 614 3885 732 3967; x_wconf 88' lang='lat' dir='ltr'><strong>credo,</strong></span> <span class='ocrx_word' id='word_1_503' title='bbox 750 3899 839 3956; x_wconf 91' lang='lat' dir='ltr'><strong>acte</strong></span> <span class='ocrx_word' id='word_1_504' title='bbox 854 3883 1189 3980; x_wconf 76' lang='lat' dir='ltr'><strong>aeternum&#39;patrem</strong></span> <span class='ocrx_word' id='word_1_505' title='bbox 1242 3882 1329 3953; x_wconf 89' lang='lat' dir='ltr'><strong>ratis</strong></span> <span class='ocrx_word' id='word_1_506' title='bbox 1345 3891 1379 3954; x_wconf 91' lang='lat' dir='ltr'><strong>ct</strong></span> <span class='ocrx_word' id='word_1_507' title='bbox 1401 3882 1540 3954; x_wconf 91' lang='lat' dir='ltr'><strong>onerati</strong></span> <span class='ocrx_word' id='word_1_508' title='bbox 1562 3881 1666 3966; x_wconf 88' lang='lat' dir='ltr'><strong>estis,</strong></span> <span class='ocrx_word' id='word_1_509' title='bbox 1695 3905 1760 3974; x_wconf 88' lang='lat' dir='ltr'><strong>ego</strong></span> <span class='ocrx_word' id='word_1_510' title='bbox 1782 3882 1937 3953; x_wconf 86' lang='lat' dir='ltr'><strong>reficiam</strong></span> <span class='ocrx_word' id='word_1_511' title='bbox 1958 3903 2040 3965; x_wconf 84' lang='lat' dir='ltr'><strong>vos,</strong></span> <span class='ocrx_word' id='word_1_512' title='bbox 2075 3905 2143 3952; x_wconf 90' lang='lat' dir='ltr'><strong>oro</strong></span> <span class='ocrx_word' id='word_1_513' title='bbox 2160 3893 2230 3952; x_wconf 94' lang='lat' dir='ltr'><strong>toto</strong></span> 
     </span>
     <span class='ocr_line' id='line_1_37' title="bbox 126 3979 2229 4082; baseline -0.004 -23"><span class='ocrx_word' id='word_1_514' title='bbox 126 3983 129 3989; x_wconf 69' lang='grc'><strong>’</strong></span> <span class='ocrx_word' id='word_1_515' title='bbox 199 3983 347 4059; x_wconf 89' lang='lat' dir='ltr'><strong>Domini</strong></span> <span class='ocrx_word' id='word_1_516' title='bbox 362 3987 476 4058; x_wconf 91' lang='lat' dir='ltr'><strong>nostri</strong></span> <span class='ocrx_word' id='word_1_517' title='bbox 486 3982 564 4056; x_wconf 89' lang='lat' dir='ltr'><strong>lesu</strong></span> <span class='ocrx_word' id='word_1_518' title='bbox 578 3980 735 4070; x_wconf 89' lang='lat' dir='ltr'><strong>Christi,</strong></span> <span class='ocrx_word' id='word_1_519' title='bbox 759 3987 822 4082; x_wconf 89' lang='lat' dir='ltr'><strong>qui</strong></span> <span class='ocrx_word' id='word_1_520' title='bbox 836 4001 872 4060; x_wconf 91' lang='lat' dir='ltr'><strong>tc</strong></span> <span class='ocrx_word' id='word_1_521' title='bbox 887 3987 1080 4080; x_wconf 87' lang='lat' dir='ltr'><strong>patefecisti</strong></span> <span class='ocrx_word' id='word_1_522' title='bbox 1096 3989 1192 4060; x_wconf 64' lang='lat' dir='ltr'><strong>mul·¹</strong></span> <span class='ocrx_word' id='word_1_523' title='bbox 1243 3997 1402 4076; x_wconf 89' lang='lat' dir='ltr'><strong>pectore,</strong></span> <span class='ocrx_word' id='word_1_524' title='bbox 1425 3983 1549 4056; x_wconf 88' lang='lat' dir='ltr'><strong>ntmei</strong></span> <span class='ocrx_word' id='word_1_525' title='bbox 1563 3986 1748 4072; x_wconf 86' lang='lat' dir='ltr'><strong>misertus,</strong></span> <span class='ocrx_word' id='word_1_526' title='bbox 1771 4009 1837 4078; x_wconf 93' lang='lat' dir='ltr'><strong>pro</strong></span> <span class='ocrx_word' id='word_1_527' title='bbox 1855 4007 1912 4056; x_wconf 90' lang='lat' dir='ltr'><strong>me</strong></span> <span class='ocrx_word' id='word_1_528' title='bbox 1928 3983 2127 4054; x_wconf 87' lang='lat' dir='ltr'><strong>intercedas</strong></span> <span class='ocrx_word' id='word_1_529' title='bbox 2140 3979 2229 4074; x_wconf 87' lang='lat' dir='ltr'><strong>apud</strong></span> 
     </span>
     <span class='ocr_line' id='line_1_38' title="bbox 200 4083 2229 4181; baseline -0.004 -21"><span class='ocrx_word' id='word_1_530' title='bbox 200 4084 473 4160; x_wconf 61' lang='lat' dir='ltr'><strong>tis&#39;testimoniis</strong></span> <span class='ocrx_word' id='word_1_531' title='bbox 488 4088 582 4160; x_wconf 87' lang='lat' dir='ltr'><strong>edita</strong></span> <span class='ocrx_word' id='word_1_532' title='bbox 596 4113 682 4160; x_wconf 91' lang='lat' dir='ltr'><strong>voce</strong></span> <span class='ocrx_word' id='word_1_533' title='bbox 697 4083 904 4181; x_wconf 86' lang='lat' dir='ltr'><strong>Evangelii,</strong></span> <span class='ocrx_word' id='word_1_534' title='bbox 929 4103 964 4162; x_wconf 90' lang='lat' dir='ltr'><strong>et</strong></span> <span class='ocrx_word' id='word_1_535' title='bbox 979 4091 1086 4161; x_wconf 89' lang='lat' dir='ltr'><strong>misso</strong></span> <span class='ocrx_word' id='word_1_536' title='bbox 1103 4091 1192 4178; x_wconf 81' lang='lat' dir='ltr'><strong>filio,</strong></span> <span class='ocrx_word' id='word_1_537' title='bbox 1244 4099 1426 4157; x_wconf 89' lang='lat' dir='ltr'><strong>aeternum</strong></span> <span class='ocrx_word' id='word_1_538' title='bbox 1438 4083 1573 4179; x_wconf 85' lang='lat' dir='ltr'><strong>patrem</strong></span> <span class='ocrx_word' id='word_1_539' title='bbox 1599 4101 1722 4169; x_wconf 90' lang='lat' dir='ltr'><strong>tuum,</strong></span> <span class='ocrx_word' id='word_1_540' title='bbox 1753 4101 1789 4159; x_wconf 89' lang='lat' dir='ltr'><strong>ct</strong></span> <span class='ocrx_word' id='word_1_541' title='bbox 1809 4085 1849 4158; x_wconf 96' lang='lat' dir='ltr'><strong>in</strong></span> <span class='ocrx_word' id='word_1_542' title='bbox 1875 4107 1932 4156; x_wconf 87' lang='lat' dir='ltr'><strong>mc</strong></span> <span class='ocrx_word' id='word_1_543' title='bbox 1947 4083 2086 4178; x_wconf 89' lang='lat' dir='ltr'><strong>Spiritu</strong></span> <span class='ocrx_word' id='word_1_544' title='bbox 2113 4095 2229 4154; x_wconf 91' lang='lat' dir='ltr'><strong>sancto</strong></span> 
     </span>
     <span class='ocr_line' id='line_1_39' title="bbox 114 4185 2231 4286; baseline -0.003 -25"><span class='ocrx_word' id='word_1_545' title='bbox 114 4275 119 4286; x_wconf 28' lang='grc'>1</span> <span class='ocrx_word' id='word_1_546' title='bbox 202 4193 333 4284; x_wconf 91' lang='lat' dir='ltr'><strong>dequo</strong></span> <span class='ocrx_word' id='word_1_547' title='bbox 348 4189 520 4264; x_wconf 89' lang='lat' dir='ltr'><strong>clamasti:</strong></span> <span class='ocrx_word' id='word_1_548' title='bbox 545 4187 654 4262; x_wconf 90' lang='lat' dir='ltr'><strong>Hunc</strong></span> <span class='ocrx_word' id='word_1_549' title='bbox 668 4191 798 4276; x_wconf 89' lang='lat' dir='ltr'><strong>audite,</strong></span> <span class='ocrx_word' id='word_1_550' title='bbox 812 4193 973 4272; x_wconf 85' lang='lat' dir='ltr'><strong>adfirmo,</strong></span> <span class='ocrx_word' id='word_1_551' title='bbox 985 4191 1067 4264; x_wconf 80' lang='lat' dir='ltr'><strong>vere</strong></span> <span class='ocrx_word' id='word_1_552' title='bbox 1074 4189 1191 4264; x_wconf 89' lang='lat' dir='ltr'><strong>Deum</strong></span> <span class='ocrx_word' id='word_1_553' title='bbox 1243 4201 1305 4258; x_wconf 87' lang='lat' dir='ltr'><strong>tuo</strong></span> <span class='ocrx_word' id='word_1_554' title='bbox 1329 4187 1438 4258; x_wconf 90' lang='lat' dir='ltr'><strong>vitam</strong></span> <span class='ocrx_word' id='word_1_555' title='bbox 1456 4202 1653 4270; x_wconf 90' lang='lat' dir='ltr'><strong>aeternam,</strong></span> <span class='ocrx_word' id='word_1_556' title='bbox 1686 4187 1801 4260; x_wconf 90' lang='lat' dir='ltr'><strong>lucem</strong></span> <span class='ocrx_word' id='word_1_557' title='bbox 1816 4203 1851 4260; x_wconf 91' lang='lat' dir='ltr'><strong>et</strong></span> <span class='ocrx_word' id='word_1_558' title='bbox 1864 4185 2039 4280; x_wconf 85' lang='lat' dir='ltr'><strong>iusticiam</strong></span> <span class='ocrx_word' id='word_1_559' title='bbox 2054 4185 2231 4260; x_wconf 83' lang='lat' dir='ltr'><strong>accendas.</strong></span> 
     </span>
     <span class='ocr_line' id='line_1_40' title="bbox 203 4281 2230 4382; baseline -0.003 -20"><span class='ocrx_word' id='word_1_560' title='bbox 203 4315 297 4378; x_wconf 91' lang='lat' dir='ltr'><strong>esse,</strong></span> <span class='ocrx_word' id='word_1_561' title='bbox 322 4292 543 4363; x_wconf 89' lang='lat' dir='ltr'><strong>conditorem</strong></span> <span class='ocrx_word' id='word_1_562' title='bbox 566 4315 705 4374; x_wconf 90' lang='lat' dir='ltr'><strong>rernm,</strong></span> <span class='ocrx_word' id='word_1_563' title='bbox 738 4317 913 4365; x_wconf 88' lang='lat' dir='ltr'><strong>unacum</strong></span> <span class='ocrx_word' id='word_1_564' title='bbox 937 4294 1012 4364; x_wconf 90' lang='lat' dir='ltr'><strong>lilio</strong></span> <span class='ocrx_word' id='word_1_565' title='bbox 1036 4308 1099 4366; x_wconf 91' lang='lat' dir='ltr'><strong>tuo</strong></span> <span class='ocrx_word' id='word_1_566' title='bbox 1114 4295 1193 4368; x_wconf 91' lang='lat' dir='ltr'><strong>Do-</strong></span> <span class='ocrx_word' id='word_1_567' title='bbox 1245 4287 1389 4361; x_wconf 87' lang='lat' dir='ltr'><strong>Gratias</strong></span> <span class='ocrx_word' id='word_1_568' title='bbox 1406 4290 1513 4364; x_wconf 90' lang='lat' dir='ltr'><strong>etiam</strong></span> <span class='ocrx_word' id='word_1_569' title='bbox 1528 4289 1694 4382; x_wconf 78' lang='lat' dir='ltr'><strong>egotibi,</strong></span> <span class='ocrx_word' id='word_1_570' title='bbox 1718 4303 1754 4363; x_wconf 92' lang='lat' dir='ltr'><strong>et</strong></span> <span class='ocrx_word' id='word_1_571' title='bbox 1771 4311 1873 4382; x_wconf 85' lang='lat' dir='ltr'><strong>egam</strong></span> <span class='ocrx_word' id='word_1_572' title='bbox 1894 4289 1935 4360; x_wconf 89' lang='lat' dir='ltr'><strong>in</strong></span> <span class='ocrx_word' id='word_1_573' title='bbox 1954 4286 2056 4360; x_wconf 91' lang='lat' dir='ltr'><strong>omni</strong></span> <span class='ocrx_word' id='word_1_574' title='bbox 2080 4281 2230 4360; x_wconf 87' lang='lat' dir='ltr'><strong>aeterni·</strong></span> 
     </span>
     <span class='ocr_line' id='line_1_41' title="bbox 203 4389 2228 4487; baseline -0.005 -23"><span class='ocrx_word' id='word_1_575' title='bbox 203 4393 303 4464; x_wconf 90' lang='lat' dir='ltr'><strong>mino</strong></span> <span class='ocrx_word' id='word_1_576' title='bbox 323 4405 445 4464; x_wconf 92' lang='lat' dir='ltr'><strong>nostro</strong></span> <span class='ocrx_word' id='word_1_577' title='bbox 461 4391 542 4466; x_wconf 90' lang='lat' dir='ltr'><strong>lesu</strong></span> <span class='ocrx_word' id='word_1_578' title='bbox 556 4389 701 4476; x_wconf 87' lang='lat' dir='ltr'><strong>Christo</strong></span> <span class='ocrx_word' id='word_1_579' title='bbox 728 4405 764 4466; x_wconf 90' lang='lat' dir='ltr'><strong>et</strong></span> <span class='ocrx_word' id='word_1_580' title='bbox 778 4393 918 4487; x_wconf 87' lang='lat' dir='ltr'><strong>Spiritu</strong></span> <span class='ocrx_word' id='word_1_581' title='bbox 940 4409 1073 4471; x_wconf 90' lang='lat' dir='ltr'><strong>sancto.</strong></span> <span class='ocrx_word' id='word_1_582' title='bbox 1137 4395 1192 4466; x_wconf 82' lang='lat' dir='ltr'><strong>Te</strong></span> <span class='ocrx_word' id='word_1_583' title='bbox 1244 4405 1334 4478; x_wconf 88' lang='lat' dir='ltr'><strong>tate,</strong></span> <span class='ocrx_word' id='word_1_584' title='bbox 1366 4394 1468 4487; x_wconf 80' lang='lat' dir='ltr'><strong>¹qnod</strong></span> <span class='ocrx_word' id='word_1_585' title='bbox 1492 4416 1570 4464; x_wconf 90' lang='lat' dir='ltr'><strong>mea</strong></span> <span class='ocrx_word' id='word_1_586' title='bbox 1590 4413 1694 4466; x_wconf 78' lang='lat' dir='ltr'><strong>musa</strong></span> <span class='ocrx_word' id='word_1_587' title='bbox 1715 4404 1751 4464; x_wconf 90' lang='lat' dir='ltr'><strong>et</strong></span> <span class='ocrx_word' id='word_1_588' title='bbox 1772 4403 1920 4484; x_wconf 89' lang='lat' dir='ltr'><strong>propter</strong></span> <span class='ocrx_word' id='word_1_589' title='bbox 1943 4389 2094 4463; x_wconf 91' lang='lat' dir='ltr'><strong>salutem</strong></span> <span class='ocrx_word' id='word_1_590' title='bbox 2119 4409 2228 4458; x_wconf 90' lang='lat' dir='ltr'><strong>meam</strong></span> 
     </span>
     <span class='ocr_line' id='line_1_42' title="bbox 204 4489 2229 4594; baseline -0.006 -26"><span class='ocrx_word' id='word_1_591' title='bbox 204 4495 309 4594; x_wconf 87' lang='lat' dir='ltr'><strong>credo</strong></span> <span class='ocrx_word' id='word_1_592' title='bbox 321 4518 431 4586; x_wconf 87' lang='lat' dir='ltr'><strong>genus</strong></span> <span class='ocrx_word' id='word_1_593' title='bbox 447 4489 643 4566; x_wconf 90' lang='lat' dir='ltr'><strong>humanum</strong></span> <span class='ocrx_word' id='word_1_594' title='bbox 658 4520 731 4566; x_wconf 92' lang='lat' dir='ltr'><strong>non</strong></span> <span class='ocrx_word' id='word_1_595' title='bbox 746 4497 876 4568; x_wconf 88' lang='lat' dir='ltr'><strong>frustra</strong></span> <span class='ocrx_word' id='word_1_596' title='bbox 891 4496 1102 4586; x_wconf 86' lang='lat' dir='ltr'><strong>condidisse,</strong></span> <span class='ocrx_word' id='word_1_597' title='bbox 1127 4521 1193 4569; x_wconf 91' lang='lat' dir='ltr'><strong>nec</strong></span> <span class='ocrx_word' id='word_1_598' title='bbox 1243 4507 1387 4566; x_wconf 86' lang='lat' dir='ltr'><strong>aeterno</strong></span> <span class='ocrx_word' id='word_1_599' title='bbox 1404 4493 1659 4588; x_wconf 84' lang='lat' dir='ltr'><strong>patrisupplex</strong></span> <span class='ocrx_word' id='word_1_600' title='bbox 1676 4517 1732 4581; x_wconf 88' lang='lat' dir='ltr'><strong>es,</strong></span> <span class='ocrx_word' id='word_1_601' title='bbox 1756 4505 1793 4564; x_wconf 90' lang='lat' dir='ltr'><strong>ct</strong></span> <span class='ocrx_word' id='word_1_602' title='bbox 1811 4491 1954 4563; x_wconf 87' lang='lat' dir='ltr'><strong>victima</strong></span> <span class='ocrx_word' id='word_1_603' title='bbox 1969 4515 2034 4585; x_wconf 93' lang='lat' dir='ltr'><strong>pro</strong></span> <span class='ocrx_word' id='word_1_604' title='bbox 2052 4513 2111 4562; x_wconf 89' lang='lat' dir='ltr'><strong>me</strong></span> <span class='ocrx_word' id='word_1_605' title='bbox 2124 4489 2229 4560; x_wconf 89' lang='lat' dir='ltr'><strong>factus</strong></span> 
     </span>
    </p>

    <p class='ocr_par' dir='ltr' id='par_1_10' title="bbox 99 4583 2307 5404">
     <span class='ocr_line' id='line_1_43' title="bbox 205 4593 2229 4690; baseline -0.005 -22"><span class='ocrx_word' id='word_1_606' title='bbox 205 4597 336 4668; x_wconf 86' lang='lat' dir='ltr'><strong>frustra</strong></span> <span class='ocrx_word' id='word_1_607' title='bbox 351 4611 386 4670; x_wconf 91' lang='lat' dir='ltr'><strong>te</strong></span> <span class='ocrx_word' id='word_1_608' title='bbox 400 4597 505 4669; x_wconf 92' lang='lat' dir='ltr'><strong>nobis</strong></span> <span class='ocrx_word' id='word_1_609' title='bbox 525 4596 630 4670; x_wconf 89' lang='lat' dir='ltr'><strong>toties</strong></span> <span class='ocrx_word' id='word_1_610' title='bbox 651 4597 874 4690; x_wconf 87' lang='lat' dir='ltr'><strong>patefecisse,</strong></span> <span class='ocrx_word' id='word_1_611' title='bbox 906 4602 969 4670; x_wconf 90' lang='lat' dir='ltr'><strong>sed</strong></span> <span class='ocrx_word' id='word_1_612' title='bbox 991 4623 1073 4670; x_wconf 87' lang='lat' dir='ltr'><strong>vere</strong></span> <span class='ocrx_word' id='word_1_613' title='bbox 1096 4599 1192 4670; x_wconf 89' lang='lat' dir='ltr'><strong>iudi·</strong></span> <span class='ocrx_word' id='word_1_614' title='bbox 1245 4617 1293 4670; x_wconf 89' lang='lat' dir='ltr'><strong>es.</strong></span> <span class='ocrx_word' id='word_1_615' title='bbox 1344 4593 1423 4667; x_wconf 91' lang='lat' dir='ltr'><strong>Hoc</strong></span> <span class='ocrx_word' id='word_1_616' title='bbox 1436 4609 1538 4667; x_wconf 89' lang='lat' dir='ltr'><strong>tuum</strong></span> <span class='ocrx_word' id='word_1_617' title='bbox 1552 4597 1678 4688; x_wconf 89' lang='lat' dir='ltr'><strong>ingens</strong></span> <span class='ocrx_word' id='word_1_618' title='bbox 1690 4595 1900 4667; x_wconf 73' lang='lat' dir='ltr'><strong>benefidum</strong></span> <span class='ocrx_word' id='word_1_619' title='bbox 1912 4593 2097 4688; x_wconf 88' lang='lat' dir='ltr'><strong>praedico,</strong></span> <span class='ocrx_word' id='word_1_620' title='bbox 2123 4593 2229 4662; x_wconf 87' lang='lat' dir='ltr'><strong>disce-</strong></span> 
     </span>
     <span class='ocr_line' id='line_1_44' title="bbox 205 4693 2307 4792; baseline -0.004 -22"><span class='ocrx_word' id='word_1_621' title='bbox 205 4721 280 4770; x_wconf 89' lang='lat' dir='ltr'><strong>cem</strong></span> <span class='ocrx_word' id='word_1_622' title='bbox 303 4722 376 4770; x_wconf 88' lang='lat' dir='ltr'><strong>esse</strong></span> <span class='ocrx_word' id='word_1_623' title='bbox 396 4697 534 4788; x_wconf 89' lang='lat' dir='ltr'><strong>generis</strong></span> <span class='ocrx_word' id='word_1_624' title='bbox 554 4693 721 4787; x_wconf 78' lang='lat' dir='ltr'><strong>hannani,</strong></span> <span class='ocrx_word' id='word_1_625' title='bbox 753 4713 788 4772; x_wconf 92' lang='lat' dir='ltr'><strong>et</strong></span> <span class='ocrx_word' id='word_1_626' title='bbox 809 4701 975 4792; x_wconf 87' lang='lat' dir='ltr'><strong>colligere</strong></span> <span class='ocrx_word' id='word_1_627' title='bbox 995 4701 1061 4772; x_wconf 92' lang='lat' dir='ltr'><strong>tibi</strong></span> <span class='ocrx_word' id='word_1_628' title='bbox 1080 4715 1193 4772; x_wconf 84' lang='lat' dir='ltr'><strong>aeter·</strong></span> <span class='ocrx_word' id='word_1_629' title='bbox 1244 4699 1388 4770; x_wconf 77' lang='lat' dir='ltr'><strong>denses</strong></span> <span class='ocrx_word' id='word_1_630' title='bbox 1401 4693 1467 4770; x_wconf 89' lang='lat' dir='ltr'><strong>hac</strong></span> <span class='ocrx_word' id='word_1_631' title='bbox 1480 4699 1687 4770; x_wconf 89' lang='lat' dir='ltr'><strong>mortalium</strong></span> <span class='ocrx_word' id='word_1_632' title='bbox 1701 4696 1975 4778; x_wconf 87' lang='lat' dir='ltr'><strong>consuetudine,</strong></span> <span class='ocrx_word' id='word_1_633' title='bbox 2004 4717 2046 4766; x_wconf 88' lang='lat' dir='ltr'><strong>ac</strong></span> <span class='ocrx_word' id='word_1_634' title='bbox 2069 4695 2228 4766; x_wconf 90' lang='lat' dir='ltr'><strong>adversus</strong></span> <span class='ocrx_word' id='word_1_635' title='bbox 2306 4729 2307 4770; x_wconf 53' lang='lat' dir='ltr'><strong>i</strong></span> 
     </span>
     <span class='ocr_line' id='line_1_45' title="bbox 205 4788 2307 4892; baseline 0.001 -22"><span class='ocrx_word' id='word_1_636' title='bbox 205 4825 289 4872; x_wconf 89' lang='lat' dir='ltr'><strong>nam</strong></span> <span class='ocrx_word' id='word_1_637' title='bbox 304 4797 515 4888; x_wconf 88' lang='lat' dir='ltr'><strong>Ecclesiam,</strong></span> <span class='ocrx_word' id='word_1_638' title='bbox 548 4802 803 4876; x_wconf 88' lang='lat' dir='ltr'><strong>celebraturam</strong></span> <span class='ocrx_word' id='word_1_639' title='bbox 826 4817 861 4877; x_wconf 93' lang='lat' dir='ltr'><strong>te</strong></span> <span class='ocrx_word' id='word_1_640' title='bbox 882 4805 923 4874; x_wconf 92' lang='lat' dir='ltr'><strong>in</strong></span> <span class='ocrx_word' id='word_1_641' title='bbox 943 4816 1084 4876; x_wconf 90' lang='lat' dir='ltr'><strong>aeterna</strong></span> <span class='ocrx_word' id='word_1_642' title='bbox 1106 4827 1192 4874; x_wconf 89' lang='lat' dir='ltr'><strong>con·</strong></span> <span class='ocrx_word' id='word_1_643' title='bbox 1243 4823 1352 4890; x_wconf 87' lang='lat' dir='ltr'><strong>regna</strong></span> <span class='ocrx_word' id='word_1_644' title='bbox 1369 4799 1504 4872; x_wconf 91' lang='lat' dir='ltr'><strong>diaboli</strong></span> <span class='ocrx_word' id='word_1_645' title='bbox 1519 4816 1553 4873; x_wconf 90' lang='lat' dir='ltr'><strong>et</strong></span> <span class='ocrx_word' id='word_1_646' title='bbox 1573 4800 1734 4872; x_wconf 89' lang='lat' dir='ltr'><strong>omniurn</strong></span> <span class='ocrx_word' id='word_1_647' title='bbox 1759 4799 1954 4892; x_wconf 91' lang='lat' dir='ltr'><strong>impiorum</strong></span> <span class='ocrx_word' id='word_1_648' title='bbox 1977 4795 2135 4881; x_wconf 88' lang='lat' dir='ltr'><strong>furores,</strong></span> <span class='ocrx_word' id='word_1_649' title='bbox 2172 4788 2229 4887; x_wconf 76' lang='lat' dir='ltr'><strong>qui</strong></span> <span class='ocrx_word' id='word_1_650' title='bbox 2306 4789 2307 4872; x_wconf 68' lang='lat' dir='ltr'><strong>i</strong></span> 
     </span>
     <span class='ocr_line' id='line_1_46' title="bbox 189 4891 2307 4990; baseline -0.007 -16"><span class='ocrx_word' id='word_1_651' title='bbox 189 4903 393 4975; x_wconf 85' lang='lat' dir='ltr'><strong>suetudine</strong></span> <span class='ocrx_word' id='word_1_652' title='bbox 408 4915 444 4974; x_wconf 89' lang='lat' dir='ltr'><strong>et</strong></span> <span class='ocrx_word' id='word_1_653' title='bbox 463 4903 612 4974; x_wconf 84' lang='lat' dir='ltr'><strong>laeticia.</strong></span> <span class='ocrx_word' id='word_1_654' title='bbox 669 4902 786 4976; x_wconf 89' lang='lat' dir='ltr'><strong>Credo</strong></span> <span class='ocrx_word' id='word_1_655' title='bbox 810 4919 845 4978; x_wconf 92' lang='lat' dir='ltr'><strong>et</strong></span> <span class='ocrx_word' id='word_1_656' title='bbox 865 4905 978 4976; x_wconf 86' lang='lat' dir='ltr'><strong>filium</strong></span> <span class='ocrx_word' id='word_1_657' title='bbox 1000 4918 1101 4976; x_wconf 89' lang='lat' dir='ltr'><strong>tuum</strong></span> <span class='ocrx_word' id='word_1_658' title='bbox 1116 4901 1193 4975; x_wconf 90' lang='lat' dir='ltr'><strong>Do-</strong></span> <span class='ocrx_word' id='word_1_659' title='bbox 1244 4903 1312 4974; x_wconf 91' lang='lat' dir='ltr'><strong>tihi</strong></span> <span class='ocrx_word' id='word_1_660' title='bbox 1324 4901 1561 4990; x_wconf 89' lang='lat' dir='ltr'><strong>maledicunt,</strong></span> <span class='ocrx_word' id='word_1_661' title='bbox 1584 4903 1752 4984; x_wconf 86' lang='lat' dir='ltr'><strong>adfirmo,</strong></span> <span class='ocrx_word' id='word_1_662' title='bbox 1776 4913 1873 4972; x_wconf 89' lang='lat' dir='ltr'><strong>tuam</strong></span> <span class='ocrx_word' id='word_1_663' title='bbox 1898 4895 2099 4970; x_wconf 85' lang='lat' dir='ltr'><strong>doctrinam</strong></span> <span class='ocrx_word' id='word_1_664' title='bbox 2122 4891 2227 4968; x_wconf 91' lang='lat' dir='ltr'><strong>tradi·</strong></span> <span class='ocrx_word' id='word_1_665' title='bbox 2306 4901 2307 4960; x_wconf 76' lang='lat' dir='ltr'>j</span> 
     </span>
     <span class='ocr_line' id='line_1_47' title="bbox 204 4995 2228 5098; baseline -0.007 -21"><span class='ocrx_word' id='word_1_666' title='bbox 204 5005 342 5077; x_wconf 84' lang='lat' dir='ltr'><strong>minum</strong></span> <span class='ocrx_word' id='word_1_667' title='bbox 360 5018 521 5076; x_wconf 87' lang='lat' dir='ltr'><strong>nostrum</strong></span> <span class='ocrx_word' id='word_1_668' title='bbox 536 5003 652 5077; x_wconf 87' lang='lat' dir='ltr'><strong>lesum</strong></span> <span class='ocrx_word' id='word_1_669' title='bbox 665 5001 866 5094; x_wconf 89' lang='lat' dir='ltr'><strong>Christum,</strong></span> <span class='ocrx_word' id='word_1_670' title='bbox 898 5007 1103 5078; x_wconf 83' lang='lat' dir='ltr'><strong>crucifixum</strong></span> <span class='ocrx_word' id='word_1_671' title='bbox 1126 5031 1192 5098; x_wconf 94' lang='lat' dir='ltr'><strong>pro</strong></span> <span class='ocrx_word' id='word_1_672' title='bbox 1244 5017 1317 5074; x_wconf 91' lang='lat' dir='ltr'><strong>tam</strong></span> <span class='ocrx_word' id='word_1_673' title='bbox 1342 5019 1404 5076; x_wconf 91' lang='lat' dir='ltr'><strong>tua</strong></span> <span class='ocrx_word' id='word_1_674' title='bbox 1429 5029 1536 5090; x_wconf 88' lang='lat' dir='ltr'><strong>voce,</strong></span> <span class='ocrx_word' id='word_1_675' title='bbox 1568 5017 1604 5076; x_wconf 90' lang='lat' dir='ltr'><strong>et</strong></span> <span class='ocrx_word' id='word_1_676' title='bbox 1627 4997 1890 5096; x_wconf 87' lang='lat' dir='ltr'><strong>Prophetarum</strong></span> <span class='ocrx_word' id='word_1_677' title='bbox 1918 5014 1953 5072; x_wconf 90' lang='lat' dir='ltr'><strong>et</strong></span> <span class='ocrx_word' id='word_1_678' title='bbox 1977 4995 2228 5094; x_wconf 84' lang='lat' dir='ltr'><strong>Apostolorum</strong></span> 
     </span>
     <span class='ocr_line' id='line_1_48' title="bbox 103 5093 2227 5194; baseline -0.006 -18"><span class='ocrx_word' id='word_1_679' title='bbox 103 5141 107 5152; x_wconf 94' lang='lat'>·</span> <span class='ocrx_word' id='word_1_680' title='bbox 204 5105 309 5178; x_wconf 91' lang='lat' dir='ltr'><strong>nohis</strong></span> <span class='ocrx_word' id='word_1_681' title='bbox 325 5121 360 5180; x_wconf 89' lang='lat' dir='ltr'><strong>et</strong></span> <span class='ocrx_word' id='word_1_682' title='bbox 376 5107 638 5194; x_wconf 86' lang='lat' dir='ltr'><strong>resuscitatum,</strong></span> <span class='ocrx_word' id='word_1_683' title='bbox 662 5107 828 5179; x_wconf 89' lang='lat' dir='ltr'><strong>mimndo</strong></span> <span class='ocrx_word' id='word_1_684' title='bbox 844 5107 1031 5180; x_wconf 91' lang='lat' dir='ltr'><strong>consilioa</strong></span> <span class='ocrx_word' id='word_1_685' title='bbox 1053 5121 1088 5180; x_wconf 92' lang='lat' dir='ltr'><strong>te</strong></span> <span class='ocrx_word' id='word_1_686' title='bbox 1106 5109 1193 5178; x_wconf 89' lang='lat' dir='ltr'><strong>mis-</strong></span> <span class='ocrx_word' id='word_1_687' title='bbox 1243 5105 1373 5194; x_wconf 91' lang='lat' dir='ltr'><strong>literis,</strong></span> <span class='ocrx_word' id='word_1_688' title='bbox 1393 5121 1579 5178; x_wconf 88' lang='lat' dir='ltr'><strong>sonantem</strong></span> <span class='ocrx_word' id='word_1_689' title='bbox 1592 5104 1632 5174; x_wconf 93' lang='lat' dir='ltr'><strong>in</strong></span> <span class='ocrx_word' id='word_1_690' title='bbox 1647 5099 1713 5176; x_wconf 88' lang='lat' dir='ltr'><strong>hac</strong></span> <span class='ocrx_word' id='word_1_691' title='bbox 1729 5117 1790 5176; x_wconf 88' lang='lat' dir='ltr'><strong>tua</strong></span> <span class='ocrx_word' id='word_1_692' title='bbox 1805 5099 1984 5190; x_wconf 89' lang='lat' dir='ltr'><strong>Ecclesia,</strong></span> <span class='ocrx_word' id='word_1_693' title='bbox 2007 5101 2108 5174; x_wconf 88' lang='lat' dir='ltr'><strong>cuius</strong></span> <span class='ocrx_word' id='word_1_694' title='bbox 2126 5093 2227 5169; x_wconf 88' lang='lat' dir='ltr'><strong>disci-</strong></span> 
     </span>
     <span class='ocr_line' id='line_1_49' title="bbox 99 5205 2227 5304; baseline -0.005 -28"><span class='ocrx_word' id='word_1_695' title='bbox 99 5279 105 5290; x_wconf 75' lang='grc'><strong><em>,</em></strong></span> <span class='ocrx_word' id='word_1_696' title='bbox 204 5228 282 5277; x_wconf 91' lang='lat' dir='ltr'><strong>sum</strong></span> <span class='ocrx_word' id='word_1_697' title='bbox 302 5229 393 5294; x_wconf 87' lang='lat' dir='ltr'><strong>esse,</strong></span> <span class='ocrx_word' id='word_1_698' title='bbox 415 5223 455 5280; x_wconf 91' lang='lat' dir='ltr'><strong>ut</strong></span> <span class='ocrx_word' id='word_1_699' title='bbox 470 5209 555 5304; x_wconf 88' lang='lat' dir='ltr'><strong>quia</strong></span> <span class='ocrx_word' id='word_1_700' title='bbox 574 5222 756 5302; x_wconf 88' lang='lat' dir='ltr'><strong>peccatum</strong></span> <span class='ocrx_word' id='word_1_701' title='bbox 777 5233 844 5302; x_wconf 90' lang='lat' dir='ltr'><strong>pro</strong></span> <span class='ocrx_word' id='word_1_702' title='bbox 864 5209 970 5282; x_wconf 89' lang='lat' dir='ltr'><strong>nobis</strong></span> <span class='ocrx_word' id='word_1_703' title='bbox 983 5209 1089 5282; x_wconf 85' lang='lat' dir='ltr'><strong>fiebat</strong></span> <span class='ocrx_word' id='word_1_704' title='bbox 1105 5211 1192 5303; x_wconf 88' lang='lat' dir='ltr'><strong>ipse,</strong></span> <span class='ocrx_word' id='word_1_705' title='bbox 1243 5207 1365 5302; x_wconf 92' lang='lat' dir='ltr'><strong>pulam</strong></span> <span class='ocrx_word' id='word_1_706' title='bbox 1382 5231 1527 5280; x_wconf 77' lang='lat' dir='ltr'><strong>measse</strong></span> <span class='ocrx_word' id='word_1_707' title='bbox 1541 5205 1728 5300; x_wconf 86' lang='lat' dir='ltr'><strong>profiteor,</strong></span> <span class='ocrx_word' id='word_1_708' title='bbox 1760 5229 1881 5276; x_wconf 88' lang='lat' dir='ltr'><strong>veram</strong></span> <span class='ocrx_word' id='word_1_709' title='bbox 1903 5227 2001 5294; x_wconf 88' lang='lat' dir='ltr'><strong>esse,</strong></span> <span class='ocrx_word' id='word_1_710' title='bbox 2034 5217 2070 5276; x_wconf 89' lang='lat' dir='ltr'><strong>et</strong></span> <span class='ocrx_word' id='word_1_711' title='bbox 2091 5217 2227 5272; x_wconf 79' lang='lat' dir='ltr'><strong>execror</strong></span> 
     </span>
     <span class='ocr_line' id='line_1_50' title="bbox 204 5305 2226 5404; baseline 0 -30"><span class='ocrx_word' id='word_1_712' title='bbox 204 5329 271 5378; x_wconf 89' lang='lat' dir='ltr'><strong>nos</strong></span> <span class='ocrx_word' id='word_1_713' title='bbox 285 5307 497 5380; x_wconf 89' lang='lat' dir='ltr'><strong>iusticiaDei</strong></span> <span class='ocrx_word' id='word_1_714' title='bbox 513 5335 577 5404; x_wconf 90' lang='lat' dir='ltr'><strong>per</strong></span> <span class='ocrx_word' id='word_1_715' title='bbox 592 5337 674 5384; x_wconf 78' lang='lat' dir='ltr'><strong>essm</strong></span> <span class='ocrx_word' id='word_1_716' title='bbox 687 5312 862 5388; x_wconf 86' lang='lat' dir='ltr'><strong>fieremus.</strong></span> <span class='ocrx_word' id='word_1_717' title='bbox 905 5309 1025 5404; x_wconf 89' lang='lat' dir='ltr'><strong>thue</strong></span> <span class='ocrx_word' id='word_1_718' title='bbox 1040 5335 1119 5382; x_wconf 89' lang='lat' dir='ltr'><strong>cum</strong></span> <span class='ocrx_word' id='word_1_719' title='bbox 1134 5336 1191 5383; x_wconf 90' lang='lat' dir='ltr'><strong>re-</strong></span> <span class='ocrx_word' id='word_1_720' title='bbox 1243 5305 1405 5382; x_wconf 88' lang='lat' dir='ltr'><strong>ethnicos</strong></span> <span class='ocrx_word' id='word_1_721' title='bbox 1430 5325 1465 5383; x_wconf 93' lang='lat' dir='ltr'><strong>et</strong></span> <span class='ocrx_word' id='word_1_722' title='bbox 1478 5305 1674 5386; x_wconf 89' lang='lat' dir='ltr'><strong>haereticos</strong></span> <span class='ocrx_word' id='word_1_723' title='bbox 1694 5309 1834 5380; x_wconf 86' lang='lat' dir='ltr'><strong>furores</strong></span> <span class='ocrx_word' id='word_1_724' title='bbox 1855 5329 1936 5378; x_wconf 88' lang='lat' dir='ltr'><strong>cum</strong></span> <span class='ocrx_word' id='word_1_725' title='bbox 1959 5319 2020 5378; x_wconf 89' lang='lat' dir='ltr'><strong>tna</strong></span> <span class='ocrx_word' id='word_1_726' title='bbox 2052 5324 2138 5376; x_wconf 88' lang='lat' dir='ltr'><strong>voce</strong></span> <span class='ocrx_word' id='word_1_727' title='bbox 2164 5320 2226 5394; x_wconf 84' lang='lat' dir='ltr'><strong>pu·</strong></span> 
     </span>
    </p>
   </div>
   <div class='ocr_carea' id='block_1_9' title="bbox 202 5407 2226 5518">
    <p class='ocr_par' dir='ltr' id='par_1_11' title="bbox 202 5407 2226 5518">
     <span class='ocr_line' id='line_1_51' title="bbox 202 5407 2226 5518; baseline -0 -42"><span class='ocrx_word' id='word_1_728' title='bbox 202 5407 338 5518; x_wconf 78' lang='lat' dir='ltr'><strong>ciperes</strong></span> <span class='ocrx_word' id='word_1_729' title='bbox 356 5433 423 5480; x_wconf 90' lang='lat' dir='ltr'><strong>nos</strong></span> <span class='ocrx_word' id='word_1_730' title='bbox 436 5411 476 5481; x_wconf 92' lang='lat' dir='ltr'><strong>in</strong></span> <span class='ocrx_word' id='word_1_731' title='bbox 490 5411 638 5503; x_wconf 86' lang='lat' dir='ltr'><strong>gratiam</strong></span> <span class='ocrx_word' id='word_1_732' title='bbox 654 5413 832 5506; x_wconf 89' lang='lat' dir='ltr'><strong>placatus,</strong></span> <span class='ocrx_word' id='word_1_733' title='bbox 857 5411 1056 5486; x_wconf 85' lang='lat' dir='ltr'><strong>effunderes</strong></span> <span class='ocrx_word' id='word_1_734' title='bbox 1070 5413 1110 5484; x_wconf 92' lang='lat' dir='ltr'><strong>in</strong></span> <span class='ocrx_word' id='word_1_735' title='bbox 1124 5435 1191 5486; x_wconf 92' lang='lat' dir='ltr'><strong>nos</strong></span> <span class='ocrx_word' id='word_1_736' title='bbox 1241 5425 1402 5506; x_wconf 87' lang='lat' dir='ltr'><strong>guantes.</strong></span> <span class='ocrx_word' id='word_1_737' title='bbox 1454 5411 1511 5486; x_wconf 89' lang='lat' dir='ltr'><strong>Sit</strong></span> <span class='ocrx_word' id='word_1_738' title='bbox 1523 5411 1667 5484; x_wconf 90' lang='lat' dir='ltr'><strong>lucerna</strong></span> <span class='ocrx_word' id='word_1_739' title='bbox 1680 5409 1832 5504; x_wconf 91' lang='lat' dir='ltr'><strong>pedibus</strong></span> <span class='ocrx_word' id='word_1_740' title='bbox 1848 5409 1936 5480; x_wconf 90' lang='lat' dir='ltr'><strong>meis</strong></span> <span class='ocrx_word' id='word_1_741' title='bbox 1951 5407 2101 5480; x_wconf 84' lang='lat' dir='ltr'><strong>verbnm</strong></span> <span class='ocrx_word' id='word_1_742' title='bbox 2121 5417 2226 5484; x_wconf 83' lang='lat' dir='ltr'><strong>tuum,</strong></span> 
     </span>
    </p>
   </div>
   <div class='ocr_carea' id='block_1_10' title="bbox 0 0 2337 5824">
    <p class='ocr_par' dir='ltr' id='par_1_12' title="bbox 0 0 2337 5824">
     <span class='ocr_line' id='line_1_52' title="bbox 0 0 2337 5824; baseline 0 0"><span class='ocrx_word' id='word_1_743' title='bbox 0 0 2337 5824; x_wconf 95' lang='lat' dir='ltr'><strong> </strong></span> 
     </span>
    </p>
   </div>
  </div>
 </body>
</html>
