4614 5820
213 239 293 320 aaa
791 229 952 314 nitet.
992 231 1065 311 nu
1096 221 1296 312 PAULO
1328 231 1665 315 APOSTOLO.
2166 251 2231 328 aaa

219 414 327 484 docet
343 403 582 480 inchoandam
604 401 948 491 esseobedientiam‚
974 419 1015 479 et
1029 408 1210 501 quomodo
1258 419 1353 478 reete
1375 419 1410 478 ct
1428 407 1578 482 fideliter
1590 412 1783 486 enarrabit.
1834 411 1954 489 Huius
1977 418 2069 488 enim
2087 421 2234 493 doctrina
2298 401 2299 472 ἒ

221 515 376 606 placeat,
400 519 571 580 monstrat
585 519 714 576 certam
728 519 763 576 et
778 506 915 576 lirmam
930 507 1210 578 consolationem
1259 511 1383 578 lumen
1398 523 1470 591 est,
1495 521 1535 582 ut
1558 533 1664 604 snpra
1683 515 1775 602 dixi,
1800 513 2084 610 propheticarum
2108 535 2142 593 et
2160 547 2235 613 apo-

223 614 309 706 piis,
334 633 422 706 quae
444 622 496 680 est
516 603 696 678 inchoatio
712 607 805 677 vitae
819 619 990 679 aeternae.
1040 605 1210 679 Tradun-
1260 609 1465 680 stolicsrnm
1480 612 1702 685 concionum.
1782 669 1785 678 .

224 714 414 785 tuceadem
429 711 468 780 in
481 701 668 800 Prophetis
679 720 717 778 et
731 705 1210 801 caeterorumApostolorum
1362 708 1514 782 Movent
1529 715 1693 805 equidem
1709 727 1909 809 temporum
1926 720 2109 812 periculis,
2134 723 2237 791 etim·
2298 707 2299 774 Ῑ

222 810 374 906 scriptis.
425 808 506 883 Una
525 823 580 879 est
596 809 695 878 enim
719 821 887 900 perpetua
905 832 1008 879 verae
1032 806 1211 880 Ecclesiae
1261 811 1417 902 pendere
1436 814 1651 884 mutationes
1673 839 1883 907 regnorum,
1914 845 2005 914 quae
2028 836 2111 893 sunt
2131 823 2239 892 letales
2298 877 2299 896 a

226 929 306 1002 vos,
329 915 374 983 de
388 911 568 983 beneficiis
582 909 647 979 lrlii
665 907 744 983 Dei.
785 908 855 979 Sed
872 913 1024 981 multum
1041 911 1130 980 lucis
1147 912 1212 980 ad·
1262 933 1396 1002 poenae
1420 913 1588 984 scelerum
1611 910 1869 1004 humanorum,
1895 917 1987 990 nihil
2012 923 2161 992 dubium
2180 937 2239 992 est:

221 1019 281 1089 dit
296 1014 399 1085 Pauli
424 1008 634 1104 disputatio,
668 1009 731 1103 qui
752 1033 833 1082 vere
854 1009 1028 1104 interpres
1048 1025 1099 1082 est
1122 1010 1228 1082 Pro-.
1263 1013 1322 1080 sed
1346 1025 1463 1082 tamen
1488 1016 1641 1086 servabit
1656 1013 1752 1088 Dens
1775 1015 1969 1090 Ecclesiam
1992 1045 2112 1108 snam,
2138 1037 2170 1094 ει
2186 1026 2241 1093 de·

221 1115 423 1212 phetarum.
1262 1112 1383 1181 landet
1400 1113 1517 1206 aliqua
1534 1115 1674 1205 piorum
1691 1121 1889 1190 studiorum
1906 1124 2098 1196 domicilia.
2133 1123 2241 1211 Quare

323 1218 398 1289 Sed
423 1238 446 1284 o
471 1211 723 1304 deplorandam
756 1210 942 1300 caliginem
974 1209 1211 1284 humanarum
1263 1213 1434 1303 tantisper
1455 1217 1539 1284 dum
1564 1211 1649 1286 haec
1668 1215 1787 1289 schola
1806 1223 1987 1292 doctorem
2011 1223 2163 1294 Paulum
2186 1249 2241 1294 au-

141 1343 148 1358 ·
227 1319 413 1391 mentium.
463 1309 541 1384 Etsi
562 1308 628 1380 hae
647 1324 765 1382 tantae
785 1335 840 1380 res
867 1313 950 1384 satis
969 1315 1152 1406 perspicue
1174 1316 1213 1383 in
1263 1313 1357 1397 diet,
1383 1326 1418 1382 et
1437 1310 1523 1384 baec
1545 1317 1662 1386 studia
1684 1321 1851 1390 mediocri
1872 1323 2053 1412 diligentia
2078 1325 2241 1413 regendo·

207 1423 342 1494 ‚Paulo
358 1415 532 1507 expositae
546 1427 640 1496 sunt,
661 1425 779 1482 tamen
795 1424 926 1484 etsunt
940 1427 974 1484 et
987 1417 1131 1485 luerunt
1147 1411 1214 1484 ho·
1264 1437 1344 1481 rum
1367 1437 1508 1484 morum
1529 1417 1692 1502 ornabit,
1723 1415 1816 1490 hanc
1837 1425 1955 1492 sedem
1979 1439 2014 1494 et
2045 1421 2111 1494 bos
2135 1439 2242 1495 coetus

231 1524 344 1594 mines
359 1515 492 1610 alioqui
510 1537 584 1582 non
605 1511 757 1598 indocti,
788 1513 946 1606 quicum
964 1515 1125 1586 viderent
1140 1529 1214 1586 non
1265 1511 1382 1592 Deus,
1410 1528 1451 1586 ut
1472 1539 1595 1608 spero,
1627 1532 1797 1610 proteget
1848 1521 1918 1595 Sed
1947 1526 2053 1595 redeo
2075 1529 2122 1596 ad
2146 1551 2242 1595 cnco-

228 1625 403 1719 qnadrare
423 1611 467 1688 τὸ
492 1608 604 1708 ῥητὸν
628 1613 667 1682 in
680 1607 792 1684 Paulo
810 1615 854 1682 ad
874 1614 1022 1684 rationis
1039 1611 1215 1686 humanae
1267 1613 1391 1686 mium.

232 1724 415 1804 iudicium,
429 1714 618 1788 deiustitia
635 1715 722 1784 etde
736 1713 822 1802 lege,
838 1713 1070 1786 discesserunt
1085 1715 1214 1788 aPauli
1365 1711 1515 1786 Prodest
1537 1717 1700 1809 inprimis
1723 1717 1917 1810 Ecclesiae,
1946 1725 2088 1796 collatio
2116 1739 2158 1796 ut
2179 1725 2244 1794 dixi

231 1827 428 1904 verbis,-et
445 1816 602 1888 confictis
617 1815 828 1907 quibusdam
852 1817 1076 1905 corruptelis,
1099 1829 1215 1888 trans·
1266 1813 1369 1904 Legis
1391 1829 1426 1884 et
1449 1811 1653 1908 Evangelii,
1679 1847 1767 1914 quae
1792 1824 1830 1892 in
1848 1825 1949 1896 Pauli
1970 1828 2112 1918 scriptis
2133 1827 2245 1915 copio-

231 1930 431 1998 formarunt
450 1916 602 1988 Paulum
628 1915 667 1984 in
692 1909 863 1984 humanas
894 1929 928 1987 et
953 1911 1215 2010 philosophicas
1266 1915 1338 1985 sius
1361 1929 1395 1986 et
1414 1915 1607 2003 illustrius,
1633 1945 1738 2011 quam
1761 1925 1848 1994 alibi
1870 1927 2035 2018 explicata
2052 1943 2116 2000 εει.
2167 1926 2245 1996 Ροε-

232 2027 431 2120 opiniones.
1266 2038 1344 2086 sum
1367 2029 1401 2084 ει
1426 2017 1512 2086 alias
1533 2021 1703 2112 quasdam
1729 2026 1891 2103 materias
1915 2029 2062 2108 addere,
2097 2051 2186 2120 quae
2207 2029 2245 2096 ab

243 2186 249 2194 ,
334 2121 446 2217 Atqui
472 2119 630 2211 oportuit
662 2143 727 2188 nos
752 2118 931 2190 auditores
957 2141 996 2188 ac
1024 2119 1215 2211 discipulos
1266 2117 1343 2208 ipso
1362 2117 1501 2209 planius
1524 2132 1737 2206 tractantur,
1759 2125 1947 2195 discrimen
1971 2128 2128 2200 iustitiae
2149 2127 2246 2219 spiri-

232 2253 327 2314 esse,
348 2249 423 2296 non
437 2221 579 2292 criticos
597 2244 659 2290 seu
672 2243 831 2289 censores
842 2219 1034 2311 sapientiae
1046 2223 1215 2306 coelestis,
1266 2231 1323 2287 tus
1336 2241 1375 2288 ac
1385 2218 1565 2310 politicae,
1591 2234 1625 2291 ει
1639 2222 1829 2294 discrimen
1844 2223 2021 2297 Ecclesiae
2036 2243 2069 2298 et
2085 2229 2246 2318 imperio·

235 2355 323 2426 quae
346 2327 377 2396 si
400 2319 493 2393 nibil
516 2345 536 2390 a
557 2315 788 2411 Philosophia
808 2320 983 2404 differret,
1014 2323 1100 2414 quid
1126 2345 1216 2414 opus
1267 2341 1358 2391 rum.
1401 2315 1556 2388 Damnat
1568 2320 1651 2390 item
1668 2325 1850 2418 perspicue
1866 2324 2187 2421 ἐθελοθρησκείας,
2212 2341 2247 2398 ut

232 2445 321 2502 esset
335 2421 621 2510 voceEvangelii,
637 2423 731 2514 quod
749 2420 917 2490 filiusDci
935 2443 975 2488 ex
987 2423 1069 2490 sinu
1082 2422 1216 2492 aeterni
1266 2418 1415 2486 sciamus
1449 2421 1578 2510 quibus
1609 2423 1733 2492 officiis
1766 2424 1896 2498 indicet
1932 2451 1969 2498 se
1995 2427 2091 2498 Deus
2120 2426 2247 2498 honore

231 2531 340 2625 patris
367 2523 537 2618 protulit?
587 2520 627 2592 Si
648 2521 884 2591 existimamus
906 2517 1096 2610 Apostolos
1120 2525 1215 2614 quod
1266 2518 1369 2586 affici.
1418 2515 1541 2590 Munit
1557 2535 1590 2590 et
1607 2546 1726 2614 pacem
1742 2526 1895 2612 civilem,
1919 2543 2023 2600 ornat
2037 2531 2246 2622 amplissima

233 2641 417 2704 senserunt
435 2639 468 2695 et
489 2623 641 2692 voluisse
660 2634 693 2690 et
715 2621 867 2711 potuisse
892 2621 1029 2714 eloqui,
1059 2626 1215 2713 prolecto
1266 2617 1370 2686 laude
1386 2631 1498 2688 totum
1517 2621 1699 2710 politicum
1713 2626 1887 2710 ordinem,
1911 2631 2148 2720 magistratus,
2164 2631 2248 2718 leges

233 2731 399 2807 convenit
414 2751 454 2796 ex
471 2724 626 2814 ipsorum
645 2723 805 2792 oratione
819 2724 939 2791 dextre
953 2723 1088 2790 collatis
1104 2749 1215 2792 mem-
1266 2713 1447 2804 honestas,
1480 2720 1627 2807 iudicia,
1661 2739 1876 2815 contractus,
1908 2733 2094 2815 militiam,
2129 2731 2248 2802 conin-

233 2835 306 2906 bris
321 2851 457 2902 sumere
478 2823 705 2906 sententiam,
729 2833 762 2892 et
778 2835 819 2892 ut
839 2823 926 2892 dicit
938 2819 1107 2893 Basilius:
1131 2819 1216 2904 sanci
1266 2819 1381 2908 gium,
1406 2823 1658 2892 oeconomiam.
1689 2815 1691 2820 ’
2011 2896 2015 2906 „

234 2927 400 3028 σιτάριον
414 2923 482 3002 τὸν
495 2920 606 2995 λίθον
621 2915 854 3016 ἐφαρμόζειν,
876 2923 1216 2994 accommodareLa-
1365 2919 1418 2989 De
1434 2915 1490 2990 his
1509 2925 1614 2993 rebus
1631 2925 1822 2996 sententias
1844 2921 1949 3000 hrains
1971 2931 2128 3003 doctoris
2150 2931 2247 3018 longe

231 3037 350 3128 pidem
366 3032 409 3100 ad
424 3026 592 3116 regulam,
613 3047 687 3094 non
702 3021 875 3115 Regulam
892 3023 935 3092 ad
952 3017 1123 3094 humanas
1138 3026 1215 3118 opi·
1267 3020 1421 3091 antelero
1437 3019 1605 3109 Platonis,
1632 3038 1667 3096 et
1679 3023 1880 3098 Aristotelis
1896 3023 2060 3120 politicis,
2087 3032 2153 3102 etsi
2171 3028 2248 3100 haec

229 3131 562 3210 uioncsinllcctere.
928 3127 930 3132 '
1267 3146 1408 3215 quoque
1431 3125 1606 3215 sapienter
1631 3127 1869 3218 scriptasunt.
1920 3129 1989 3200 Sed
2008 3133 2109 3201 addit
2123 3131 2248 3201 Paulus

331 3229 487 3322 Agamus
509 3241 627 3297 autem
642 3223 717 3296 Deo
740 3223 889 3315 gratias,
914 3230 1009 3320 qnod
1035 3227 1074 3300 in
1093 3225 1216 3299 Eccle-
1265 3223 1452 3292 salutarem
1488 3225 1703 3309 doctrinam,
1735 3242 1883 3298 testatur
1907 3225 1993 3300 hacc
2020 3233 2115 3302 vitae
2141 3231 2247 3301 officia

231 3338 293 3409 siis
323 3331 453 3404 nostris
478 3351 599 3398 tumus
623 3327 770 3416 simplex
798 3340 833 3397 et
856 3351 1018 3415 germana
1045 3331 1217 3400 sententia
1266 3346 1287 3392 a
1303 3323 1384 3392 Deo
1399 3322 1561 3394 ordinata
1576 3348 1659 3410 esse,
1672 3327 1836 3421 ¹ideoque
1848 3329 1897 3398 sic
1911 3330 2004 3401 inter
2018 3355 2054 3400 se
2069 3335 2248 3401 devinctos

231 3442 342 3517 lueet,
368 3437 538 3526 adquam
558 3427 799 3512 retinendam,
826 3427 964 3499 duabus
981 3431 1105 3515 rebus,
1130 3433 1217 3500 ado.
1267 3443 1341 3492 esse
1357 3418 1524 3507 homines
1535 3427 1796 3524 procreatione,
1822 3431 2049 3515 educatione,
2074 3435 2248 3522 guberna-

229 3544 417 3618 lescentes,
442 3553 531 3624 opus
546 3543 616 3614 est,
641 3551 722 3598 vcra
738 3527 849 3598 animi
865 3529 1012 3618 pietate,
1037 3544 1071 3602 et
1087 3531 1217 3601 acerri-
1267 3524 1384 3608 tione,
1408 3527 1666 3612 contractibus,
1691 3528 1789 3599 utin
1815 3524 1870 3598 his
1888 3532 1991 3600 bonis
2013 3533 2120 3602 rebus
2135 3548 2248 3603 osten-

184 3699 187 3708 ,
229 3665 289 3709 mo
304 3635 421 3708 studio
436 3631 595 3702 omnium
610 3631 782 3698 bonarum
798 3627 1075 3720 disciplinarum.
1108 3629 1215 3718 Quod
1266 3627 1391 3694 darnus
1409 3623 1507 3710 aliis,
1538 3642 1693 3695 nostram
1718 3629 1761 3697 de
1787 3626 1862 3700 Deo
1887 3633 2118 3718 sententiam,
2154 3657 2247 3702 exer·

230 3739 362 3810 Paulus
386 3732 556 3828 praecipit
573 3723 785 3812 Timotheo,
809 3741 851 3800 ut
873 3731 1091 3820 depositum,
1117 3733 1217 3799 vide.
1267 3748 1405 3793 ceamus
1428 3725 1687 3796 invocationem
1714 3742 1749 3798 et
1774 3741 1933 3800 mutuam
1956 3733 2246 3804 benevolentiam.

230 3841 330 3933 licet,
352 3831 585 3924 Evangelium
603 3829 713 3920 ipsius
728 3829 809 3897 fidei
824 3831 1127 3915 commendatum,
1152 3857 1215 3900 cu·
1266 3822 1377 3913 Docet
1394 3825 1478 3894 item
1501 3821 1566 3894 hos
1581 3829 1718 3898 labores
1732 3825 1808 3898 Deo
1826 3853 1908 3900 vere
1921 3833 2079 3924 placere,
2105 3847 2141 3904 et
2157 3845 2246 3924 grata

229 3939 358 4010 stodiat
383 3951 417 4008 et
438 3946 594 4004 tueatur:
630 3929 723 3998 idem
746 3923 848 4000 vobis
869 3931 1087 4002 severissime
1112 3955 1215 4022 prae·
1265 3947 1412 3994 munera
1430 3939 1464 3996 et
1480 3927 1646 3996 sacrificia
1663 3951 1746 4002 csse.

146 4049 153 4057 '
226 4041 296 4130 cipi
319 4037 458 4120 statuit,
491 4055 580 4126 qnos
599 4033 641 4099 ad
657 4031 856 4101 societatem
879 4029 1036 4101 ciusdem
1057 4033 1215 4102 muneris
1363 4023 1441 4094 Hae
1473 4025 1577 4096 Pauli
1609 4028 1802 4100 sententiae
1846 4025 1942 4101 haud
1975 4031 2083 4102 dubie
2120 4035 2244 4103 multos

215 4141 386 4230 vocavit,
420 4138 515 4229 quod
549 4127 727 4216 Christus,
760 4127 958 4222 Prophetae
993 4145 1027 4202 et
1051 4129 1213 4226 Apostoli
1265 4149 1387 4215 graves
1407 4127 1520 4210 viros,
1548 4129 1612 4220 qni
1634 4129 1791 4201 sentiunt
1813 4147 1983 4223 quantum
2008 4155 2098 4203 onus
2120 4135 2166 4206 sit
2187 4157 2244 4223 gu·
2298 4161 2299 4184 t

229 4239 534 4311 adfflinlfflfflnl·
1266 4227 1448 4312 bernatio,
1472 4227 1627 4300 retinent
1649 4230 1688 4299 in
1705 4251 1766 4302 sua
1783 4232 1945 4302 statione.
1996 4230 2100 4304 Certe
2116 4235 2155 4303 in
2173 4257 2243 4302 mco
2298 4299 2299 4316 ,

328 4337 383 4412 Ac
405 4359 505 4426 saepe
535 4325 627 4402 mihi
656 4331 824 4420 cogitanti
850 4335 893 4403 de
922 4328 987 4403 hac
1012 4328 1215 4418 Academia,
1265 4328 1403 4412 animo,
1429 4351 1584 4397 amorem
1603 4341 1637 4399 et
1652 4332 1884 4403 reverentiam
1906 4333 2023 4421 legum
2041 4349 2075 4406 et
2091 4335 2243 4405 civilium
2298 4335 2299 4404 Ξ

224 4468 333 4537 qnam
359 4437 485 4510 merito
509 4455 685 4510 amamus,
709 4444 877 4524 tanquam
899 4435 1003 4503 fidam
1026 4432 1214 4517 nutricem,
1265 4427 1462 4498 officiorum
1486 4429 1588 4497 valde
1610 4444 1749 4520 augent.
1808 4430 1860 4501 Ac
1885 4433 1980 4502 scitis
2002 4429 2059 4502 bis
2082 4432 2242 4527 proximis
2298 4485 2299 4526 3

215 4547 378 4614 ⁴alentem
392 4564 459 4612 nos
478 4539 512 4605 εἰ
527 4532 668 4602 εὀεΙεειί
686 4533 866 4614 doctrina,
892 4547 926 4605 et
945 4535 1112 4604 omuibus
1134 4535 1213 4602 aliis
1264 4527 1386 4612 annis,
1421 4529 1607 4620 praecipue
1621 4529 1723 4600 Pauli
1744 4532 1955 4602 testimoniis
1976 4535 2013 4600 in
2031 4529 2099 4605 hoc
2113 4555 2242 4624 genere,

228 4643 385 4720 honestis
406 4638 559 4715 artibus,
585 4633 624 4701 in
646 4647 798 4702 mentem
818 4635 914 4704 venit
938 4633 1147 4716 eiusnavis,¹
1174 4633 1212 4702 in
1263 4631 1431 4698 refutatos
1454 4653 1527 4699 esse
1549 4631 1719 4701 fanaticos
1743 4627 1905 4701 homines
1922 4633 2072 4720 multos,
2096 4637 2158 4730 qui
2176 4635 2241 4726 ple-
2298 4657 2299 4684 l

225 4771 297 4841 qna
319 4743 449 4816 Paulus
472 4732 613 4806 vehitur
634 4757 674 4801 ex
698 4731 824 4802 iudaea
849 4737 893 4803 ad
916 4733 1066 4806 Meliten
1089 4757 1213 4826 usque,
1263 4753 1370 4822 raque
1393 4729 1508 4800 officia
1528 4731 1663 4820 politici
1687 4731 1823 4802 ordinis
1843 4734 2002 4804 furenter
2022 4736 2242 4815 damnabant,

224 4873 314 4942 quae
336 4843 402 4915 etsi
435 4841 529 4910 inter
560 4833 721 4926 scopulos
749 4833 797 4905 ita
824 4833 968 4920 iactata,
1000 4859 1039 4906 ac
1068 4835 1210 4903 saevitia
1262 4843 1302 4899 ut
1319 4831 1403 4898 olim
1419 4830 1551 4900 similes
1568 4829 1763 4902 Marcionis
1778 4847 1811 4904 et
1826 4829 2096 4906 Manichcorum
2113 4837 2241 4907 furores

152 4931 157 4942 ’
223 4957 469 5038 tempestatum
485 4963 525 5006 ac
542 4935 996 5020 fluctibusconcussaerat,
1027 4936 1211 5007 utlacera-
1262 4931 1386 4999 iisdem
1417 4931 1461 5000 de
1488 4929 1614 5013 rebus,
1641 4933 1828 5024 praecipue
1854 4935 2030 5026 suffragiis
2053 4935 2154 5008 Pauli
2182 4959 2240 5026 op·

223 5049 269 5117 tis
293 5073 333 5117 ac
355 5039 594 5114 fatiscentibus
616 5035 746 5120 tabulis
761 5037 941 5107 videretur
961 5035 1032 5107 iarn
1054 5059 1210 5104 mersura
1261 5032 1370 5123 pressi
1387 5045 1481 5115 sunt,
1943 5099 1946 5110 ,

223 5150 442 5237 navigantes,
477 5141 613 5226 integra
644 5150 765 5206 tamen
797 5137 838 5205 in
867 5148 1009 5228 portum
1039 5135 1210 5228 pervenit,
1361 5130 1441 5200 Huc
1455 5130 1597 5216 accedit,
1612 5132 1706 5224 quod
1722 5131 1760 5201 in
1775 5134 1967 5225 praeceptis
1981 5135 2144 5227 politicis,
2159 5159 2239 5230 qua·

220 5249 305 5340 qnia
330 5245 479 5316 Paulum
502 5235 664 5309 vehebat.
723 5233 777 5307 lta
802 5251 836 5306 ει
854 5235 1077 5306 Academiam
1106 5259 1226 5328 spero·
1260 5233 1342 5301 darn
1364 5257 1439 5302 non
1461 5231 1597 5321 vulgari
1619 5235 1806 5324 prudentia
1831 5248 1960 5305 monet·
1977 5239 2239 5326 gubernatorem
2298 5267 2299 5272 ¹

190 5371 421 5416 ,mansuram
452 5363 543 5425 esse,
577 5343 689 5408 donec
716 5335 866 5407 Paulum
892 5333 1015 5422 vebat,
1048 5331 1116 5407 hoc
1142 5351 1205 5422 est,
1261 5357 1333 5402 non
1349 5329 1511 5404 hebetem
1527 5346 1589 5404 aut
1602 5335 1737 5416 rudem,
1751 5337 1796 5406 de
1810 5337 1914 5407 rebus
1930 5359 2001 5440 pon
2019 5337 2165 5424 levibus,
2184 5337 2239 5405 sed
2298 5427 2299 5432 ἵ
