4718 5828
90 214 127 354 ω’
545 267 712 350 unca.
740 266 817 346 uu
849 263 1126 346 uuooauo
1157 249 1601 359 nnoousurrals
2042 271 2094 355 ⁶2

87 469 156 544 quae
174 441 340 516 veteribus
363 439 535 534 docendi,
561 441 793 537 discendique
815 441 906 513 ratio
926 442 1046 528 fuerit,
1095 439 1246 510 lioribns
1271 438 1310 509 iu
1332 438 1480 530 gratiam
1506 439 1653 511 rediere.
1701 433 1775 510 Nec
1795 435 1902 512 video
1921 464 1985 534 ego
2002 465 2089 516 con·

89 545 347 645 quadisciplinae
361 569 483 616 omnes
501 569 575 616 nou
591 558 730 616 tantum
746 546 958 630 illustratae,
984 545 1044 615 sed
1096 542 1229 612 servari
1251 564 1351 632 posse
1373 541 1544 634 quicquid
1570 542 1660 614 illud
1681 553 1731 612 est
1755 541 1965 632 elegantiae,
1991 547 2088 640 quod
2199 539 2205 555 ‘

88 653 170 724 etiam
182 661 296 719 auctae
310 661 406 722 sunt.
439 645 549 718 Pauci
566 648 715 718 inludis
731 647 897 718 literariis
916 641 1046 718 autho·
1096 639 1165 714 hoc
1186 643 1303 714 seculo
1324 643 1504 730 relloruit,
1530 644 1599 714 uisi
1626 645 1818 714 exercendo
1836 647 1928 740 stylo
1945 670 2088 720 carmen

88 777 142 838 res,
162 752 213 820 sed
233 745 271 820 hi
293 749 420 842 optimi
442 751 753 844 proponebantur,
776 773 865 843 quos
885 749 1045 819 imitare·
1095 747 1268 816 iuventus¹
1284 745 1483 819 meditetur.
1545 745 1664 818 Sensit
1687 759 1721 816 et
1745 745 1798 816 M.
1815 743 1939 818 Cicero
1962 749 2088 821 facun-

87 871 131 927 tur
157 855 319 928 iuventus.
377 849 425 923 Et
454 853 753 946 quemadmodum
777 852 821 920 de
849 875 888 920 re
915 851 1044 922 rustica
1095 849 1191 920 diam
1215 848 1374 918 versibus
1398 847 1595 918 scribendis
1613 847 1679 932 ali,
1710 871 1857 942 eamque
1877 851 1924 920 ob
1947 875 2088 922 causam

88 955 276 1050 praeceptum
299 967 371 1040 est,
402 978 448 1022 ne
470 954 585 1024 maior
607 955 742 1022 fundus
763 953 827 1038 sit,
858 977 965 1047 quam
982 953 1043 1046 qui
1096 963 1130 1022 et
1146 973 1246 1042 saepe
1261 949 1437 1042 scripsisse
1451 973 1607 1034 carmen,
1632 941 1672 1019 et'
1682 947 1868 1022 Poetarum
1887 954 2087 1042 perstudio-

88 1059 138 1128 roli
148 1057 246 1151 probe
262 1057 394 1149 possit,
416 1055 466 1127 ait
479 1056 573 1126 enim
591 1053 788 1145 Vergilius:
1095 1053 1174 1124 sum
1191 1053 1298 1122 fuisse
1313 1065 1459 1122 constat.
1508 1049 1608 1122 Vidit
1626 1052 1811 1142 posteritas
1830 1053 1995 1148 pleraque
2010 1055 2085 1126 eius

1096 1154 1364 1245 epigrammata,
1397 1167 1586 1247 extantque
1610 1148 1719 1222 hodie
1743 1155 1813 1224 loci
1836 1155 1972 1250 aliquot
2001 1156 2087 1228 illu·

1096 1256 1219 1326 striom
1240 1253 1428 1328 Poetarum
1443 1258 1487 1326 ab
1511 1257 1588 1346 ipso
1605 1250 1724 1326 latinis
1747 1251 1906 1328 versibus
1924 1257 2086 1346 loculen-

1096 1358 1226 1429 tissime
1264 1357 1422 1448 expositi.
1490 1355 1628 1426 Plinius
1662 1351 1797 1428 Orator
1835 1359 1938 1430 editis
1979 1361 2085 1430 etiam

86 1463 193 1536 Sirilli
217 1485 295 1532 cum
320 1459 483 1532 viderent
505 1481 570 1528 uec
599 1459 770 1550 perdisci,
806 1483 871 1527 nee
893 1457 1043 1551 exprimi
1096 1457 1265 1553 poematis
1289 1471 1437 1530 testatur
1460 1453 1529 1528 hoc
1551 1459 1688 1544 studio,
1721 1459 1864 1530 dicendi
1887 1462 1958 1530 vim
1983 1463 2086 1534 adiu·

84 1589 162 1656 posse
173 1564 296 1633 multos
312 1561 503 1645 foeliciter,
528 1561 703 1654 turbaque
726 1561 938 1650 scriptorum
956 1586 1043 1632 con·
1097 1561 1182 1632 vari.
1221 1559 1376 1630 Proinde
1391 1559 1454 1654 qui
1470 1560 1638 1630 discendo
1652 1561 1764 1631 bonas
1782 1556 1887 1633 horas
1904 1564 1994 1634 bene
2011 1563 2086 1634 col-

84 1667 164 1738 fundi
178 1665 301 1758 potius,
325 1688 431 1758 quam
445 1663 578 1732 erudiri
593 1662 763 1732 iuvenilia
781 1663 934 1751 ingenia,
955 1687 1041 1754 pau·
1095 1663 1211 1734 locare
1227 1661 1367 1748 volent,
1386 1675 1545 1732 veterum
1566 1663 1765 1758 exeurplum
1784 1663 1986 1750 imitentur,
2012 1683 2085 1761 sty-

83 1770 171 1839 riores
183 1765 429 1850 admittebant,
456 1762 625 1858 quossihi
649 1765 796 1835 studiosi
815 1787 920 1858 quam
939 1765 1043 1834 iami—
1094 1766 1219 1860 loque,
1251 1779 1292 1836 ut
1318 1762 1566 1854 Quintilianus
1593 1763 1660 1850 ait,
1692 1765 1788 1834 fideli
1817 1779 1850 1836 et
1881 1767 2084 1838 facundiam

83 1869 257 1940 liarissimos
272 1869 438 1942 facerent.
489 1863 762 1938 Declamabatur
780 1867 862 1935 item
880 1867 1042 1956 adsiduo,
1094 1881 1236 1958 parent,
1270 1881 1304 1940 et
1326 1865 1497 1936 iudicium
1527 1879 1666 1941 acuant.
1725 1861 1962 1940 Vehementer
1989 1869 2086 1940 euim

83 1973 250 2042 scribebant
265 1969 327 2040 alii
345 1989 485 2048 versus,
513 1967 574 2036 alii
589 1969 740 2038 solutam
756 1968 964 2042 orationem.
994 1964 1043 2037 Et
1094 1969 1286 2054 falluntur,
1310 1967 1441 2061 siquid
1459 1967 1534 2036 siue
1551 1963 1616 2038 hac
1632 1967 1879 2040 exercitatione
1899 1985 2085 2062 promotu·

83 2075 242 2166 quiainter
261 2095 301 2140 se
324 2069 572 2140 benedicendi
595 2071 712 2168 studio
735 2071 933 2155 certabant,
959 2094 1041 2138 cura
1095 2093 1152 2141 ros
1170 2095 1206 2140 se
1223 2071 1262 2138 iu
1279 2069 1391 2142 literis
1414 2082 1565 2164 sperant.
1620 2067 1721 2148 Mare
1734 2070 1846 2142 sitem
1864 2073 1967 2146 citius
1984 2073 2085 2158 ierat,

82 2175 311 2267 solicitudoque
340 2171 513 2242 iudicium
542 2171 699 2244 acuebat.
760 2169 842 2260 Quo
867 2171 1042 2254 instituto,
1095 2197 1200 2266 quarn
1216 2171 1474 2257 eruditionem,
1496 2184 1558 2242 aut
1574 2172 1715 2242 dicendi
1738 2171 1938 2242 facultatem
1961 2197 2085 2244 conse-

82 2300 144 2346 cum
157 2277 289 2347 nullum
304 2273 496 2346 iucundius
509 2285 581 2342 erat
598 2273 846 2362 spectaculum,
860 2285 935 2343 tum
948 2268 1043 2342 nihil
1095 2287 1224 2367 quatur
1237 2274 1279 2358 is,
1304 2272 1367 2368 qui
1384 2285 1551 2366 tauquam
1567 2271 1806 2364 Mandragora
1822 2276 1968 2366 sopitus,
1988 2299 2086 2346 nun·

81 2378 218 2468 privatim
232 2389 295 2448 aut
316 2375 456 2467 publice
472 2374 597 2444 utilius
612 2375 688 2442 lieri
713 2375 841 2465 potuit.
893 2373 984 2444 Nam
1002 2399 1043 2444 ex
1095 2399 1200 2469 quam
1218 2375 1400 2448 incalescit
1412 2387 1453 2444 ut
1467 2375 1646 2464 ingenium
1665 2378 1937 2446 commentando
1961 2402 2084 2472 exper-

82 2473 254 2548 huiusmodi
280 2477 378 2549 ludis
402 2476 567 2567 prodiere
590 2475 775 2546 clarissimi
800 2477 1042 2567 superioribus
1094 2478 1250 2568 gelaciat.
1300 2473 1459 2570 Exposui
1473 2500 1560 2572 quae
1576 2501 1631 2545 me
1646 2477 1802 2548 rationes
1819 2479 1860 2548 ad
1880 2479 2008 2549 artium
2026 2479 2084 2548 di-

81 2576 375 2670 seeulishomines‚
402 2578 533 2650 Graeci
550 2601 590 2648 ac
602 2575 736 2662 Latini,
760 2577 921 2672 plerique
936 2579 1041 2648 etiam
1094 2579 1197 2650 cendi
1214 2579 1369 2650 studium
1383 2578 1556 2664 invitent,
1581 2603 1726 2672 nempe,
1752 2581 1847 2672 quod
1866 2593 1900 2650 et
1916 2593 2008 2650 certa
2027 2579 2085 2650 di·
2112 2659 2116 2676 .

81 2677 259 2754 Christiani:
290 2681 424 2774 quossi
442 2678 574 2749 imitari
591 2681 774 2750 studerent
790 2681 922 2764 nostri,
948 2680 1042 2750 hone
1094 2681 1198 2751 cendi
1223 2681 1314 2752 ratio
1336 2680 1556 2750 observanda
1579 2681 1645 2767 sit,
1672 2693 1706 2751 et
1728 2675 1856 2751 harum
1874 2683 2004 2757 artium
2017 2706 2086 2754 nso

78 2779 170 2868 Deus,
198 2796 330 2876 quanto
361 2803 417 2852 res
444 2776 620 2852 humanae
648 2781 758 2871 magis
787 2781 975 2863 florerent,
1009 2797 1042 2852 et
1093 2783 1261 2854 studiosis
1275 2778 1443 2853 nonnihil
1458 2781 1581 2852 iudicii
1598 2784 1748 2852 accedat.
1782 2781 1882 2872 Quae
1900 2783 2021 2878 siquis
2038 2785 2083 2854 ad

79 2906 173 2955 sacrae
190 2887 312 2956 literae
333 2883 495 2954 foelicius
524 2897 769 2955 tractarentur.
823 2883 935 2953 Porro
961 2909 1040 2954 cum
1093 2909 1130 2954 se
1150 2882 1240 2954 nihil
1266 2885 1443 2976 pertinere
1465 2883 1589 2969 sentit,
1620 2883 1651 2954 is
1671 2879 1768 2954 haud
1790 2885 1898 2956 dubie
1917 2886 1962 2956 ab
1983 2884 2084 2956 omni

79 2999 185 3056 veteres
205 3001 346 3058 tautum
364 3009 491 3078 operae
521 2985 559 3054 in
581 2988 775 3056 exercendo
800 2987 890 3080 stylo
914 3008 1043 3076 posue·
1093 2982 1314 3058 humanitate
1337 2987 1541 3076 longissime
1565 2987 1675 3059 abest.
1725 2983 1859 3056 Contra
1880 2987 1987 3072 boni,
2020 2986 2084 3057 ubi

309 1211 449 1278 Laudato
464 1217 597 1298 ingentia
611 1235 692 1293 rura,

163 1315 311 1400 Exiguum
326 1321 430 1383 colito.

80 3087 151 3170 rint,
174 3113 248 3160 cum
264 3087 528 3172 nec'eruditio,
552 3111 617 3157 nee
639 3088 839 3181 eloquentia
854 3087 1042 3158 mediocris
1093 3091 1362 3159 commodorum
1386 3089 1478 3172 vim,
1517 3111 1606 3181 quae
1636 3089 1680 3158 ed
1709 3112 1776 3157 nos
1799 3113 1818 3158 a
1842 3112 2003 3162 sermone
2026 3113 2084 3160 re·
2206 3165 2210 3177 Ι

80 3189 145 3258 citra
159 3185 220 3261 hoc
234 3191 394 3264 studium
413 3189 531 3282 parari
549 3202 669 3283 queat,
695 3213 775 3260 curn
797 3188 947 3279 intelligi
966 3213 1040 3258 non
1093 3193 1221 3275 deunt,
1259 3189 1487 3282 contemplati
1510 3189 1662 3276 fuerint,
1696 3189 2082 3288 animadverteriutque

79 3291 198 3379 possint,
220 3306 313 3387 quae
331 3294 376 3362 ab
393 3292 473 3361 aliis
489 3295 682 3383 prudenter
696 3292 824 3383 scripta
843 3304 944 3376 scrut,
971 3292 1040 3360 uisi
1092 3308 1125 3364 et
1150 3307 1241 3362 certa
1261 3294 1398 3362 ratione
1422 3293 1562 3362 dicendi
1586 3312 1676 3382 opus
1699 3315 1790 3377 esse,
1816 3287 1922 3363 ethis
1945 3287 2081 3377 artibus
2194 3281 2199 3302 '
2232 3335 2240 3364 c

80 3390 132 3482 ipsi
154 3396 227 3488 styli
256 3417 327 3466 usu
356 3394 500 3484 ingenia
528 3393 734 3464 excitemus:
776 3392 881 3463 sinite
912 3415 1039 3486 quaeso
1092 3395 1233 3484 ingenia
1257 3395 1406 3465 cultiora
1430 3393 1551 3478 reddi,
1575 3393 1681 3478 velis,
1705 3407 1746 3464 ut
1763 3394 1884 3480 aiunt,
1910 3419 1949 3464 ac
1975 3394 2081 3464 remis

80 3495 193 3564 ambis
211 3495 417 3588 impetrari,
447 3509 487 3566 ut
510 3495 601 3587 stylo
624 3517 883 3586 nonnunquam
908 3508 1040 3565 vestras
1091 3499 1135 3566 ad
1153 3492 1238 3566 haec
1254 3496 1370 3568 studia
1385 3497 1639 3586 properabunt.
1682 3493 1812 3565 Verum
1830 3510 2001 3566 suntnon
2018 3518 2081 3586 pa-

80 3595 150 3664 rires
165 3597 404 3690 experiamini.
455 3593 547 3668 Rem
563 3596 703 3687 postulo
718 3619 792 3664 non
810 3596 956 3686 perinde
970 3596 1041 3666 dit·
1092 3621 1172 3668 rum
1188 3598 1292 3667 multi
1305 3597 1510 3690 praesertim
1528 3591 1596 3665 hoc
1619 3610 1798 3689 tempore,
1823 3598 1885 3690 qui
1903 3599 2080 3668 bonorum

78 3695 189 3784 lirilem,
211 3713 320 3795 atque
332 3699 533 3796 salutarem,
559 3699 786 3792 nequeenim
805 3698 948 3768 aliunde
963 3711 1040 3770 stu·
1092 3708 1232 3770 c'ursum
1250 3713 1446 3779 morantur,
1471 3692 1511 3766 hi
1526 3699 1569 3766 ad
1587 3696 1883 3789 Theologicarum
1896 3699 2080 3769 literarum

79 3797 132 3866 diis
144 3801 259 3872 vestris
276 3801 432 3894 amplior
447 3800 596 3870 accessio
611 3802 682 3870 liet.
732 3797 849 3870 Cudes
868 3815 984 3870 autem
1007 3815 1041 3871 et
1092 3801 1333 3896 tractationem
1352 3814 1482 3888 negant
1498 3799 1639 3870 dicendi
1653 3800 1783 3872 artium
1797 3801 1979 3871 scientiam
1994 3823 2081 3870 cou-

79 3902 241 3974 versiculos
267 3915 307 3973 et
324 3903 475 3974 solutam
498 3901 711 3972 orationem:
739 3901 841 3972 video
860 3902 955 3971 enim
973 3925 1041 3993 pu·
1092 3905 1235 3973 ducere:
1262 3904 1446 3997 coepitque
1463 3897 1521 3972 hic
1540 3926 1656 3988 error,
1682 3927 1744 3973 ceu
1767 3903 1976 3992 contagione
1993 3925 2081 3997 qua-

80 3999 235 4076 tidiuscule
257 4007 397 4090 dicere,
429 4017 603 4097 quotquot
630 4003 792 4095 poeticen
818 4027 892 4072 uon
916 4004 1041 4093 attige·
1092 4007 1172 4073 darn
1201 4005 1269 4074 late
1294 4019 1457 4096 vagatus,
1490 4005 1681 4095 plurimos,
1715 4005 1777 4097 qui
1806 4028 1851 4075 ne
1881 4029 1956 4074 non
1977 4005 2080 4073 valde

79 4117 156 4190 mut,
177 4109 354 4202 planeque
375 4101 477 4176 humi
497 4129 638 4198 repere,
663 4106 931 4176 necverborum
950 4113 1040 4197 pon·
1091 4103 1319 4196 theologicari
1359 4108 1570 4190 videantur,
1607 4100 1834 4196 humaniores
1875 4106 2081 4198 disciplinas

79 4201 143 4290 dus,
163 4225 219 4282 aut
237 4211 353 4280 ullam
376 4207 566 4298 figurarum
584 4209 655 4276 vim
681 4220 813 4278 tenere.
867 4204 941 4276 lam
960 4231 1038 4277 cum
1091 4231 1214 4278 omnes
1229 4221 1473 4280 contemnunt.
1525 4203 1601 4296 Ego
1617 4231 1702 4276 vero
1723 4208 1815 4280 serio
1836 4207 1918 4278 illos
1939 4203 2080 4279 theolo-

78 4326 190 4395 esperas
203 4312 499 4403 confragosasque
514 4309 785 4401 compositiones
798 4309 911 4381 multo
927 4309 972 4378 sit
986 4309 1041 4380 sass
1091 4310 1200 4401 gicari
1222 4309 1394 4402 optarim,
1428 4333 1538 4403 eaque
1560 4301 1755 4400 praestare,
1789 4334 1879 4405 quae
1905 4305 2080 4380 Christia-

79 4405 263 4482 cilimnmiu
278 4412 440 4483 versibus
455 4407 729 4504 deprehendere,
754 4411 804 4496 fit,
829 4425 870 4482 ut
886 4413 946 4505 qui
963 4421 1039 4482 cai·
1091 4437 1174 4482 nam
1202 4425 1356 4482 mentem
1381 4414 1516 4483 decent.
1573 4409 1679 4482 Nunc
1708 4411 1811 4496 video
1836 4407 2079 4503 ¹theologicum

79 4529 141 4578 tom
153 4517 323 4600 condunt,
344 4515 389 4585 de
403 4513 538 4584 solutae
550 4514 723 4584 orationis
735 4513 895 4582 numeris
911 4514 1039 4584 rectius
1091 4537 1222 4585 nomen
1244 4514 1406 4606 ignaviae
1429 4527 1565 4584 tantum
1591 4514 1763 4604 praetexi,
1789 4527 1962 4584 caeterum
1986 4509 2079 4583 nihi-l

79 4605 220 4691 iudicent.
270 4613 321 4688 Et
355 4612 450 4687 haud
484 4615 556 4686 scio
590 4639 636 4686 an
658 4607 707 4685 ¹de
731 4615 844 4686 literis
873 4616 1040 4686 omuibus
1091 4617 1210 4686 miuus
1231 4641 1325 4703 esse,
1357 4640 1463 4711 quam
1483 4617 1580 4709 quod
1604 4615 1823 4706 profitentur.
1875 4613 1966 4686 Nam
1992 4617 2078 4686 dum
2147 4689 2149 4696 ,

79 4719 244 4804 arausic,
272 4718 336 4790 ubi
354 4718 490 4810 poetice
501 4717 654 4788 fastidiri
670 4717 836 4809 coeperit.
871 4715 931 4788 Fit
944 4720 1040 4787 enim
1091 4719 1186 4811 piget
1198 4718 1405 4809 elegantiam
1420 4718 1563 4801 discere,
1590 4740 1694 4810 seque
1709 4717 1916 4788 difficilimis
1931 4717 2081 4808 scripto-

78 4825 253 4891 utoruatus
268 4821 507 4913 splendorque
523 4821 714 4891 verborum
736 4819 838 4889 nollo
860 4819 899 4890 in
923 4821 1039 4913 precio
1091 4823 1190 4892 ribus
1219 4820 1443 4902 evolvendis,
1477 4821 1741 4913 exercendoque
1770 4821 1861 4914 st'ylo
1892 4841 2081 4904 macerare,

79 4913 125 4996 ‘lh
151 4923 288 4992 minore
312 4923 611 5008 conscribatur,
644 4921 851 4993 oscitantius
880 4923 1042 5012 legantur
1092 4923 1323 5018 nequeenim
1345 4923 1499 4992 ullarum
1523 4921 1706 4994 literarum
1728 4923 1882 5012 cognitio
1905 4923 1981 4990 sine
2004 4915 2080 4993 acri

78 5021 189 5108 omnis,
230 5047 351 5096 rerum
386 5025 679 5118 inquirendarum
714 5024 869 5095 studium
902 5012 1038 5114 frigeat.
1089 5027 1207 5096 studio
1223 5025 1413 5116 contingit,
1438 5023 1470 5094 si
1490 5023 1632 5118 quaudo
1655 5025 1800 5093 domum
1820 5026 1910 5094 bene
1931 5023 2005 5115 poti
2024 5047 2081 5094 re-

78 5111 170 5204 Quare
191 5141 225 5196 et
246 5124 425 5199 Romanis
449 5127 668 5220 temporibus
696 5125 853 5218 poeticae
880 5139 1040 5196 contem·
1090 5127 1198 5211 diere,
1223 5127 1492 5200 conciunculam
1508 5125 1663 5220 aliquam
1680 5126 1814 5216 legunt,
1837 5125 1922 5195 inde
1938 5125 2001 5197 ubi
2018 5127 2081 5196 de-

76 5231 154 5305 pturo
169 5228 391 5300 incredibilis
415 5229 552 5300 inscitia
576 5253 695 5300 rernm
717 5227 895 5314 omnium,
921 5227 1040 5298 infan-
1090 5229 1302 5320 cerpseriut,
1325 5253 1414 5323 quae
1430 5229 1471 5298 ad
1490 5221 1710 5298 stomachum
1726 5226 1871 5314 iaciunt,
1895 5227 2024 5318 passim
2042 5227 2082 5296 in

78 5315 378 5416 timesccutaest.
429 5327 478 5404 Εἰ
492 5355 607 5424 nuper
627 5333 715 5402 adeo
733 5355 813 5402 cum
834 5331 948 5401 nostri
972 5326 1041 5400 ho-
1090 5331 1282 5417 conviviis,
1323 5355 1406 5400 nam
1437 5329 1488 5400 ibi
1518 5328 1740 5421 potissimum
1768 5329 1930 5422 sapiunt,
1963 5328 2081 5401 decla-

77 5423 165 5500 mines
175 5433 368 5506 versiculos
383 5435 497 5510 lacere
511 5434 719 5528 coepissent,
742 5457 823 5504 cum
837 5433 951 5505 literis
965 5457 1040 5504 me·
1090 5448 1203 5506 mant:
1225 5448 1259 5505 et
1273 5433 1354 5528 quia
1372 5433 1498 5524 vulgus
1511 5431 1707 5524 adplaudit,
1732 5429 1802 5500 iarn
1819 5454 1903 5502 vero
1918 5431 1987 5503 sibi
2001 5431 2080 5502 tan-'

200 5547 210 5556 ”
1087 5553 1108 5585 Ι
