4646 5824
209 272 286 350 stt
718 253 878 328 oneo
913 253 986 328 ou
1021 251 1223 329 orceo:
1272 255 1457 332 rurus
1486 206 1641 336 n'sro
1668 277 1751 332 mc.
2172 265 2237 338 aa

212 444 416 545 gistrstibus
431 440 470 510 in
487 432 690 529 provincias
707 429 804 502 misit
819 429 906 500 tales
920 427 1125 504 amantiss.
1161 423 1213 500 Et
1261 427 1331 502 Det
1363 425 1591 522 pmphm
1620 441 1656 502 εἰ
1686 431 1867 522 popm,
1906 445 1942 504 a
1960 431 2065 526 quui
2085 433 2240 526 “ptum

214 552 372 644 Agrippa
386 539 541 631 Augusti
559 535 695 606 amicus
712 531 804 602 dixit
819 531 1017 624 plurimum
1038 530 1108 602 sibi
1127 553 1211 621 pro-
1261 531 1379 606 Deuur
1394 557 1438 602 ex
1453 527 1522 604 hoc
1537 557 1602 604 suo
1617 532 1825 620 domicilio,
1849 555 2020 626 magnum
2034 535 2146 607 actm
2158 550 2214 610 „t

213 657 322 730 fuisse
338 645 430 719 hanc
443 664 596 730 ¹vocem,
631 639 675 707 ad
702 635 861 704 studium
887 635 1039 704 tuendae
1063 657 1211 704 concor·
1364 633 1503 708 Deinde
1518 637 1668 722 virtutes
1680 635 1808 706 ordine
1823 649 1982 708 mceuset
1993 636 2142 718 Paulus,
2165 663 2240 731 qnae

215 759 294 832 diae
310 775 390 824 cum
399 742 577 836 Augusto:
601 737 803 811 Concordia
820 759 948 828 parvae
964 759 1020 806 res
1037 749 1212 820 crescunt,
1262 738 1339 808 vult
1353 738 1394 807 iu
1410 738 1612 829 pastoribus
1628 738 1746 808 lucere
1761 751 1797 812 et
1812 739 1983 831 conspici.
2022 735 2176 810 Orditur
2187 765 2240 810 au-

218 853 397 933 discordia
413 847 584 918 maximae
602 842 822 913 dilabuntur.
1263 855 1334 912 tem
1367 863 1387 909 a
1418 864 1502 910 cura
1527 841 1681 912 tuendae
1702 840 1868 932 puritatis
1894 842 1934 911 in
1956 843 2135 913 demaine:
2171 843 2240 936 quia

319 953 369 1028 Et
386 951 521 1022 Paulus
536 949 577 1016 in
591 940 659 1016 hoc
675 941 776 1014 brevi
792 941 888 1010 dicto
914 939 1118 1010 nousolum
1140 940 1213 1008 vir·
1263 942 1407 1014 cumin
1427 943 1599 1014 omnibus
1624 936 1833 1012 hominibus
1853 944 2006 1034 primam
2028 957 2166 1037 oportet
2181 967 2242 1013 esee

218 1078 310 1140 tutes
325 1078 450 1130 omnes
464 1049 678 1122 necessarias
696 1043 965 1135 complectitur,
989 1044 1049 1112 sed
1073 1041 1214 1132 sapien.
1263 1043 1446 1116 doctrin„
1462 1069 1603 1132 emm,
1630 1058 1707 1116 ,um
1724 1067 1808 1114 wo
1824 1046 1977 1116 maxime
1991 1060 2163 1138 pamm,
2191 1048 2241 1139 qui

220 1165 353 1241 tissime
377 1159 482 1230 etiam
508 1149 697 1243 significat,
726 1171 817 1240 quae
839 1146 911 1214 sint
935 1145 1125 1236 praecipua
1148 1167 1215 1235 gu.
1265 1147 1445 1240 praecipui
1474 1160 1557 1218 ,um
1587 1149 1748 1218 mode,
1777 1147 1979 1234 dominae,
2024 1161 2111 1220 m
2137 1149 2241 1218 omit

219 1263 403 1342 bernatori
419 1255 595 1351 pericula,
620 1265 656 1322 ct
672 1251 803 1344 quibus
825 1247 1018 1318 virtutibus
1038 1261 1214 1318 arrnatnm
1265 1252 1451 1342 proprium
1468 1272 1600 1320 monus
1614 1263 1648 1320 et
1664 1249 1885 1338 intelligant,
1919 1264 1954 1320 et
1971 1251 2125 1322 fideliter
2144 1251 2242 1320 admi-

223 1368 356 1446 esseio
379 1363 423 1433 iis
442 1355 611 1454 periculis
630 1363 801 1448 oporteat.
853 1348 994 1439 Quaeso
1019 1349 1129 1440 igitur
1151 1371 1215 1418 vos
1265 1353 1427 1424 nistrent.
1480 1350 1587 1437 Sitis,
1614 1351 1750 1445 inquit,
1775 1354 1938 1444 exemplo
1953 1353 2119 1424 fidelibus
2133 1353 2243 1422 inscr-

224 1493 369 1553 nmnes‚
394 1479 434 1536 ui
449 1459 542 1532 binc
558 1457 663 1529 Pauli
678 1453 889 1526 Stsslessliam
903 1451 1047 1522 infixam
1062 1451 1215 1544 pectori-
1265 1479 1390 1538 mone,
1414 1455 1450 1522 id
1468 1467 1538 1540 est,
1563 1455 1603 1524 in
1618 1468 1694 1524 toto
1711 1475 1839 1544 genere
1855 1455 2058 1541 doctrinae,
2085 1456 2123 1524 in
2141 1477 2243 1524 rerum

222 1581 291 1650 bus
329 1591 465 1658 semper
497 1561 682 1632 vobiscum
718 1553 990 1638 circumferatis,
1029 1567 1064 1626 et
1094 1557 1217 1624 crebra
1267 1555 1547 1641 diiudicatione,
1579 1570 1614 1628 et
1637 1557 1823 1626 informis
1846 1555 2028 1648 loquendi.
2098 1555 2242 1626 profect„

225 1681 303 1752 eius
326 1667 572 1744 recordatione
597 1686 661 1732 vos
685 1661 730 1730 ad
754 1653 882 1730 harum
906 1657 1080 1728 virtutum
1110 1656 1216 1726 intel·
1267 1684 1325 1730 res
1341 1681 1485 1746 magnas
1507 1671 1542 1728 et
1564 1659 1693 1728 multas
1713 1652 1772 1728 hic
1793 1657 1968 1748 significat
1986 1659 2130 1731 Paulus,
2178 1657 2244 1728 Pri.

225 1785 358 1854 lectum
374 1786 410 1844 et
430 1790 587 1842 amorem
611 1761 821 1834 exuscitetis.
879 1755 928 1830 Et
949 1771 989 1828 ut
1012 1757 1218 1848 navigantes
1267 1785 1366 1832 mum
1388 1773 1481 1830 recte
1506 1753 1708 1850 intelligant
1730 1773 1887 1850 pastores
1907 1761 1975 1852 ipsi
1997 1783 2171 1833 summam
2191 1763 2244 1829 do.

226 1904 329 1974 82090
346 1887 489 1971 Ρῡῐῑΰῐΰ
506 1871 711 1949 intuentur,
737 1865 781 1932 a‘l
802 1883 908 1956 quern
931 1861 1142 1952 applicanda
1168 1873 1218 1930 est
1268 1863 1402 1934 ctrinae
1431 1863 1605 1932 coelestis:
1648 1863 1780 1932 deinde
1806 1864 1859 1932 sic
1880 1864 2123 1934 adsuefaciant
2143 1887 2244 1955 popu·

226 1985 346 2057 navis:
371 1980 423 2049 ita
439 1999 506 2044 nos
518 1994 622 2062 saepe
638 1969 724 2040 tales
741 1963 932 2036 sententias
944 1977 1063 2034 mente
1078 1963 1219 2034 intuca—
1268 1967 1362 2050 lum,
1388 1976 1428 2034 nt
1444 1977 1559 2034 totum
1574 1988 1703 2056 corpus
1717 1965 1901 2035 doctrinae
1915 1965 2103 2059 complecti
2116 1967 2245 2047 discent,
2301 1991 2303 2008 ⁴

227 2111 330 2172 mur,
354 2082 450 2152 ium
470 2097 557 2170 ‘1⁰³⁵
573 2073 646 2143 Vim
662 2069 816 2160 “denda
832 2077 894 2139 ⁸⁵²·
1269 2079 1309 2138 ut
1333 2069 1450 2136 videat
1468 2089 1560 2159 quae
1585 2067 1658 2137 sint
1676 2067 1864 2158 praecipua
1881 2070 2062 2152 membra,
2084 2068 2245 2138 discernat

155 2185 157 2192 ⁴
332 2183 494 2256 Primum
511 2188 629 2248 autem
645 2173 743 2242 iubet
757 2193 823 2248 nos
845 2167 1005 2260 exemplo
1028 2167 1108 2236 aliis
1135 2187 1219 2236 essc.
1271 2169 1500 2239 necessarias
1522 2193 1596 2238 nnn
1620 2168 1844 2253 necessariis,
1879 2192 1954 2238 non
1975 2171 2122 2242 misceat
2141 2169 2246 2262 politi-

90 2337 98 2348 .
231 2293 389 2363 Virtutes
406 2295 546 2354 nostrae
559 2278 604 2347 ad
619 2270 685 2345 bos
703 2273 790 2342 fines
807 2271 993 2364 praecipue
1011 2271 1222 2352 reserantur,
1270 2295 1346 2342 cam
1371 2269 1582 2362 sapientiam
1605 2266 1822 2359 Evangelio,
1861 2284 1979 2342 teneat
2007 2271 2177 2343 formulas
2201 2271 2246 2338 lo

230 2410 272 2468 ut
290 2391 367 2463 Deo
398 2394 595 2478 praestetur
623 2375 825 2448 obedientia
854 2373 991 2456 debita,
1033 2385 1067 2442 et
1092 2385 1133 2444 ut
1158 2370 1222 2442 alii
1271 2374 1403 2466 quendi
1419 2373 1599 2466 proprias,
1631 2374 1720 2444 vitet
1731 2373 1899 2462 ,ambigue
1914 2387 1948 2444 ct
1962 2375 2074 2444 nimis
2089 2372 2246 2465 generali·
2302 2331 2304 2442 i

229 2493 361 2568 nostris
378 2485 546 2576 exemplis
560 2480 760 2550 invitentur
774 2477 819 2546 ad
833 2475 1085 2544 celebrandum
1094 2469 1223 2557 Deum,
1271 2491 1325 2546 ter
1355 2475 1468 2555 dicta,
1508 2497 1645 2544 somma
1670 2473 1853 2564 vigilantia
1877 2475 2055 2548 discernat
2080 2475 2245 2546 coelestem

229 2585 600 2679 utfiliusDeiiuquit:
619 2581 829 2652 Luccatlnx
844 2589 1090 2646 vestracoram
1103 2567 1221 2645 homi·
1271 2577 1470 2648 doctrinam
1494 2571 1785 2668 aPhilosopbia,
1822 2577 1869 2646 ab
1894 2573 2062 2648 humanis
2081 2576 2247 2669 opinioni·

232 2703 359 2782 nibus,
384 2707 426 2764 ut
439 2687 655 2781 glorificetur
673 2695 772 2774 pater
787 2691 903 2750 vester
917 2677 1088 2748 coelestis.
1131 2677 1222 2750 Nota
1272 2681 1357 2764 bus,
1398 2679 1696 2770 asuperstitiosis
1716 2678 1866 2758 ritibus,
1899 2678 2077 2770 intelligat
2103 2701 2190 2773 quae
2212 2677 2247 2746 sit

233 2815 316 2876 snut
331 2795 434 2868 vobis
451 2805 568 2863 vetera
584 2787 689 2866 dicta,
706 2783 855 2854 scilicet:
874 2778 918 2850 In
934 2781 1060 2870 vulgus
1074 2793 1222 2851 manant
1271 2806 1353 2852 vera
1366 2780 1559 2851 invocatio.
2303 2835 2305 2860 ἑ

234 2901 391 2993 exempla
411 2905 615 2986 regentum,
649 2901 699 2958 et:
727 2885 829 2956 Talis
844 2897 897 2954 est
912 2883 1085 2974 populns,
1108 2881 1223 2976 qualis
1373 2881 1455 2954 Nou
1472 2897 1564 2953 serat
1579 2893 1700 2973 pastor
1713 2882 1928 2964 ambitione,
1955 2895 2017 2952 aut
2036 2883 2155 2954 studio
2174 2903 2246 2950 con·
2304 2865 2305 2872 ἵ

234 3006 408 3081 sacerdos.
446 2996 614 3068 usitatum
645 3003 697 3060 est
725 2988 840 3070 enim,
889 2983 1022 3056 imitari
1049 2985 1222 3075 populum
1274 2984 1463 3070 tentionis,
1488 3007 1599 3054 novas
1619 2983 1825 3074 opiniones,
1851 2987 2051 3075 paradoxa,
2085 2981 2246 3078 hyperbo-

166 3122 169 3140 '
233 3131 350 3182 mores
364 3103 662 3194 gubernatorum,
688 3103 723 3160 et
741 3088 880 3158 facilior
901 3099 953 3158 est
973 3086 1125 3156 imitatio
1146 3110 1223 3172 mrt-
1274 3089 1343 3174 las,
1362 3086 1526 3176 ambigue
1543 3085 1648 3164 dicta,
1674 3087 1771 3154 uude
1787 3101 1822 3156 et
1837 3088 2020 3156 doctrinae
2033 3087 2245 3156 confusione,

234 3216 353 3284 lorum
370 3200 623 3291 exemplorum.
676 3191 760 3262 ldeo
775 3187 947 3282 praecipit
961 3185 1095 3259 Paulus
1108 3186 1224 3273 initio,
1274 3205 1309 3262 et
1331 3189 1477 3261 exitiosa
1497 3187 1644 3258 dissidia
1667 3187 1848 3259 oriuntur:
1884 3189 2040 3282 deniqne
2071 3203 2145 3261 tota
2170 3189 2246 3258 ratio

235 3307 392 3387 uthanc
414 3306 526 3396 ipsam
548 3301 596 3370 ob
622 3317 762 3366 causam
784 3291 1028 3382 diligentiores
1052 3291 1163 3360 simus
1184 3292 1225 3360 in
1274 3293 1427 3363 docendi
1451 3291 1498 3361 sit
1517 3313 1620 3369 vera,
1651 3290 1816 3382 propria,
1843 3291 2047 3382 perspicua,
2072 3304 2180 3375 mu,
2201 3291 2248 3358 su,
2305 3277 2306 3316 1

176 3433 180 3444 '
236 3398 736 3507 regendisuostrismoribus,
757 3419 802 3464 ne
818 3395 1005 3464 videamur
1022 3393 1090 3484 ipsi
1107 3393 1224 3462 laxare
1273 3395 1391 3485 gitans
1412 3393 1654 3464 cavillationes
1680 3407 1715 3463 et
1735 3393 1883 3462 nimiam
1907 3393 2161 3476 subtilitatem,
2200 3413 2248 3460 at.

234 3506 596 3600 irenotdistipiiffle,
622 3501 813 3594 quodcum
832 3496 889 3580 iit,
915 3495 978 3564 alii
994 3495 1123 3564 deinde
1145 3496 1224 3586 plus
1272 3499 1494 3568 commodata
1511 3497 1556 3564 ad
1573 3493 1736 3564 alendam
1752 3508 1786 3565 et
1801 3477 2082 3565 confirmandam
2097 3495 2196 3564 tidem
2217 3493 2247 3560 iu

234 3621 304 3694 sibi
327 3611 489 3687 licentiae
512 3618 657 3700 propter
686 3597 845 3691 exempla
866 3598 1144 3688 gubernatorum
1165 3621 1225 3668 su-
1273 3599 1397 3684 bonis,
1423 3611 1458 3668 et
1479 3598 1525 3666 ad
1545 3596 1768 3668 retinendam
1782 3599 2011 3668 concordiam
2036 3599 2077 3666 5„
2101 3597 2247 3667 ,mim

236 3734 351 3794 munt.
403 3713 500 3784 Haec
523 3705 687 3778 scandala
713 3702 869 3772 cavenda
891 3711 992 3780 sunt,
1025 3700 1225 3792 dequibus
1273 3701 1517 3772 multitudine.
1548 3695 1820 3784 Haecutliant,
1845 3721 1986 3768 necesse
2004 3701 2110 3770 estin
2129 3711 2246 3792 pastore

236 3827 371 3897 dictum
388 3829 454 3887 cst:
482 3813 560 3896 Vae
577 3805 730 3887 homini,
746 3827 765 3871 a
782 3827 853 3895 quo
870 3801 1077 3872 scandalum
1095 3802 1222 3872 oritur.
1274 3803 1429 3895 primum
1444 3813 1597 3871 mentem
1614 3800 1746 3869 bonam
1763 3823 1852 3870 esse:
1880 3801 2010 3872 deinde
2031 3825 2150 3872 rerum
2169 3801 2246 3890 ipsa-

337 3914 559 3994 Nominatim
581 3932 665 3978 vero
685 3903 863 3997 praecepit
878 3899 1029 3987 Paulus,
1053 3915 1095 3975 ut
1115 3904 1225 3974 simus
1274 3929 1367 3988 rum,
1393 3925 1481 3998 quas
1499 3905 1626 3974 docere
1639 3903 1756 3983 debet,
1782 3903 2036 3993 cognitionem,
2061 3903 2244 3974 facultatem
2269 3939 2272 3944 -

235 4025 396 4117 exemplo
411 4017 594 4098 fidelibus,
618 4009 715 4104 quod
730 4006 811 4076 ideo
828 4004 940 4089 addit,
964 4019 1004 4076 ut
1020 4005 1225 4094 cogitemus,
1276 4005 1493 4098 explicandi,
1534 4003 1723 4074 consilium
1745 4004 1785 4072 iu
1809 4005 2042 4075 custodienda
2071 4004 2244 4097 propietate

235 4134 361 4224 inqua
380 4114 682 4218 partehominum
700 4110 873 4193 vivamus,
895 4107 1221 4200 etquaeguberm.
1276 4123 1310 4179 et
1329 4107 1553 4198 simplicitate
1577 4106 1779 4192 doctrinae,
1813 4119 1934 4198 pecu„
1959 4130 2083 4176 amans
2101 4105 2245 4200 publicae

233 4234 285 4306 tio
308 4227 413 4302 nobis
436 4218 679 4294 commendata
701 4213 757 4284 sit.
816 4209 935 4282 Multo
958 4211 1121 4299 graviora
1141 4225 1226 4282 snut
1274 4209 1504 4294 concordiae,
1526 4207 1683 4296 fugitans
1699 4208 1978 4279 cavillationum.
2034 4205 2170 4280 Harum
2185 4205 2245 4272 vir-

236 4335 364 4407 delicta
387 4349 529 4409 eorum,
555 4319 618 4414 qui
639 4313 817 4387 Ecclesiae
839 4311 912 4383 Dei
934 4335 1040 4403 prava
1065 4315 1223 4405 exempla
1274 4325 1391 4384 tutum
1407 4331 1616 4381 consensum
1632 4307 1763 4378 Paulus
1777 4310 2045 4402 complectitur,
2068 4334 2148 4384 eum
2163 4309 2244 4376 iubet

237 4445 462 4530 proponunt,
486 4439 520 4496 et
535 4425 573 4491 in
599 4417 703 4490 bonis
722 4418 846 4487 dolore
862 4414 1034 4484 adficiunt
1049 4411 1223 4505 Spiritum
1275 4437 1340 4485 nos
1362 4414 1442 4484 aliis
1464 4411 1623 4504 exemplo
1647 4433 1719 4482 esse
1744 4411 1785 4480 in
1808 4435 1989 4496 sermone,
2020 4437 2124 4506 quas,
2148 4431 2243 4503 quan-

103 4595 107 4606 ’
235 4551 417 4619 ”flemma
459 4543 494 4600 ‘i
518 4521 713 4596 imb0⁶3¹¹⁰⁸
734 4529 986 4608 ⁶⁰¹¹¹¹¹¹¹P⁰1¹ls
1026 4539 1131 4609 quam
1161 4518 1224 4611 qui
1274 4541 1380 4612 quam
1396 4516 1529 4586 multae
1546 4528 1580 4584 et
1596 4513 1758 4584 difficiles
1775 4525 1877 4598 sunt,
1904 4529 2024 4584 tamen
2044 4515 2082 4583 in
2105 4511 2169 4583 hoc
2189 4533 2244 4578 no-

234 4641 321 4714 alibi
341 4639 435 4708 inter
454 4625 582 4721 impios
604 4621 839 4714 delinquunt,
871 4618 934 4712 qui
960 4617 1095 4710 alioqui
1117 4620 1223 4690 etiam
1273 4633 1346 4690 stro
1362 4631 1502 4688 oratore
1516 4638 1589 4694 esse
1605 4627 1757 4708 oportet.

234 4745 312 4818 sine
329 4734 488 4826 exemplo
504 4728 692 4816 indulgent
707 4723 872 4792 omnibus
888 4721 1007 4812 pravis
1020 4719 1225 4811 cupiditati·
1374 4717 1454 4790 Etsi
1475 4731 1594 4789 autem
1620 4719 1776 4788 intanta
1801 4714 2027 4804 ingeniorum
2051 4715 2241 4791 infirmitate,

232 4849 311 4920 bus·
352 4833 619 4931 Cogittigiissrs
644 4825 769 4920 quain
787 4819 1224 4894 stationeDeustecollo-
1273 4836 1325 4894 tot
1349 4821 1522 4892 virtutum
1546 4819 1724 4913 copulatio
1748 4820 1807 4888 vix
1829 4817 2011 4910 possibilis
2030 4831 2098 4900 est,
2142 4831 2239 4888 tamen

233 4946 378 5021 caverit.
427 4938 510 5012 Nou
528 4925 732 5027 prophanae
753 4924 998 5008 multitudini,
1023 4927 1083 4994 sed
1098 4921 1223 4994 Eccle-
1275 4925 1440 4994 voluntas
1457 4923 1551 4994 bona
1566 4922 1605 4990 in
1618 4923 1785 4992 omnibus
1802 4933 1837 4992 et
1852 4919 1956 4990 debet
1973 4943 2046 4990 esse
2062 4935 2094 4991 et
2108 4941 2174 4990 esse
2189 4939 2240 5007 po·

233 5047 381 5122 siaeDei
395 5059 554 5138 praeesse
569 5049 603 5106 te
618 5031 726 5114 scias,
751 5029 790 5097 in
806 5051 877 5122 qua
891 5051 973 5098 vere
986 5029 1115 5098 adsunt
1127 5024 1223 5099 Deus
1273 5039 1366 5098 teste
1398 5025 1583 5112 deindeet
1604 5024 1796 5094 mediocris
1816 5021 2022 5114 diligentia,
2059 5036 2092 5094 et
2110 5021 2239 5092 thetim·

232 5165 396 5224 aeteruus
411 5159 511 5238 pater
522 5133 670 5210 Domini
686 5131 798 5202 nostri
809 5129 890 5200 Iesu
901 5125 1053 5213 Christi,
1080 5144 1114 5200 et
1129 5129 1223 5201 lilius
1272 5127 1403 5222 spectio
1421 5127 1589 5198 omnibus
1603 5125 1784 5218 possibilis
1804 5137 1875 5206 cst,
1906 5137 1946 5192 ut
1969 5137 2079 5212 recte,
2109 5119 2238 5216 proprie.

231 5252 410 5325 Dominus
424 5257 545 5317 noster
556 5239 652 5310 lesus
662 5228 826 5324 Christus
846 5245 881 5301 et
895 5229 1053 5323 Spiritus
1068 5246 1223 5314 sanctus,
1273 5229 1474 5325 perspicue,
1506 5230 1705 5298 verecunde
1729 5231 1867 5311 dicant,
1900 5250 1965 5296 uec
1986 5227 2124 5314 ignavia
2146 5219 2238 5311 negli-

232 5371 267 5426 et
287 5352 428 5443 piorum
445 5343 664 5433 Angelorum
684 5334 841 5426 agmina,
875 5345 910 5402 ct
930 5333 1037 5403 multi
1057 5327 1222 5404 homines
1273 5345 1358 5424 gant
1370 5331 1552 5401 doctrinae
1573 5331 1751 5417 studium,
1774 5354 1841 5400 nec
1857 5329 2052 5400 ambitione
2066 5331 2238 5400 lndantca-

231 5453 391 5548 quisunt
407 5443 626 5516 domicilium
636 5437 791 5532 Spiritus
807 5433 931 5504 sancti.
955 5431 1221 5526 lloctemplnm
1275 5431 1539 5517 villatiouibus,
1581 5446 1617 5504 et
1644 5446 1809 5524 spargant
1835 5431 1971 5502 semina
1993 5431 2234 5504 digeordiffltm,

164 5721 305 5772 Q
