4616 5816
183 375 185 380 ι
212 281 286 358 481

213 459 340 533 civitas
361 460 538 524 evomeret
560 469 640 518 suas
663 440 824 525 delicias,
855 452 890 510 et
912 434 1120 526 sanguinem
1138 434 1207 504 bo-

214 582 362 641 norum,
382 577 472 648 quos
492 547 634 645 tyranni
649 545 779 614 iniuste
794 541 1072 623 trucidaverant3
1099 535 1206 628 paulo

215 677 297 758 post
313 658 448 730 Sibaris
464 656 576 724 deleta
593 642 674 720 est(
707 646 759 717 lta
776 655 941 714 evoment
958 642 1100 712 tandem
1117 635 1207 728 Epi

217 764 336 855 scopi,
361 761 422 852 qui
444 775 540 826 nunc
563 749 799 824 Sibaritarum
821 768 930 814 more·
943 743 1085 821 vivunt,
1111 763 1209 832 rapt-

218 889 282 937 nas
313 877 347 933 et
374 859 581 948 sanguinem
604 854 745 945 piorum
768 848 1013 940 Sacerdogtum.
1076 841 1208 912 Mona-

218 965 306 1040 chus
322 963 465 1058 quidam
483 956 708 1028 inconcione
725 950 885 1043 publica,
910 947 1075 1018 audiente
1092 943 1209 1034 lmpe-

219 1083 337 1142 ratore
356 1063 507 1145 Carolo,
538 1058 644 1136 dixit,
668 1054 785 1126 Deum
805 1051 1063 1134 nonfuturum
1085 1044 1209 1136 propi-

217 1174 335 1249 cium,
358 1166 428 1234 nisi
450 1175 564 1234 totum
589 1158 747 1228 cubitum
772 1155 866 1224 lavet
887 1153 926 1220 in
948 1149 1118 1238 sanguine
1133 1145 1210 1218 Lu-

219 1269 382 1346 therano.
433 1259 668 1336 Perhorresco
678 1258 833 1328 referens
847 1250 937 1324 hauc
948 1275 1070 1334 vocem
1085 1249 1210 1320 auditu

220 1373 411 1447 crudelem.
441 1429 444 1436 .
464 1365 564 1455 Quae
578 1362 672 1430 enirn
687 1360 754 1430 fuit
766 1381 923 1450 unquam
939 1356 1026 1422 adeo
1040 1354 1113 1422 fera
1128 1351 1210 1420 bar·

220 1476 356 1552 berica,
383 1472 420 1538 in
443 1491 512 1562 qua
534 1478 631 1534 tanta
649 1461 869 1542 immanitas,
893 1469 991 1528 tanta
1006 1455 1081 1524 sitis
1097 1451 1211 1522 estitit

222 1578 338 1649 civilis
368 1569 569 1660 sanguinis,
608 1577 739 1658 quanta
766 1575 816 1632 est
845 1561 884 1628 in
907 1559 984 1628 istis
1004 1553 1211 1650 hypocritis,

221 1679 322 1750 nulla
337 1677 380 1745 de
396 1695 517 1753 causa,
543 1668 613 1744 uisi
628 1667 723 1759 quod
739 1687 814 1734 uon
828 1659 1077 1753 applaudimus
1093 1654 1212 1725 omni-

221 1783 290 1853 bus
311 1801 433 1848 eorum
455 1770 708 1862 opinionibus,
746 1787 894 1858 quarum
918 1762 1048 1832 multas
1071 1757 1139 1851 ipsi
1160 1757 1213 1826 sa-

222 1896 344 1956 tentur
373 1899 447 1948 esse
481 1873 607 1963 impias
636 1883 671 1940 et
699 1867 830 1937 erroris
860 1865 1001 1956 plenas,
1035 1873 1070 1930 et
1091 1859 1213 1930 desen-

224 1987 316 2056 dunt
338 2005 393 2052 eas
416 1993 533 2049 tamen
553 1975 706 2066 quadam
729 1967 945 2060 pervicacia,
980 1963 1074 2057 quod
1096 1960 1214 2032 existi-

196 2099 323 2156 *maut
337 2076 539 2152 labefactari
551 2073 789 2160 autoritatem,
813 2068 940 2161 siquid
958 2077 1106 2138 mutent.
1141 2061 1215 2132 Ta-

224 2190 273 2258 lia
296 2185 359 2279 qui
375 2184 516 2263 dicunt,
541 2190 661 2247 utrum
680 2171 856 2244 Ecclesiae
872 2169 1143 2258 gubernatores,
1169 2187 1216 2232 an

224 2289 338 2362 iuriae
361 2299 395 2356 et
415 2282 580 2376 Erynnes
604 2274 828 2370 rectiusdici
850 2270 1002 2340 debent?
1053 2264 1123 2338 Sed
1138 2264 1214 2336 Deo

227 2392 363 2462 dabunt
384 2407 533 2478 poenas,
558 2379 620 2472 qui
636 2377 725 2446 solet
740 2375 941 2464 insignibus
957 2369 1124 2461 exemplis
1141 2392 1216 2436 ma-

225 2493 392 2562 nifestum
414 2482 596 2574 religionis
618 2492 858 2568 contemptum
881 2473 1019 2566 punire.
1078 2469 1216 2540 Interea

226 2618 290 2664 vos
315 2589 574 2662 commilitones
600 2577 788 2663 adhortor,
834 2589 875 2646 ut
902 2573 1027 2646 Lazari
1057 2571 1216 2662 exemplo

226 2696 313 2766 sorti
335 2693 456 2762 animo
479 2697 676 2780 praesentes
696 2701 883 2752 aerumnas
903 2677 1033 2750 seratis.
1089 2669 1218 2744 Aderit

227 2797 333 2867 nobis
354 2792 472 2879 Deus,
506 2809 641 2880 nosque
663 2783 751 2867 alet,
775 2794 816 2851 ut
840 2778 1097 2870 scriptumest:
1125 2773 1217 2844 lacta

230 2921 350 2970 curam
375 2907 472 2964 tuam
495 2889 534 2959 in
554 2888 687 2970 Deum,
720 2897 756 2954 ot
776 2883 852 2974 ipse
874 2893 907 2950 te
930 2879 1095 2952 enutriet.
1145 2874 1219 2946 Nec

229 2997 400 3072 deterreri
421 3017 483 3063 vos
498 3016 517 3061 a
532 2989 635 3060 rectis
650 2985 794 3070 studiis,
812 2983 901 3075 apia
916 2979 1089 3052 sententia
1104 2977 1220 3060 sinite,

229 3102 286 3172 vel
300 3097 454 3188 inopiae,
479 3093 535 3162 vel
549 3091 696 3160 aliarum
714 3107 963 3156 aerumnarum
977 3095 1084 3154 metu.
1125 3077 1220 3167 Qui·

230 3205 312 3274 dam
342 3193 626 3286 languidioribus
651 3187 779 3258 animis
801 3185 970 3278 praediti,
1011 3181 1178 3252 deficiunt
1200 3201 1220 3248 a

230 3301 395 3385 Christo,
419 3312 453 3368 et
475 3296 673 3383 adiungunt
690 3313 726 3360 se
746 3283 909 3358 hostibus
924 3281 1132 3374 Evangelii,
1156 3304 1222 3350 nec.

232 3407 375 3486 vident,
402 3423 508 3494 quam
524 3396 710 3476 miserum,
736 3415 840 3484 quam
856 3395 959 3480 turp'e
975 3388 1030 3470 sit,
1053 3383 1222 3454 assentari

231 3504 407 3603 tyrannis.
458 3497 606 3574 Hesiodi
639 3492 836 3563 versiculus
870 3502 984 3574 extat,
1024 3486 1087 3580 qui
1122 3507 1223 3576 prae-

231 3623 371 3701 ceptum
393 3601 637 3693 gravissimum
662 3595 838 3678 continet,
863 3593 959 3686 quod
983 3613 1085 3680 saepe
1107 3586 1224 3658 incul-

232 3723 314 3781 cant
329 3721 363 3779 et
377 3698 594 3796 Prophetae:

315 3834 395 3919 μηδὲ
417 3835 519 3896 κακῶν
540 3826 650 3909 i'rnpov
669 3820 742 3905 μηδ’
753 3821 887 3925 ‚iudicia
906 3816 1098 3900 νεικεστῆρα.

234 3961 288 4033 Ne
310 3960 371 4028 lias
391 3955 506 4025 socius
529 3949 795 4040 improborum,
825 3967 891 4012 nec
915 3941 1133 4010 conviciator
1158 3933 1226 4007 ho-

234 4074 428 4134 nestorum.
477 4053 547 4123 Hic
570 4047 764 4121 versiculus
788 4047 976 4114 admoneat
996 4065 1075 4125 vos,
1112 4063 1157 4108 ne
1180 4040 1225 4107 ad

236 4165 436 4234 societatem
452 4181 572 4226 eorum
592 4175 652 4222 vos
668 4147 878 4238 adiungatis,
905 4143 967 4239 qui
984 4167 1063 4212 cum
1080 4140 1227 4234 veritate

234 4252 509 4352 belligerantur,
540 4279 580 4324 ac
604 4277 649 4321 ne
672 4249 895 4343 adplaudatis
919 4245 1105 4327 conviciis,
1138 4265 1227 4335 quae

236 4369 407 4438 dicuntur
428 4360 594 4428 adversus
615 4355 709 4444 piam
732 4350 943 4421 doctrinam.
1002 4343 1100 4414 Haec
1123 4358 1228 4434 petu-

237 4467 347 4540 lantia
363 4459 471 4532 habet
486 4459 601 4528 tristes
617 4455 742 4527 exitus.
789 4449 906 4520 Deum
922 4462 1038 4520 autern
1054 4469 1229 4536 rogemus,

238 4583 279 4643 nt
294 4565 441 4639 honesta
457 4574 490 4631 et
504 4560 562 4652 pia
579 4556 694 4628 studia
709 4554 883 4644 gubernet
900 4575 940 4621 ac
954 4562 1105 4623 tueatur.

242 4773 1229 4816 ...---—-—-·—---·----

1064 4947 1114 4990 an.
1132 4925 1228 4988 1539.

1058 5013 1229 5042 m

450 5135 525 5222 De
556 5123 712 5244 officio
744 5123 1027 5238 Principum.

310 5314 417 5370 Prodiit
427 5309 589 5392 separatime
608 5280 678 5374 „De
690 5287 785 5357 officio
798 5297 977 5370 Principum,
996 5297 1072 5372 quod
1084 5297 1136 5353 Dei
1145 5317 1232 5422 ἕως

343 5382 424 5448 cipiet
443 5397 481 5430 ers
495 5376 703 5455 tollerelabusus
722 5367 868 5423 Ecclesiae.
906 5367 993 5424 Viteb.
1004 5365 1077 5422 1589.
1097 5369 1123 5423 8.
1173 5369 1213 5490 pl.

348 5449 419 5516 <Vim
433 5442 553 5500 Strobel.
572 5443 639 5502 bsbl.
654 5439 723 5496 Met.
738 5439 788 5496 Nr.
795 5437 868 5506 218.)
895 5433 1001 5492 Recusa
1015 5444 1055 5491 est
1069 5451 1143 5490 enno
1158 5441 1170 5494 t
1190 5439 1230 5496 il.

765 261 923 351 DECL.
962 257 1040 336 DE
1072 255 1320 338 orrtcto
1352 256 1695 340 Ptttttctrtttu

2167 259 2237 340 tta

1355 427 1396 484 sic
1420 425 1568 548 inscriptae
1596 425 1695 484 Oratio
1714 425 1804 484 hsttta
1821 445 1837 482 3
1854 425 1891 482 D.
1909 425 2123 486 tannzoatto.
2157 428 2239 494 Viteb,

1359 495 1437 550 1541.
1456 499 1482 550 8.
1532 497 1567 566 pl.
1582 525 1618 538 —
1653 493 1690 548 Er
1710 495 1855 564 eremplari
1875 495 1954 550 buius
1973 499 2132 567 posterioris
2146 499 2238 554 editio·

1359 569 1402 620 nis
1414 565 1503 620 bausit
1513 561 1667 620 orationem
1676 563 1820 620 Gerbelius
1832 567 1859 620 in
1869 566 1923 622 set.
1930 563 2011 624 Desl.
2017 565 2050 618 T.
2057 567 2079 621 1.
2089 587 2115 638 p.
2123 568 2239 638 filbsqq.‚

1358 637 1386 688 in
1410 634 1528 689 Ser-rest.
1549 635 1584 690 T.
1598 635 1619 690 l.
1640 653 1668 704 p.
1681 636 1741 688 588.
1764 643 1823 688 ets
1845 634 1882 688 ud
1902 635 2026 690 tttetart.
2047 636 2082 694 T.
2097 637 2129 690 ll.
2147 652 2173 706 p.
2187 641 2241 694 111.

1358 701 1397 758 Es
1408 702 1535 774 Epistolis
1549 701 1709 772 intelligitur
1724 654 1930 758 Melanthonem
1946 701 2055 758 Zochio
2068 703 2138 760 banc
2151 709 2242 762 oratio·

1358 789 1421 824 nem
1443 773 1581 838 scripsisse
1603 772 1630 825 in
1651 773 1746 827 itinere
1770 783 1797 826 et
1814 773 1928 830 misisse.
1963 773 2028 830 vit.
2043 771 2114 848 Epp.
2130 773 2241 830 Votttt.

1359 856 1387 910 p.
1400 841 1461 895 701.
1477 839 1537 896 778.
1547 841 1610 896 808.
1622 839 1684 896 stt.
1697 851 1724 898 et
1737 842 1797 900 924.

1258 1003 1319 1076 De
1353 994 1481 1098 officio
1515 1005 1754 1096 Principum,
1799 1003 1897 1098 qnod
1928 1002 2154 1078 mandatnm
2177 1007 2244 1080 Dei

1256 1107 1471 1198 praecipiat
1498 1109 1554 1176 eis
1587 1109 1719 1178 tollere
1746 1103 1880 1178 abranae
1906 1111 2116 1202 Ecclesiue3
2157 1115 2244 1182 reci·

1258 1215 1344 1278 totu
1369 1229 1393 1277 u
1418 1207 1465 1276 D.
1491 1211 1749 1281 Laurentio
1776 1207 1921 1300 noct,
1947 1215 2114 1284 Doctore
2139 1217 2244 1300 luris,

1385 1311 1438 1379 in'
1456 1311 1688 1401 peroratione
1717 1314 1770 1384 D.
1797 1315 1970 1406 Caepario
1996 1317 2129 1388 Eselii.

1262 1424 1383 1534 Saepe
1399 1443 1438 1510 in
1454 1439 1510 1515 his
1532 1448 1740 1538 spectaculis
1756 1450 1800 1519 de
1821 1450 1938 1540 legum
1958 1450 2152 1542 dignitate,
2176 1473 2245 1540 gra·

1263 1545 1425 1616 vissimae
1442 1549 1620 1620 orationes
1638 1543 1780 1620 habitae
1798 1565 1902 1637 aunt,
1927 1567 1966 1624 ut
1982 1555 2178 1623 reverentia
2194 1551 2245 1620 lu·

1263 1647 1331 1732 ris,
1356 1661 1391 1718 et
1411 1648 1619 1744 disciplinae
1644 1651 1821 1724 inseratur
1836 1653 1965 1724 animis
1984 1653 2193 1738 iuventutis,
2217 1666 2245 1724 et

1263 1749 1416 1819 iniustae
1443 1773 1483 1819 ac
1511 1753 1672 1823 rabiosae
1699 1755 1908 1845 cupiditates
1940 1757 2140 1828 frenentur.
2188 1753 2246 1826 Hit

1264 1847 1585 1938 adhortationibus,
1603 1855 1633 1923 si
1646 1855 1720 1926 ullo
1732 1879 1893 1950 unquam
1906 1871 2064 1949 ternpore
2076 1882 2167 1950 opus
2179 1858 2247 1942 fuit,

1264 1976 1360 2022 nunc
1380 1954 1537 2044 profecto
1556 1955 1596 2024 in
1617 1951 1683 2026 hac
1709 1973 1885 2049 postrema
1906 1973 1947 2029 et
1977 1960 2167 2054 plusquam
2185 1961 2246 2028 fer·

1266 2079 1323 2124 rea
1343 2068 1473 2141 aetate,
1498 2081 1573 2126 non
1590 2059 1698 2128 modo
1716 2083 1802 2130 voce
1825 2074 1861 2130 et
1880 2061 2066 2132 sententiis
2082 2065 2247 2132 bonomm

1265 2171 1300 2226 et
1314 2157 1520 2244 doctorum,
1545 2161 1606 2228 sed
1635 2161 1748 2230 multo
1763 2162 1875 2254 magis
1890 2163 2090 2248 autoritate,
2112 2161 2246 2254 imperio

1267 2271 1301 2328 et
1317 2259 1424 2326 armis
1439 2257 1579 2350 Regum
1597 2274 1631 2330 ct
1644 2259 1850 2355 Principum
1874 2265 1968 2354 leges
1983 2267 2138 2334 tuendae
2154 2279 2187 2334 et
2199 2287 2248 2332 rc-

1266 2361 1431 2434 tinendae
1447 2376 1542 2433 sunt.
1596 2360 1767 2434 Videmus
1791 2366 1886 2434 enirn
1909 2361 2002 2436 hanc
2023 2380 2170 2437 aetatem
2186 2363 2248 2434 ini·

1266 2461 1394 2532 micam
1410 2485 1483 2532 esse
1498 2465 1710 2546 modestiae,
1736 2467 1960 2558 disciplinae,
1982 2469 2132 2560 pudori,
2157 2465 2249 2537 iusti-

1268 2564 1360 2648 ciae,
1391 2563 1576 2654 religioni,
1609 2591 1761 2660 quarum
1784 2591 1903 2639 rerum
1928 2571 2146 2655 custodiam,
2177 2589 2248 2638 cum

1268 2663 1365 2736 Deus
1379 2667 1524 2738 summis
1540 2669 1836 2758 gubernatoribus
1856 2673 2175 2755 commendaverit,
2198 2693 2249 2738 ro·

1268 2767 1403 2856 gandus
1424 2781 1493 2852 est,
1519 2783 1560 2841 ut
1580 2771 1774 2863 aliquando
1795 2771 1919 2842 excitet
1935 2796 1993 2842 eos
2009 2775 2053 2842 ad
2070 2769 2248 2843 cohercen-

1269 2871 1333 2937 dos
1354 2868 1513 2951 lurores,
1547 2887 1581 2944 et
1604 2874 1794 2942 frenandas
1814 2873 1984 2944 libidines
2000 2875 2249 2966 improborum,

1269 2973 1314 3040 ad
1329 2969 1581 3042 restituendam
1596 2988 1629 3044 et
1645 2973 1869 3044 sanciendam
1885 2976 2122 3066 disciplinam,
2145 2979 2187 3046 ad
2201 2997 2249 3042 re·

1270 3074 1434 3142 novanda
1450 3073 1591 3144 virtutis
1611 3075 1745 3160 studia,
1770 3075 1859 3146 sicut
1880 3091 1957 3148 orat
1973 3075 2092 3149 David
2108 3079 2144 3145 in
2160 3075 2249 3146 Psal-

1270 3198 1347 3246 mo:
1382 3169 1522 3265 Exurge
1546 3177 1641 3248 Deus
1658 3177 1701 3246 ad
1723 3179 1891 3248 tuendam
1910 3178 2045 3267 legem,
2070 3203 2174 3272 quam
2196 3179 2249 3245 de-

1272 3275 1368 3347 disti.
1393 3274 1498 3347 Nunc
1513 3278 1627 3349 iacent
1642 3279 1734 3367 leges
1749 3287 1935 3370 op‘pressae
1951 3281 2099 3350 audacia
2115 3293 2147 3349 et
2161 3291 2249 3370 petu-

1271 3378 1382 3448 lantia
1409 3379 1623 3463 multorum,
1654 3393 1696 3449 ut
1711 3379 1787 3450 sine
1803 3381 1925 3450 divina
1939 3405 2023 3472 ope,
2054 3397 2091 3454 et
2107 3403 2249 3452 summo-

1272 3505 1352 3550 rum
1374 3477 1514 3570 Regum
1538 3482 1742 3567 autoritate,
1775 3497 1989 3556 nostra·vox
2017 3507 2143 3575 pamm
2174 3503 2249 3573 pro·

1273 3584 1374 3652 licere
1392 3583 1531 3673 possit*

1377 3682 1461 3754 ldeo
1476 3685 1546 3754 iam
1563 3687 1735 3779 quaedam
1751 3687 1796 3758 de
1809 3685 1949 3778 Regum
1970 3687 2087 3758 allicio
2105 3687 2249 3776 disputa-

1274 3785 1410 3870 bimus,
1435 3787 1613 3858 videlicet:
1641 3786 1701 3858 An
1715 3789 1752 3858 in
1768 3803 1866 3860 tanta
1879 3790 2106 3880 religionum,
2133 3790 2249 3876 legunt,

1274 3911 1432 3972 morum,
1466 3900 1501 3956 et
1531 3889 1738 3981 disciplinae
1769 3891 2016 3984 dissipatione,
2047 3889 2249 3962 cessantibus

1276 3988 1527 4072 Pontificibus,
1558 3988 1743 4062 Romanus
1761 3991 1957 4084 Imperator
1970 3993 2154 4086 Synodum
2166 3986 2248 4058 indi·

1276 4115 1363 4174 cere,
1385 4104 1419 4160 et
1433 4091 1566 4162 iudices
1581 4095 1899 4165 controversiarum
1915 4096 2063 4164 idoneos
2079 4095 2198 4183 legere,
2220 4097 2248 4154 el

1277 4217 1335 4275 ea,
1366 4217 1455 4285 quae
1479 4208 1573 4264 recte
1597 4209 1631 4264 et
1652 4196 1709 4286 pie
1736 4197 2013 4280 constituentur,
2042 4196 2149 4266 armis
2169 4185 2247 4262 tueri

1276 4295 1411 4368 debeat.
1461 4294 1563 4366 Hanc
1579 4298 1819 4390 quaestionem
1845 4299 2109 4388 necindigoam
2133 4294 2247 4382 cogita·
2296 4303 2297 4370 t

1278 4397 1374 4466 tione
1410 4399 1647 4486 eruditorum,
1683 4401 1756 4470 imo
1792 4422 2012 4469 summorum
2047 4395 2247 4488 Principum,

1276 4522 1342 4568 nec
1363 4497 1515 4568 alienam
1540 4501 1586 4570 ab
1610 4495 1666 4570 bis
1687 4501 1907 4592 temporibus
1923 4523 1997 4572 esse
2011 4501 2141 4571 iudico.
2186 4491 2246 4564 Nec
2296 4509 2297 4568 t

1277 4599 1434 4691 profecto
1455 4600 1553 4670 aliud
1574 4602 1688 4672 ullum
1719 4617 1771 4674 est
1793 4603 1907 4673 maius
1929 4603 1967 4672 in
1992 4603 2096 4672 terris
2124 4613 2247 4673 munus,
2296 4603 2297 4684 ᾖ

1278 4725 1385 4795 quam
1399 4702 1580 4772 doctrinae
1593 4705 1802 4793 gubernatio
1816 4729 1855 4774 ac
1869 4703 2091 4788 diiudicatio,
2110 4717 2144 4773 et
2157 4693 2247 4770 disci·
2296 4703 2297 4708 ’

1278 4802 1396 4894 plinae
1409 4803 1597 4874 restitutio.
1622 4803 1695 4876 Nec
1709 4807 1897 4900 quisquam
1910 4809 1954 4876 de
1968 4829 2093 4898 genere
2107 4801 2245 4873 humano

1278 4904 1405 4973 melius
1422 4919 1456 4976 et
1470 4906 1656 4995 gloriosius
1671 4909 1798 4976 mereri
1817 4923 1948 4999 potest,
1972 4929 2077 5002 quam
2094 4907 2124 4978 si
2139 4901 2246 4972 liberet
2296 4899 2297 4974 Ῐ

1257 5021 1258 5024 ’
1277 4999 1472 5078 Ecclesiam
1488 5008 1679 5089 erroribus,
1692 5023 1791 5080 sanet
1804 5011 2020 5100 ambigentes
2035 5009 2176 5086 animos,
2191 4995 2246 5068 ht-

1278 5107 1387 5178 nestis
1410 5123 1443 5180 et
1465 5109 1595 5180 sanctis
1621 5111 1759 5199 legibus
1785 5135 1838 5184 ac.
1856 5113 2015 5182 moribus
2038 5097 2245 5180 consuetudi-

1281 5233 1362 5277 nem
1380 5213 1471 5282 vitae
1490 5225 1603 5285 ornet.
1653 5209 1782 5282 Nullae
1805 5212 1973 5284 victoriae
1993 5210 2244 5282 clarissimorum

1280 5305 1446 5394 Ducum,
1466 5314 1556 5383 nulli
1579 5309 1753 5406 triumphi
1774 5315 1854 5407 plus
1869 5339 1972 5386 verae
1988 5313 2103 5384 laudis
2124 5305 2245 5380 babent

1281 5435 1389 5504 quam
1413 5415 1575 5486 salutaris
1600 5416 1802 5488 emendatio
1825 5418 2030 5508 dogmatum
2051 5437 2092 5488 ac
2113 5423 2246 5484 morum·
