4616 5816
69 231 129 314 aa
261 291 262 294 γ
380 217 539 298 onor.
589 213 668 296 oe
699 203 1034 292 arremaro
1069 191 1357 277 stanton:
1384 188 1723 291 eaoooenr.
1996 195 2074 276 seo

67 427 123 478 non
151 397 408 488 mmmm,
449 393 522 464 „igi
556 389 706 462 consilia
745 412 788 459 aa
824 379 1027 457 vo'lun'tates
1079 370 1163 445 mia.
1213 369 1290 442 Nee
1310 371 1429 442 minor
1449 387 1500 442 est
1519 361 1603 442 cura
1627 359 1824 466 perspicere
1840 372 1929 468 quid
1945 376 2076 462 deceat,

68 529 164 580 comm
182 503 226 574 im
246 497 528 582 consideremus,
562 493 664 588 quasi
687 515 759 562 un,
784 513 864 560 cum
883 481 1027 556 imni.
1080 475 1169 570 quid
1206 475 1294 550 locis
1323 499 1364 544 ac
1396 476 1618 566 temporibus
1649 473 1832 566 congruat.
1892 474 2075 548 Postremo

67 621 178 692 ventes,
200 603 322 673 iisdem
341 599 548 672 ingemimus
563 591 881 668 deliberationibug
902 614 944 660 ἃς
964 611 1027 656 ne.
1079 575 1290 668 compositio
1311 591 1346 648 et
1367 601 1450 646 cura
1473 577 1684 648 elocutionis
1705 601 1781 648 non
1803 578 1928 649 leviter
1942 591 2077 650 exercet

66 711 167 804 godis,
191 705 225 776 in
239 701 452 799 quibusipsi
468 699 712 774 versabamur,
760 693 853 766 Toga
867 691 1028 784 Regpuh,
1078 681 1304 752 scribentem.
1355 677 1474 750 Huius
1489 680 1644 750 exercitii
1661 681 1880 752 consuetudo
1900 681 1991 772 parit
2007 681 2075 750 im·

63 829 145 885 ,vems
165 808 276 878 animo
298 805 472 878 intuenda
503 818 539 875 et
560 803 603 872 ,d
629 812 848 894 praesentem
874 798 1027 866 formam
1060 805 1217 853 ⁴mensas
1249 782 1437 867 utilitates,
1480 777 1648 874 prohibet
1679 783 2003 876 praecipitantium,
2042 795 2076 853 et

68 911 251 986 conferenda
271 922 335 984 est.
377 905 455 978 Hae
478 901 710 998 cogitationes
730 899 865 994 aliquid
881 899 924 968 ad
942 920 1029 988 pro·
1080 884 1180 978 quasi
1197 885 1338 954 frenum
1361 884 1514 974 ingeniis
1535 883 1670 966 iniicit,
1695 909 1740 954 ne
1766 899 1896 954 temere
1919 886 2074 954 sinede-

65 1017 193 1088 dentiam
213 1011 434 1096 conducunt,
465 1031 505 1078 ac
529 1010 574 1078 de
604 1005 728 1076 multis
755 1002 892 1091 magnis
922 1000 1029 1069 rebus
1080 989 1192 1072 lectu,
1232 987 1309 1057 sine
1338 987 1482 1072 ordine,
1520 987 1598 1056 sine
1622 1009 1706 1058 cura
1733 987 1919 1058 effundant
1946 989 2077 1073 omnia,

65 1141 115 1188 nos
129 1119 320 1198 admonent,
346 1113 390 1182 de
406 1109 587 1196 moribus,
611 1110 655 1178 de
672 1107 762 1192 iure,
785 1106 828 1174 de
844 1103 1027 1178 actionum
1081 1112 1173 1184 quae
1189 1111 1263 1159 sese
1280 1089 1446 1172 offerunt,
1472 1089 1586 1159 adfert
1604 1088 1845 1179 diligentiam,
1871 1105 1966 1160 ntea
1984 1115 2074 1183 quae
2131 1153 2135 1160 .

64 1245 94 1290 ac
106 1217 302 1288 indiciorum
317 1213 499 1297 varietate,
525 1215 709 1282 denatura
725 1231 856 1280 rerum.
895 1197 1029 1274 Demo·
1080 1192 1268 1282 gignimus,
1290 1193 1483 1260 formem
1499 1191 1617 1275 eliam,
1643 1205 1678 1262 el
1693 1207 1766 1264 11111
1780 1192 1927 1262 meliora
1945 1193 2075 1261 efficia·
2124 1213 2141 1244 f

65 1317 178 1392 sthenes
198 1318 327 1388 dicitur
348 1315 456 1386 octies
472 1313 696 1407 descripsisse
711 1305 967 1403 Thucydiden,
989 1319 1030 1376 ut
1080 1319 1172 1364 111118·
1199 1292 1241 1363 ld
1256 1293 1286 1362 si
1302 1293 1457 1364 facerent
1474 1294 1662 1386 scriptores
1677 1295 1733 1364 vel
1750 1316 1928 1393 sacrarum
1945 1317 2075 1380 rerum,

65 1423 118 1493 ,ihi
144 1433 292 1492 aurorem
326 1418 552 1512 eloquentem
577 1439 684 1510 quam
714 1409 1029 1482 familiarissimum
1081 1397 1137 1466 vel
1152 1396 1236 1484 alii,
1262 1407 1396 1489 quanto
1421 1395 1584 1464 foelicior
1598 1417 1672 1464 esse
1687 1409 1797 1467 status
1812 1421 1930 1466 rerum
1946 1391 2105 1466 huma-¹

59 1525 177 1596 'laceret
224 1521 297 1592 Nec
319 1543 404 1591 vero
426 1524 621 1611 aucupatus
642 1529 693 1588 est
716 1513 905 1608 praecipue
922 1511 1029 1580 verba
1081 1523 1220 1572 narum·
1268 1498 1431 1586 Quorum
1445 1497 1607 1593 plerique
1621 1498 1652 1566 si
1668 1501 1712 1568 ad
1731 1523 1851 1568 euram
1865 1499 1904 1568 in
1922 1499 2074 1568 dicendo

65 1640 113 1696 aut
132 1645 231 1716 genus
252 1622 437 1694 sermonis,
489 1621 580 1692 Nam
596 1613 820 1712 Thucydidis
837 1613 951 1686 oracio
964 1613 1028 1682 ad·
1084 1599 1267 1672 assuefacti
1283 1613 1417 1686 essent,
1442 1601 1557 1670 multo
1578 1615 1693 1672 essent
1711 1601 1748 1668 io
1764 1601 1960 1688 deligendis
1975 1601 2076 1671 utili-

64 1729 185 1798 modum
201 1725 382 1796 dissimilis
401 1737 451 1794 est
465 1719 611 1794 forensi,
656 1719 728 1792 Sed
745 1719 858 1790 varias
875 1715 1031 1808 Reipub,
1082 1704 1149 1774 bus
1164 1703 1403 1790 argumentis,
1429 1716 1464 1772 et
1481 1702 1519 1772 in
1537 1703 1705 1773 cavendis
1720 1704 1873 1794 publicis
1893 1703 2076 1795 periculis,

48 1829 250 1901 'mutationes
275 1851 314 1897 ac
340 1841 518 1896 momenta
542 1823 788 1896 considerabat
810 1819 849 1890 in
872 1814 1032 1901 historia,
1083 1803 1334 1896 diligentiores.
1699 1838 1701 1844 s

65 1933 241 2024 excerpcbat
263 1927 473 2021 Principum
503 1927 670 2010 consilia,
697 1947 852 2019 quorum
877 1918 1031 2012 cognitio

65 2034 119 2124 ipsi
139 2057 272 2128 quoque
291 2031 329 2118 in
353 2029 504 2123 publicis
520 2026 836 2100 deliberationibus
854 2026 1032 2116 proderat.

65 2136 190 2229 Aliquid
207 2135 313 2206 etiam
329 2133 509 2225 gravitatis
526 2129 661 2202 addidit
681 2121 936 2200 Demosthenis
953 2147 1034 2194 ora-

66 2237 215 2318 tionibus,
240 2235 402 2307 'imitatio
429 2231 670 2330 Thucydidis:
710 2231 841 2300 multas
863 2228 959 2300 euim
977 2249 1033 2296 re-

1185 1953 1339 2028 Pericles
1362 1981 1568 2029 ascensurus
1592 1957 1631 2026 in
1655 1955 1880 2046 concionem,
1913 1983 1953 2030 ac
1976 1985 2078 2052 prae-

1083 2061 1233 2134 metiens
1265 2061 1406 2148 animo,
1438 2074 1612 2154 quantum
1645 2059 1792 2150 periculi
1816 2062 2077 2134 inconsiderate

1084 2165 1178 2236 dicta
1192 2163 1376 2248 afferrent,
1400 2163 1525 2233 solitus
1541 2175 1593 2232 est
1606 2161 1743 2254 precari
1760 2186 1780 2232 a
1795 2159 1891 2248 Diis,
1918 2190 1962 2235 ne
1979 2169 2076 2260 quod

65 2340 118 2410 lert
137 2333 387 2410 Demosthenes
410 2337 603 2407 sententias
626 2329 862 2428 Thucydidis.
914 2326 1035 2400 Citant
1085 2265 1522 2349 sibiverbumexcideret,
1548 2266 1643 2358 ΨΜ
1660 2261 1982 2358 ⁰ffioerelR‘ipub·
2028 2265 2078 2340 Εῑ

66 2441 75 2508 Ι
238 2443 246 2459 ,
285 2439 295 2458 ,
401 2439 411 2457 ,
709 2435 718 2454 ,
848 2434 855 2449 ,
1085 2363 1355 2450 Demosthenes,
1380 2365 1752 2450 cumeiobiiceretur,
1773 2369 1871 2460 quod
1889 2371 2078 2442 meditatus

77 2443 267 2530 egesmultis
283 2465 322 2509 sn
342 2439 430 2510 locrs
446 2437 662 2522 Homerum,
688 2449 799 2506 citant
815 2427 1035 2550 Ciceronem,
1087 2475 1131 2543 ad
1150 2471 1340 2540 dicendum
1365 2467 1519 2554 venire„
1543 2469 1727 2558 respondi,
1780 2469 1849 2538 sibi
1872 2493 1948 2540 non
1968 2475 2076 2544 modo

66 2567 124 2612 non
145 2545 330 2615 verborum
357 2566 477 2634 cause,
505 2543 564 2610 sed
592 2553 760 2632 tanquam
784 2547 976 2605 sententias
997 2555 1035 2600 m
1088 2574 1351 2664 impudentem,
1389 2573 1451 2640 sed
1477 2571 1582 2642 etiam
1606 2523 1810 2661 improssum
1833 2571 1946 2642 civem
1967 2573 2079 2644 videri

1089 2677 1214 2759 illum,
1248 2675 1310 2767 qui
1336 2673 1508 2743 derebus
1538 2671 1704 2758 summis,
1734 2672 1921 2744 universae
1945 2676 2080 2748 civitati

1089 2775 1279 2849 consilium
1302 2777 1470 2868 daturus,
1499 2775 1643 2844 auderet
1667 2774 1804 2862 dicere,
1836 2800 1875 2846 re
1897 2803 1972 2848 non
1998 2794 2080 2851 ante

1091 2882 1154 2951 diu
1167 2879 1391 2972 multumque
1409 2877 1576 2968 cogitata3
1609 2901 1718 2970 quare
1733 2869 1907 2982 sipossit,
1933 2905 2006 2950 non
2023 2905 2082 2951 so-

68 3069 163 3144 partes
181 3051 426 3124 illustrarent?
471 3049 591 3146 ltaque
613 3045 786 3141 complexi
805 3059 1039 3116 suntsumma
1091 2984 1337 3172 Ὴείΐᾞέἐ
1370 2979 1653 3155 {sffer‘cgffgrjse
1670 2981 2083 3156 ἒῑιιῖᾞῃεὲῗὲᾙζ

68 3179 133 3224 curn
146 3169 326 3227 venustate
340 3167 440 3224 ortus
457 3167 493 3224 et
512 3175 654 3222 occasus
669 3151 848 3244 syderum,
873 3173 913 3218 ac
930 3161 1039 3216 totam
1093 3185 1278 3258 exercendi
1308 3185 1410 3279 styli,
1443 3183 1677 3276 muffippioem
1709 3184 1948 3275 diligentiam,
1982 3211 2085 3260 mus„

68 3259 243 3329 d⁰⁰ltl¹¹³ffl
266 3281 358 3352 ‘1³³⁰
382 3257 418 3324 5¹¹
445 3257 650 3345 vulgaribus
673 3251 804 3322 lib⁰ffi⁵
823 3251 866 3318 de
892 3243 1041 3341 sphaera
1094 3301 1167 3360 tota
1192 3287 1327 3356 maiore
1350 3311 1432 3356 cura
1456 3288 1684 3378 expendenda
1709 3300 1743 3356 et
1765 3288 1972 3377 cogitanda,
2005 3314 2086 3360 cum

68 3349 1043 3555 ῖςῗξἱῑῐιῑῑὲἑοῗξῗθἓξῐῑὲἰῗξῑῐῖᾚῖῐζᾟίιέῒῗέυῖξοὶῖιιξῃ
1094 3391 1163 3484 ipsi
1180 3365 1364 3458 nobiscum
1380 3387 1636 3473 deliberamus,
1666 3392 1845 3482 quomodo
1862 3415 1938 3458 eam
1954 3392 2087 3462 dicturi

69 3566 290 3635 remediorum
324 3577 468 3634 naturas
531 3557 655 3632 Cicero
686 3581 770 3626 vero
804 3567 839 3626 et
872 3553 1043 3623 moralem
1095 3491 1425 3576 ³⁰t³⁰¹⁰r1⁸im¹¹⁸3
1444 3487 1776 3581 pr⁰³pi⁰i¹⁰r²¹i³¹¹¹
1794 3491 1933 3584 qnidiss
1951 3495 2088 3564 ³⁰¹l⁰¹¹0

470 3614 479 3636 .

69 3661 320 3760 Philosophiam
344 3679 454 3736 totam
480 3663 683 3754 complexus
707 3674 776 3738 est,
816 3671 850 3728 et
872 3657 1043 3749 quosdam
1096 3591 1247 3689 perimi
1277 3591 1342 3677 ω’
1379 3591 1615 3676 delibemlur’
1651 3595 1832 3684 q¹¹⁰m⁰d⁰
1862 3593 2018 3684 Peflfflla
2048 3595 2088 3664 5¹1

69 3769 151 3838 locos
169 3771 230 3863 qui
262 3771 307 3838 ad
337 3760 605 3856 Philosophiam
632 3759 829 3832 naturalem
855 3760 1046 3852 pertinent,
1097 3697 1234 3813 agendo
1257 3693 1516 3813 cavendasint.
1568 3691 1739 3814 Denique
1753 3693 1784 3762 si
1806 3690 1900 3764 nihil
1916 3709 1976 3816 'est
1994 3689 2108 3768 sutili*
2183 3737 2187 3740 -

69 3896 205 3964 quorum
233 3869 337 3940 lectio
364 3893 438 3938 uon
464 3869 572 3936 modo
595 3865 733 3957 copiam
757 3861 951 3946 sermonis,
986 3860 1045 3928 scd
1099 3797 1305 3891 gammam
1327 3810 1466 3888 tumus
1490 3810 1531 3880 Εἰ·
1550 3819 1801 3888 P⁶r¹n⁶¹⁰⁵¹¹¹⁸⁹
1822 3797 2026 3888 lllunmum
2044 3803 2089 3869 ad

1000 3962 1009 3978 ,
1101 3902 1268 3970 virtutem
1292 3897 1330 3966 in
1346 3923 1562 3993 unoquoque
1586 3912 1619 3968 et
1633 3900 1676 3966 ad
1695 3898 1873 3988 publicam
1887 3901 2092 3995 tranquilli-

70 3974 159 4043 etiam
174 3981 295 4046 rerum
309 3971 493 4042 scientiam
510 3969 604 4039 alere
616 3980 742 4058 potest.
772 3963 870 4053 Quid
886 3976 937 4032 est
952 3985 1046 4079 enim
1101 4017 1207 4076 tatem
1240 4002 1383 4094 Prodest
1415 3996 1501 4070 hm
1536 3999 1742 4070 assuefacpio
1777 4001 1823 4068 ,d
1857 4005 2091 4076 exercendum

70 4076 121 4144 illa
136 4075 385 4168 disputatione,
411 4075 455 4142 de
468 4069 732 4189 immortalitate
746 4067 895 4185 animae,
921 4065 959 4132 in
975 4088 1050 4155 prr·
1102 4105 1252 4200 stylum,
1286 4104 1330 4170 ad
1351 4101 1573 4172 formandam
1598 4114 1632 4170 et
1657 4105 1939 4193 componendam
1959 4108 2093 4177 oratio,

72 4203 119 4247 ma
141 4174 371 4248 Thuscolana
401 4176 576 4246 eruditius
600 4195 639 4240 ac
666 4166 879 4241 iucundius?
932 4165 1051 4236 Multo
1103 4231 1203 4290 nem,
1228 4204 1410 4274 neomnia
1433 4201 1922 4280 sinedepecmepsundamur·
1973 4206 2091 4280 Mul„

71 4281 165 4350 etiam
178 4279 354 4352 eruditior
370 4291 422 4348 est
440 4275 582 4380 libellus
600 4275 643 4344 de
660 4287 787 4352 natura
803 4267 978 4340 Deorum:
1012 4289 1052 4335 ac

72 4381 272 4478 inutraque
295 4381 407 4451 multa
429 4390 619 4448 sumuntur
640 4386 846 4464 argumenta
870 4393 910 4440 ex
931 4393 971 4438 ea
987 4370 1052 4438 do-

73 4487 191 4570 ctrina,
217 4508 325 4580 quam
343 4481 552 4575 profitentur
566 4473 624 4561 hi,
649 4478 712 4570 qui
728 4473 870 4568 proprie
885 4471 1054 4541 dicuntur

73 4582 217 4682 Physici.
269 4585 459 4656 Fateamur
481 4607 562 4672 ergo
583 4578 825 4673 eloquentium
841 4575 1053 4664 scriptorum
1100 4651 1102 4656 ¹
1207 4559 1294 4632 Dixi
1318 4555 1504 4640 hactenus,
1536 4583 1642 4652 quma
1668 4559 1715 4628 sit
1736 4560 1824 4630 utile
1852 4557 1921 4632 hoc¹
1940 4566 2096 4636 studium
2154 4605 2159 4612 ·

75 4688 274 4773 lectionem,
312 4711 387 4758 non
416 4687 524 4755 modo
555 4685 598 4752 ad
629 4679 766 4772 copiam
791 4677 986 4762 sermonis,
1021 4687 1056 4745 et
1107 4681 1200 4738 recte
1213 4661 1388 4733 scribendi
1405 4657 1470 4745 his,
1488 4661 1550 4754 qui
1564 4662 1607 4729 ad
1623 4657 1802 4752 Rempub.
1817 4670 1988 4735 accessuri
2004 4683 2099 4742 sunt.

75 4787 211 4883 phrasin
227 4791 500 4882 comparandam
523 4787 706 4878 prodesse,
731 4782 791 4852 sed
810 4779 916 4855 etiam
933 4782 976 4848 ad
992 4801 1056 4848 an-
1108 4769 1242 4858 Togata
1275 4764 1536 4836 administratio
1559 4763 1745 4854 praecipue
1776 4767 1995 4854 gobernatur
2025 4771 2101 4839 elo-

76 4897 216 4980 grndam
242 4917 362 4965 rerum
385 4889 640 4982 cognitionem,
667 4899 701 4954 et
724 4881 855 4953 iudicia
872 4881 1056 4950 formanda
1110 4869 1266 4966 quentia,
1287 4881 1320 4937 et
1333 4867 1444 4936 multa
1458 4865 1588 4936 Latine
1603 4867 1735 4955 agenda
1752 4881 1867 4942 erunt.
1920 4868 2040 4959 Quare
2053 4873 2098 4942 ad

76 4998 113 5064 de
134 4997 255 5066 multis
284 4993 449 5065 maximis
480 4992 597 5063 rebus.
650 4983 788 5057 Deinde
812 4981 997 5072 diligentia
1019 4979 1057 5050 in
1111 4970 1203 5044 hanc
1226 4983 1361 5040 tantam
1382 4993 1475 5053 rem,
1508 4980 1548 5038 ut
1572 4991 1608 5036 se
1624 4968 1790 5038 iuventus
1811 4987 2012 5062 praeparet,
2037 4978 2102 5042 ad-

78 5099 234 5170 erercitio
258 5099 360 5194 styli,
394 5095 456 5167 illa
481 5118 563 5164 vero
585 5092 624 5160 in
649 5089 772 5182 primis
788 5086 883 5157 acuit
905 5085 1059 5174 ingenia.
1111 5072 1286 5146 hortanda
1303 5085 1407 5164 atque
1423 5070 1604 5140 incitanda
1620 5083 1672 5138 est
1688 5071 1826 5142 acriter.
1871 5070 2101 5146 lamincon·

76 5195 158 5270 Nam
175 5201 215 5270 iu
231 5199 446 5269 inveniendo
465 5219 520 5266 res
537 5217 627 5290 quae
648 5193 694 5262 ad
709 5211 849 5262 causam
870 5187 1062 5279 pertinent,
1112 5172 1294 5248 troversiis
1321 5171 1504 5264 religionis
1533 5172 1770 5264 explicandis,
1803 5173 1883 5266 quis
1912 5199 1985 5245 non
2007 5176 2103 5249 videt

77 5305 264 5392 prudenter
276 5325 398 5372 omnes
416 5297 682 5388 investigandae
696 5307 731 5365 et
746 5291 953 5382 cogitandae
968 5302 1062 5362 sunt.
1114 5299 1242 5370 magna
1259 5277 1442 5360 doctrina,
1468 5289 1503 5346 et
1526 5297 1653 5365 magna
1668 5275 1830 5346 ubertate
1852 5281 2044 5366 sermonis,
2070 5295 2104 5351 et

79 5401 129 5474 Ad
145 5399 231 5474 haec
245 5404 514 5476 deliberandum
529 5401 708 5470 decerunt
722 5389 897 5467 crdindet
911 5415 1064 5464 oecono-
1087 5433 1092 5476 2
1116 5380 1260 5454 dicendi
1283 5377 1448 5451 facultate
1470 5397 1561 5468 opus
1580 5377 1676 5446 csse?
1727 5375 1822 5450 Sunt
1845 5380 1940 5450 enirn
1963 5407 2017 5452 res
2040 5385 2105 5452 ob-

129 5505 314 5576 Msnasru.
341 5512 447 5578 Oeen.
474 5507 558 5572 Vos.
585 5503 647 5570 xl.
1520 5473 1571 5550 24

66 2645 128 2715 loro
142 2647 265 2732 dictas,
292 2668 443 2739 quarum
464 2641 689 2713 autoritatem
706 2637 745 2707 in
762 2635 905 2706 iudiciis
919 2635 1036 2704 valere

67 2747 180 2820 volunt.
230 2747 382 2838 Quoties
405 2743 539 2816 Medici
565 2743 675 2813 citant
698 2739 825 2810 Podtas
849 2740 888 2808 in
910 2751 1038 2807 natura

67 2871 166 2920 rerum
180 2847 430 2920 discribenda?
481 2844 572 2936 Quis
591 2845 686 2914 enim
706 2865 779 2912 non
800 2841 897 2912 videt
913 2839 1038 2910 Poetae

67 2953 110 3020 vel
123 2953 304 3044 praecipue
320 2946 388 3022 hoc
401 2950 598 3032 studuisse,
624 2961 665 3018 ut
682 2946 869 3038 plerasque
891 2955 1039 3014 naturae

1104 4310 1209 4380 etiam
1232 4305 1367 4396 ingenii
1384 4305 1467 4375 vitia
1492 4304 1638 4395 corrigit
1662 4306 1792 4399 stylus,
1820 4321 1854 4377 et
1877 4304 2018 4381 cohibet
2042 4313 2095 4382 as-

1104 4411 1234 4493 lectus,
1259 4432 1305 4478 ne
1319 4421 1440 4478 contra
1457 4409 1625 4478 decorum
1641 4406 1853 4482 concitatius
1865 4409 2036 4488 ferantur.
