4704 5826
149 228 230 302 sas
449 199 453 220 “
540 223 703 306 onon
736 225 813 302 nn
844 197 1142 304 asarinus
1168 223 1252 300 ur
1283 173 1553 318 nonanus
1584 221 1815 306 connis.
2117 235 2199 320 ,oso

145 421 301 494 aquarn,
326 421 388 470 scu
412 401 592 471 madorem
617 403 690 472 ron'
715 401 868 471 similem
893 421 983 486 esse,
1016 397 1151 493 quasit
1201 392 1378 468 thalamus
1409 399 1514 490 longe
1539 399 1775 490 praestantior
1803 413 1873 486 est,
1901 415 1935 473 et
1958 402 2099 476 officina
2119 409 2195 480 eius

150 523 245 594 opus
266 503 312 572 ad
329 503 448 572 cordis
469 503 711 594 irrigationem
734 505 773 572 in
791 518 863 574 tam
880 501 1021 572 assiduo
1040 514 1151 585 motu,
1201 500 1318 592 operis
1341 503 1437 594 quod
1459 501 1688 592 praecipuum
1711 515 1762 572 est
1790 503 1922 589 cordis,
1956 505 2069 596 gignit
2098 511 2195 580 enirn

150 615 189 672 et
204 615 304 674 tanto
320 603 449 690 calore,
475 629 544 698 qna
561 628 650 698 aqua
666 599 833 676 exhausta
849 629 911 674 cor
925 601 1150 686 contabescit,
1201 603 1348 694 spiritus
1370 603 1492 673 vitales
1520 627 1560 672 ex
1585 603 1756 694 sanguine
1787 605 2036 692 subtilissimo,
2067 611 2130 703 qui
2152 635 2194 681 ex

150 705 263 796 idque
288 705 364 775 fieri
388 706 427 774 in
446 705 626 776 moesticia
648 708 825 778 scribitur.
879 703 927 776 Ut
944 699 1149 775 Marchioni
1200 707 1324 775 dextro
1344 704 1426 776 sinu
1443 727 1484 773 eo
1501 706 1640 777 exudat.
1689 701 1755 774 Est
1778 720 1895 777 autem
1913 707 2059 799 spiritus
2077 711 2193 782 vitalis

151 803 329 878 Casimiro
345 821 488 878 mortuo
505 832 567 878 cor
581 821 780 900 exemptum
797 809 898 878 aiunt
910 806 1026 876 simile
1042 807 1148 876 fuisse
1200 806 1466 900 lucidissimaet
1481 806 1619 875 vivifica
1634 807 1788 887 flamma,
1811 809 1938 878 similis
1953 824 2097 880 naturae
2113 838 2194 884 coe-

150 929 242 1000 pyro
262 923 365 982 tosto.
411 907 453 982 ln
472 905 537 978 hac
555 933 633 979 arca
648 912 777 999 pendet
794 904 853 978 hic
866 908 957 978 vitae
971 908 1148 991 dominus,
1200 907 1295 992 lesti,
1322 931 1412 1000 quae
1428 907 1579 976 calorem
1597 921 1632 976 et
1648 907 1756 976 vitam
1780 909 1819 976 in
1837 923 1950 979 totum
1966 935 2094 1004 corpus
2112 937 2193 1006 per-

150 1031 234 1092 cor,
254 1010 614 1103 ‘liberumareliquo
632 1034 799 1103 corpore,
834 1011 892 1081 cui
908 1009 1017 1079 vitam
1041 1009 1147 1096 largi·
1200 1012 1285 1088 fert,
1332 1023 1366 1078 et
1402 1009 1670 1100 praecipuarum
1710 1011 1890 1080 actionum
1924 1035 2096 1102 organum
2131 1030 2192 1087 est.

151 1122 231 1193 tur,
257 1111 328 1180 nisi
351 1113 448 1204 quod
470 1113 502 1182 ei
523 1111 730 1182 adiunctum
751 1126 803 1183 est
823 1135 887 1203 per
902 1133 1028 1190 venas,
1054 1121 1148 1192 arte-
1199 1109 1402 1180 Nascuntur
1434 1110 1472 1178 in
1508 1105 1577 1179 hoc
1610 1111 1687 1202 ipso
1724 1113 1919 1182 ventriculo
1950 1117 2022 1183 duo
2054 1117 2192 1188 canales

150 1211 243 1280 riam
261 1225 296 1284 et
311 1235 460 1296 nervos,
486 1214 616 1306 quibus
633 1227 802 1307 tanquam
818 1210 999 1284 canalibus
1021 1207 1146 1293 utitur,
1199 1212 1458 1302 grandiusculi,
1487 1212 1635 1294 arteria,
1659 1226 1777 1298 aorta,
1803 1237 1892 1306 quae
1914 1215 2073 1286 omnium
2098 1231 2191 1288 arte·-

150 1313 283 1403 partim
304 1328 344 1384 nt
363 1314 480 1392 aliena
501 1315 669 1384 beneficia
692 1315 857 1406 accipiat,
885 1313 1013 1405 partim
1032 1328 1145 1384 utsua
1198 1317 1331 1383 riarum
1352 1315 1390 1381 in
1415 1327 1488 1384 toto
1512 1337 1659 1403 corpore
1686 1314 1793 1405 stipes
1815 1329 1885 1396 est,
1918 1339 1980 1408 per
2002 1341 2089 1410 quas
2111 1332 2191 1388 tan-

153 1413 238 1483 inde
260 1414 433 1486 effundat.
485 1414 690 1487 Substantia
714 1430 830 1486 autern
854 1415 971 1485 cordis
987 1429 1041 1485 est
1062 1437 1145 1506 pro-
1199 1440 1303 1510 quam
1319 1439 1381 1507 per
1396 1415 1514 1484 alveos
1531 1415 1758 1506 praecipuum
1777 1417 1892 1486 cordis
1915 1419 2125 1490 heneficium
2151 1422 2190 1489 in

151 1515 223 1605 prii
238 1517 420 1586 cuiusdam
437 1519 574 1607 generis
591 1542 692 1602 caro,
717 1518 900 1588 dissimilis
913 1517 1012 1586 carni
1036 1519 1073 1585 in
1089 1538 1146 1583 re-
1199 1539 1321 1587 0mnes
1337 1517 1494 1607 corporis
1511 1530 1625 1606 partes
1642 1533 1771 1601 manat,
1797 1518 1961 1589 videlicet
1975 1519 2037 1588 illa
2054 1521 2189 1591 vivifica

151 1617 255 1708 liquo
275 1641 439 1709 corpore,
471 1619 582 1710 spissa
608 1635 641 1690 et
664 1621 754 1690 bene
774 1633 972 1710 compacta,
1004 1617 1146 1688 intextis
1199 1619 1339 1688 flamma
1357 1641 1421 1688 suo
1437 1618 1553 1687 calore
1566 1619 1690 1687 fovens
1705 1619 1825 1686 omnia
1842 1621 2009 1718 membra,
2036 1623 2190 1692 actiones

150 1717 252 1789 libris
272 1708 333 1789 seu
359 1720 456 1788 villis
483 1721 677 1792 arctissime
707 1721 898 1802 intricatis,
931 1743 1004 1788 non
1028 1734 1068 1790 ut
1091 1719 1146 1787 di·
1199 1721 1382 1792 adiuvans.
1434 1719 1548 1788 Aiunt
1562 1733 1676 1788 autem
1696 1720 1741 1815 ab
1754 1715 1947 1791 Aristotele
1969 1724 2188 1792 nominatam

150 1835 245 1890 serta
268 1821 439 1912 distingui
461 1822 617 1912 possint,
642 1836 684 1892 ut
705 1823 743 1892 in
766 1823 844 1892 aliis
862 1823 1020 1912 corporis
1038 1819 1147 1911 parti·
1199 1844 1273 1891 esse
1295 1835 1449 1906 aortam,
1482 1821 1577 1913 quod
1600 1821 1760 1910 vaginam
1791 1825 2045 1893 consuetudine
2071 1823 2190 1894 Mace,
2315 1841 2317 1848 ’

150 1921 230 1992 hus.
269 1919 399 2012 Figura
415 1923 533 1993 cordis
545 1924 763 2018 pyramidem
779 1939 958 2016 utcunque
976 1923 1147 2006 imitatur,
1200 1923 1326 1993 donica
1342 1921 1524 2011 significat,
1550 1922 1632 2014 quia
1648 1946 1728 1991 curn
1745 1917 1812 1993 boc
1828 1947 1889 1993 vas
1901 1925 2036 1994 firmius
2050 1930 2188 1996 erden-

151 2024 214 2091 sed
237 2024 315 2092 basi
338 2023 466 2096 latiore
490 2048 531 2095 ac
551 2027 670 2115 gibba.
719 2024 822 2096 Lusit
837 2024 939 2096 Plato
960 2027 1003 2094 de
1025 2024 1147 2114 ligura,
1200 2027 1272 2095 sius
1294 2026 1339 2094 sit
1363 2047 1469 2116 quam
1492 2046 1618 2108 venae,
1645 2023 1759 2092 simile
1780 2025 1920 2095 videtur
1941 2049 2014 2100 esse
2031 2029 2187 2115 vaginae.

150 2124 234 2193 ideo
258 2124 410 2194 similem
435 2149 508 2196 esse
532 2127 728 2220 pyramidi,
756 2127 838 2219 quia
862 2126 1003 2197 comsit
1025 2126 1147 2214 igneae
1201 2125 1306 2198 Remi
1328 2127 1458 2196 deinde
1481 2126 1525 2194 ab
1551 2119 1618 2192 bac
1636 2125 1763 2194 arteria
1786 2127 1874 2205 orti,
1907 2128 2005 2196 venis
2029 2129 2187 2200 adiuncti

150 2239 322 2311 naturae,
347 2227 570 2298 flammarum
583 2229 783 2322 pyramides
797 2229 934 2300 referat.
983 2223 1062 2296 Etsi
1082 2249 1146 2296 au·
1198 2241 1280 2298 sunt
1296 2238 1373 2298 toto
1388 2227 1462 2296 fere
1478 2249 1642 2317 corpore,
1668 2225 1824 2296 mirabili
1842 2228 1983 2298 foedere
2004 2243 2038 2298 et
2063 2244 2186 2301 mutuo

150 2341 226 2397 tem
240 2329 283 2396 de
296 2322 363 2398 hac
381 2351 483 2398 causa
498 2325 591 2398 nihil
609 2330 776 2399 affirmari
797 2343 928 2420 potest,
955 2343 1072 2398 tamen
1088 2350 1145 2396 ar·
1199 2329 1498 2400 communicantes
1518 2351 1578 2396 sua
1597 2351 1756 2398 munera.
1806 2329 1968 2420 Arteriae
1989 2353 2052 2420 per
2074 2355 2188 2422 angus·

152 2423 325 2499 chitectns
348 2453 423 2500 non
444 2442 576 2502 temere
599 2426 691 2501 hanc
721 2419 869 2520 liguram
900 2431 1023 2520 elegit,
1042 2451 1146 2523 ,quae
1198 2430 1349 2502 stissima
1378 2429 1511 2498 orificio
1539 2429 1579 2498 in
1602 2451 1709 2499 venas
1736 2423 1900 2500 exhalant
1931 2431 2116 2524 spiritum,
2149 2448 2188 2504 ut

150 2531 248 2598 inter
269 2529 400 2601 solidas
426 2532 541 2622 prima
560 2549 629 2620 est,
662 2534 761 2603 etad
782 2527 879 2602 hune
900 2545 1037 2601 motum
1060 2554 1147 2600 con·
1198 2533 1405 2622 sanguinem
1430 2527 1572 2600 iivilico
1593 2531 1709 2600 calore
1738 2533 1882 2602 foveant
1903 2545 1938 2602 et
1960 2549 2188 2627 percoquam,

151 2633 350 2721 grucntior.
403 2631 501 2705 Situs
524 2647 593 2720 est,
616 2647 658 2705 ut
680 2633 774 2704 basis
795 2633 834 2702 in
859 2657 928 2725 qua
948 2632 1146 2722 generosis-
1197 2657 1321 2704 rursus
1337 2632 1485 2704 arteriae
1500 2655 1541 2700 ex
1556 2631 1656 2701 venis
1668 2627 1888 2724 aliquantum
1902 2635 2082 2724 sanguinis
2098 2629 2186 2706 baua
2229 2678 2233 2690 ·

151 2733 236 2802 simi
255 2729 403 2804 thalami
420 2748 521 2820 suot,
553 2733 725 2828 exquisite
740 2733 898 2803 medium
921 2733 1072 2823 pectoris
1093 2747 1147 2804 te-
1197 2733 1313 2819 riunt,
1343 2749 1384 2804 ut
1406 2735 1567 2822 rigentur
1587 2745 1622 2802 et
1648 2748 1843 2822 augeantur
1872 2735 2027 2824 spiritus.
2085 2736 2188 2807 Alter

152 2849 249 2920 neat,
275 2859 399 2905 mucro
413 2851 530 2906 autem
544 2837 699 2926 erigatur
716 2829 886 2906 nonnihil
902 2837 946 2904 ad
961 2833 1145 2904 sinistrum
1198 2836 1329 2906 canalis
1343 2848 1447 2904 natus
1461 2834 1499 2901 in
1512 2833 1657 2904 sinistro
1671 2835 1788 2904 cordis
1803 2830 2000 2907 ventriculo
2016 2850 2076 2921 est,
2094 2852 2186 2910 arte-

151 2937 265 3016 latus,
292 2949 325 3006 et
348 2960 394 3006 ne
415 2952 578 3009 occurrat
600 2937 738 3008 ossibus
759 2936 929 3030 pectoris,
955 2949 989 3007 et
1003 2949 1043 3006 ut
1057 2933 1146 3004 sini·
1197 2937 1250 3007 ria
1268 2959 1409 3020 venosa,
1433 2958 1523 3029 quae
1537 2934 1734 3026 porrigitur
1749 2935 1787 3006 in
1802 2937 2020 3028 pulmonem,
2047 2951 2086 3008 ut
2101 2939 2186 3009 inde

151 3051 228 3107 stro
245 3037 348 3109 lateri
363 3039 444 3130 plus
458 3039 585 3110 caloris
600 3041 743 3124 tribuat,
768 3063 848 3110 curn
864 3040 1026 3107 dextrum
1042 3038 1146 3108 adio·
1197 3043 1313 3110 adrem
1334 3038 1468 3108 adferat
1490 3036 1723 3126 refrigerandi
1743 3036 1861 3108 cordis
1886 3062 2006 3122 causa,
2033 3054 2067 3110 et
2082 3040 2187 3112 vicis-
2293 3044 2296 3056 ’

153 3153 257 3210 vetur
279 3141 395 3210 calore
417 3140 539 3229 epatis.
588 3138 671 3210 Duo
694 3154 777 3210 sunt
792 3152 908 3208 autem
925 3139 1042 3208 cordis
1058 3162 1147 3207 ven·
1197 3141 1264 3211 sim
1291 3163 1333 3209 ex
1359 3140 1465 3207 corde
1492 3133 1617 3211 evehat
1641 3140 1758 3218 fumos
1784 3139 1901 3210 calore
1924 3143 2085 3225 adustos,
2117 3143 2187 3212 nisi

151 3240 273 3310 triculi
292 3263 354 3312 seu
375 3235 540 3323 thalami,
567 3265 628 3311 seu
649 3240 769 3324 sinus,
794 3239 888 3310 inter
901 3235 968 3309 hos
989 3239 1145 3310 intersti-
1197 3241 1292 3309 enirn
1307 3235 1394 3310 haec
1407 3239 1583 3308 eventatio
1598 3240 1724 3310 caloris
1739 3240 1776 3308 in
1793 3243 1899 3310 corde
1912 3241 2029 3321 lieret,
2055 3243 2187 3314 animal

152 3344 244 3413 tium
260 3345 415 3435 estquod
425 3343 613 3432 distinguit
627 3338 813 3422 thalamos,
830 3337 896 3410 hoc
911 3341 1143 3411 intersticium
1197 3342 1367 3412 continuo
1394 3341 1769 3420 suffocantem-sicut
1787 3343 1948 3414 videmus
1968 3344 2005 3412 in
2024 3356 2187 3433 strangu·
2231 3335 2235 3346 “

154 3468 235 3514 cum
258 3445 305 3514 sit
328 3466 480 3514 crassum
504 3459 537 3514 et
557 3446 697 3514 firmum
718 3458 752 3514 et
767 3443 879 3512 oculis
896 3441 1145 3534 conspiciatur,
1196 3444 1277 3514 latis
1293 3442 1460 3514 accidere.

154 3569 228 3616 non
262 3559 355 3616 recte
388 3545 458 3615 dici
492 3546 634 3617 tertium
671 3543 828 3634 ventrem
859 3544 962 3613 facile
995 3543 1143 3612 iudicari
1300 3541 1403 3613 Aliae
1423 3555 1509 3612 suot
1532 3537 1691 3615 minutae
1714 3543 1906 3633 particulae
1929 3545 2062 3627 cordis,
2098 3573 2186 3642 qua-

153 3659 287 3738 potest,
312 3669 352 3717 ac
367 3647 571 3740 nequidem
588 3647 895 3739 conspici-meatus
917 3669 980 3736 per
1002 3640 1070 3714 hoc
1088 3643 1145 3713 in·
1197 3669 1277 3716 rum
1305 3643 1489 3714 fabricatio
1521 3657 1640 3714 tamen
1673 3666 1793 3713 causas
1827 3639 1944 3718 habet.
1995 3641 2187 3720 Auriculae

154 3748 348 3820 terstirium
365 3749 448 3819 iacti
464 3762 623 3840 possunt,
638 3748 987 3836 sedexudatsangois
1003 3747 1040 3814 in
1058 3748 1146 3816 alte·
1197 3749 1286 3818 duae
1311 3747 1450 3815 additae
1475 3759 1575 3830 sunt,
1609 3746 1717 3814 altera
1742 3748 1879 3831 dextra,
1903 3746 1967 3815 obi
1989 3771 2071 3818 cava
2097 3771 2186 3822 vena

154 3873 234 3922 rum
258 3849 495 3920 ventriculum
522 3875 583 3942 per
610 3851 875 3940 angustissimos
905 3871 1021 3939 poros.
1080 3843 1146 3918 Est
1197 3849 1405 3940 sanguinem
1420 3847 1458 3914 in
1474 3871 1535 3916 cor
1549 3846 1725 3931 infundit,
1749 3843 1832 3916 hiric
1849 3848 1983 3918 orificio
1998 3851 2117 3921 addita
2135 3869 2188 3925 est

153 3965 271 4023 autem
300 3947 586 4023 dextri-thalami
617 3947 701 4022 haec
732 3953 883 4035 utilitas,
915 3951 1074 4040 excipere
1104 3974 1144 4020 ex
1198 3953 1424 4032 membrana,
1454 3973 1544 4042 quae
1564 3951 1662 4017 sinus
1679 3949 1902 4020 etanlractns
1918 3944 2041 4032 habet,
2066 3954 2105 4021 in
2121 3949 2186 4026 hos

154 4077 238 4126 cava
256 4077 345 4126 vena
359 4055 565 4144 sanguinem
582 4078 623 4124 eo
643 4053 870 4138 influentem,
897 4052 958 4146 qui
974 4052 1025 4120 ibi
1045 4075 1145 4142 prae·
1199 4053 1375 4143 spargitur
1391 4049 1508 4144 aliqua
1527 4075 1606 4141 pars
1620 4049 1813 4140 sanguinis,
1832 4069 1937 4143 quarn
1954 4075 2015 4122 cor
2029 4056 2188 4145 proxime

154 4168 311 4248 paratur,
338 4167 373 4224 et
386 4155 424 4223 in
440 4157 527 4225 duas
543 4170 658 4247 partes
672 4153 915 4234 distribuitur,
942 4155 1048 4223 altera
1064 4154 1145 4245 pul·
1200 4153 1334 4237 haurit,
1369 4176 1414 4220 ne
1446 4147 1709 4221 vehementiore
1742 4154 1949 4222 attractione
1981 4177 2066 4224 cava
2098 4180 2186 4228 vena

152 4279 294 4326 monem
322 4257 404 4338 alit,
428 4257 539 4327 altera
559 4257 726 4326 subtilior
748 4257 877 4326 exudat
898 4255 936 4323 in
961 4255 1144 4325 sinistrum
1199 4271 1395 4346 rumpatur.
1443 4251 1549 4324 Utin
1574 4266 1645 4324 tota
1671 4247 1836 4323 machina
1859 4248 2006 4324 humani
2029 4260 2187 4348 corporis

152 4355 372 4442 thalamum,
417 4359 481 4429 ubi
515 4359 553 4428 in
588 4359 733 4448 spiritus
758 4358 883 4450 vitales
914 4357 1145 4429 convertitur.
1199 4357 1314 4449 opifex
1330 4355 1435 4439 cavit,
1457 4378 1502 4423 ne
1516 4355 1634 4424 subito
1649 4377 1795 4444 magnae
1809 4356 1921 4425 moles
1934 4357 2188 4428 transiundan-

153 4457 255 4532 Duae
278 4474 362 4530 sunt
383 4473 500 4530 autern
521 4483 632 4529 venae
648 4460 775 4529 infixae
798 4461 921 4528 dextro
938 4459 1146 4541 ventriculo,
1171 4509 1174 4548 ,
1199 4475 1275 4541 tur,
1316 4460 1374 4526 sed
1409 4455 1542 4550 ubique
1571 4457 1848 4528 moderationem
1882 4472 1916 4528 et
1949 4460 2185 4529 contationem

152 4585 237 4632 cava
260 4561 393 4632 scilicet
415 4585 505 4656 quae
528 4573 581 4632 est
606 4561 737 4630 canalis
761 4561 944 4650 sanguinis
970 4561 1016 4629 ab
1047 4573 1146 4652 epate
1171 4551 1309 4656 l-amat,
1336 4572 1369 4627 ct
1385 4558 1553 4647 paulatim
1569 4559 1651 4628 iacit
1668 4573 1834 4650 tanquam
1853 4557 2112 4644 instillationes‚
2138 4563 2185 4632 ita

152 4663 363 4734 transmissi.
415 4663 640 4756 Spargentur
654 4676 769 4733 autem
788 4675 823 4735 et
837 4664 882 4730 ab
904 4658 972 4731 hoc
994 4661 1070 4753 ipso
1089 4685 1146 4730 ca·
1200 4676 1234 4732 et
1257 4659 1398 4730 sinistra
1422 4659 1577 4728 auricula
1596 4661 1760 4728 adiuncta
1786 4673 1836 4729 est
1860 4659 2008 4730 arteriae
2027 4683 2203 4746 venosae,

153 4765 229 4834 nali
252 4765 291 4834 in
312 4788 451 4836 summa
475 4765 681 4836 trasiexites
703 4764 815 4848 rami,
850 4787 1000 4834 coronae
1020 4763 1145 4855 specie,
1198 4776 1238 4834 ut
1252 4761 1453 4832 eumantius
1470 4761 1528 4830 fiat
1550 4763 1640 4832 airis
1661 4761 1860 4832 transfusio.
1911 4761 2005 4834 Sunt
2019 4776 2136 4832 autem
2153 4779 2188 4834 et

152 4867 218 4960 qui
239 4867 446 4957 sanguinem
467 4863 603 4938 vehunt
624 4867 742 4937 miuus
764 4865 947 4950 subtilem,
972 4887 1044 4958 quo
1062 4889 1145 4956 pro·
1200 4861 1350 4935 hostiola
1374 4863 1557 4932 canalibus
1579 4863 1746 4933 omnibus
1769 4860 1955 4953 adiuncta,
1981 4865 2188 4954 aperiuntur

152 4963 230 5059 pric
248 4991 311 5038 cor
331 4969 501 5043 nutritur.
551 4964 676 5040 Altera
697 4991 787 5038 vena
810 4967 850 5036 in
872 4969 995 5037 dextro
1012 4965 1145 5038 ventri·
1200 4979 1232 5038 et
1250 4967 1465 5036 clauduntur
1480 4964 1694 5034 tenuissimis
1708 4963 2065 5058 pelliculistanquam
2084 4991 2187 5057 oper-

153 5071 235 5140 culo
248 5093 290 5140 ex
305 5069 382 5160 ipso
397 5071 504 5140 corde
519 5069 649 5152 oriens,
673 5068 879 5140 nominatur
895 5091 985 5138 vena
1000 5068 1146 5138 arteria·
1200 5067 1288 5142 culis
1305 5091 1393 5136 vena
1413 5089 1496 5136 cava
1523 5077 1557 5135 et
1580 5089 1667 5134 vena
1695 5065 1885 5135 materialis
1908 5065 1948 5134 in
1964 5067 2087 5137 dextro
2100 5091 2186 5138 ven-

153 5172 209 5252 iis,
235 5170 317 5264 qnia
333 5172 470 5242 tunicas
485 5167 590 5240 habet
604 5172 790 5263 crassiores
805 5183 840 5239 et
852 5169 990 5240 arteriis
1002 5169 1146 5252 similes,
1199 5169 1338 5241 triculo.
1378 5163 1425 5238 Et
1437 5179 1533 5236 aorta
1548 5180 1581 5236 et
1595 5167 1722 5236 arteria
1736 5188 1864 5236 venosa
1888 5166 1925 5234 iu
1942 5167 2085 5238 sinistro
2101 5193 2187 5239 ven-

153 5295 224 5364 qua
242 5273 278 5340 io
296 5273 498 5364 pulmonem
508 5267 806 5361 vehitursanguis
820 5272 996 5374 spbtilior,
1010 5271 1073 5366 qui
1087 5295 1147 5342 ex·
1199 5271 1348 5354 triculo,
1382 5263 1448 5338 liae
1472 5269 1657 5358 pelliculae
1679 5267 1792 5338 dictae
1815 5261 2068 5366 τριγλώχινες,
2103 5273 2186 5364 quia

156 5369 312 5458 balneet,
338 5375 408 5445 nisi
431 5398 520 5446 vena
546 5371 717 5444 munitior
740 5387 838 5445 esset.
890 5371 1042 5445 Sinister
1063 5396 1145 5444 vero
1198 5371 1332 5445 similes
1357 5384 1440 5442 sunt
1463 5369 1600 5540 cqqudi
1623 5364 1766 5440 babenti
1783 5383 1854 5440 tres
1867 5369 2015 5463 pinnas,
2039 5395 2114 5442 non
2130 5394 2187 5444 so-
