4688 5826
225 257 301 346 css
722 207 886 334 nucu
913 252 989 332 nu
1018 251 1300 332 nucouro
1334 253 1765 335 ronnrcanuu
2198 257 2275 336 uo

220 441 403 540 pientibns
418 436 518 522 viris,
534 431 705 506 formicae
717 431 972 525 praeferentur.
1015 427 1096 500 Hoc
1111 429 1220 522 plane
1270 431 1442 526 qnoniam
1464 443 1612 526 propter
1632 445 1801 518 aetatem,
1824 431 1884 502 vel
1904 433 1951 504 ad
1973 431 2173 506 mestos
2194 455 2272 520 vos,

222 561 274 618 ⁰⁸²
289 546 387 616 {⁰¹¹⁸
401 535 649 632 Pf⁰V0fb5⁰ms
673 533 838 605 Formica
854 534 1021 608 camelus.
1071 529 1121 604 Et
1137 555 1218 602 cnrn
1271 535 1329 604 vel
1352 536 1397 606 ad
1421 529 1662 607 cohortandos
1684 559 1812 627 parum
1832 534 2033 608 autoritatis
2049 529 2185 621 habeo,
2209 559 2273 606 re-

221 671 298 720 non
321 643 452 738 possim
477 636 547 710 boc
568 639 647 708 loco
669 660 794 708 omnes
817 659 958 718 causas,
984 658 1049 706 cnr
1064 633 1113 704 ita
1131 632 1220 704 seri·
1270 637 1387 708 citabo
1408 638 1511 710 vobis
1528 636 1775 728 gravissimum
1792 637 1932 723 locum,
1953 637 2018 731 qni
2035 649 2128 708 artat
2142 637 2183 708 in
2198 636 2275 710 Xe.

223 749 334 846 pserit
347 746 539 825 solomon,
561 741 722 824 recitare,
746 753 830 810 sunt
845 739 941 808 enim
958 737 1104 836 multae,
1130 758 1219 829 quas
1271 735 1476 832 nophonte,
1508 764 1686 836 quemque
1709 763 1746 810 se
1767 734 1974 832 Xenophon
1994 764 2035 812 ex
2056 737 2202 812 Prodici
2224 741 2274 812 li.

223 879 266 926 es
287 849 398 944 ipsius
414 843 639 916 Christianae
662 841 845 912 doctrinae
865 841 1028 911 fontibus
1042 839 1148 928 longe
1163 862 1219 908 re-
1272 844 1337 913 bro
1362 843 1642 934 tranucripsisse
1670 843 1812 916 fatetur.
1863 841 1958 914 suns
1985 855 2105 914 ,utem
2126 855 2272 914 coum.

222 969 342 1050 petere
370 960 570 1042 oporteret,
603 957 723 1015 tamen
753 967 863 1014 unam
886 937 979 1012 banc
1000 965 1220 1012 commemo-
1269 945 1343 1014 riae
1370 946 1549 1016 orationes
1570 945 1713 1016 virtutis
1735 958 1771 1016 et
1790 944 1985 1037 voluptatis
2007 945 2052 1014 ad
2075 941 2271 1018 Herculem

222 1057 371 1130 rendam
401 1071 475 1120 esse
506 1047 605 1118 duxi·
675 1045 793 1124 Tanta
822 1045 958 1117 desidia
991 1057 1043 1115 est
1070 1038 1221 1114 humani
1270 1047 1545 1133 deliberantem,
1570 1062 1686 1119 utram
1712 1047 1805 1117 vitae
1826 1047 1921 1118 viam
1937 1047 2178 1138 ingrediatur,
2205 1073 2272 1116 vn-

181 1203 184 1212 =
221 1155 349 1240 animi,
375 1154 425 1222 ita
447 1151 588 1242 penitus
609 1145 731 1218 haeret
752 1148 792 1218 in
813 1147 945 1218 nostris
967 1146 1135 1217 medullio
1154 1169 1221 1214 vo-
1270 1149 1417 1242 luptatis
1437 1173 1484 1220 ne
1506 1174 1552 1220 an
1575 1149 1720 1222 virtutis
1741 1149 1857 1222 studia
1880 1163 2067 1244 sequatur,
2098 1149 2149 1222 siu
2170 1150 2270 1220 enim

220 1265 399 1353 luptatnm
419 1268 527 1347 atque
549 1251 620 1322 ocii
642 1275 762 1336 amor,
787 1264 828 1321 ut
849 1250 948 1320 nulla
964 1262 1063 1320 tanta
1079 1247 1220 1340 sapien-
1272 1253 1340 1324 aits
1369 1249 1462 1323 Cum
1481 1249 1656 1324 Hercules
1679 1276 1721 1322 ex
1741 1252 1893 1342 pueritia
1908 1256 2093 1342 'egressus‚
2126 1253 2273 1346 iamque

223 1361 272 1436 tia
303 1361 367 1445 sit,
399 1379 489 1451 quac
521 1377 595 1424 non
621 1354 842 1444 voluptatum
866 1351 1046 1422 illecebris
1066 1349 1163 1419 vinci
1185 1361 1221 1420 et
1270 1379 1380 1447 prope
1402 1356 1623 1446 pubertatem
1644 1365 1750 1440 esset,
1783 1379 1853 1448 qus
1873 1367 1987 1432 aetate
2009 1352 2066 1424 sui
2087 1367 2274 1446 compotes

223 1461 419 1566 expugnari
449 1459 578 1550 P⁰⁵⁵5is
609 1470 650 1527 1¹1
674 1455 888 1526 industriam
910 1455 1141 1546 laboremque
1162 1475 1220 1522 re-
1270 1458 1355 1528 facti
1376 1457 1635 1540 adolescentes,
1661 1457 1861 1547 significant
1877 1471 1995 1526 utram
2010 1457 2124 1537 viam,
2152 1458 2274 1528 virtu-

222 1567 351 1639 miiffl·
408 1559 517 1650 Q¹¹⁰d
546 1583 627 1628 cum
657 1558 762 1629 etiam
788 1555 920 1628 Politaa
949 1557 1221 1626 animadvertis-
1270 1560 1335 1644 tis,
1359 1583 1406 1628 an
1427 1559 1589 1650 ignaviae
1610 1559 1750 1650 ingredi
1767 1558 1898 1637 velint,
1923 1558 2009 1630 exiit
2026 1557 2197 1630 incolum
2212 1561 2274 1632 lo·-

222 1683 321 1753 sent,
346 1667 527 1734 linxerunt
539 1659 729 1730 Herculem
743 1673 796 1730 tot
811 1659 1025 1729 domitorem
1042 1669 1221 1727 monstro·
1271 1687 1351 1731 cum
1365 1662 1526 1754 seditque
1541 1662 1667 1732 tacitus
1676 1685 1796 1732 secum
1807 1661 2020 1744 deliberans,
2046 1662 2274 1732 utramviam

222 1795 325 1850 rum,
359 1759 557 1856 Omphalae
585 1787 705 1832 amore
728 1776 890 1854 captum,
921 1761 1091 1832 muliebri
1114 1773 1220 1844 vaste,
1270 1765 1388 1838 iniret.
1439 1762 1511 1834 Hic
1531 1765 1774 1856 adparuerunt
1790 1764 1929 1834 eiduae
1944 1763 2175 1834 mulierculae
2191 1789 2275 1836 ma-

223 1877 263 1944 in
286 1891 461 1966 gynaecw
484 1879 663 1938 tenentem
685 1865 815 1937 colum.
867 1859 986 1957 Atque
1006 1858 1076 1932 hoc
1098 1862 1153 1931 illi
1176 1863 1220 1932 de
1270 1867 1363 1938 iores
1385 1862 1542 1938 bumana
1564 1865 1697 1956 specie,
1721 1887 1874 1957 quarum
1897 1865 2128 1938 alteravultn
2144 1869 2277 1938 mode-

223 1997 363 2049 summo
396 1971 475 2039 viro
506 1969 703 2057 fingebant,
742 1979 784 2036 ut
814 1965 1054 2055 significarent
1082 1964 1220 2034 ncillam
1271 1983 1325 2038 sto
1344 1985 1378 2040 et
1395 1969 1536 2042 liberali
1552 1981 1646 2052 erat,
1673 1967 1775 2036 nullo
1790 1967 1979 2059 peregrino
1995 1968 2095 2038 cultu
2111 1981 2172 2038 aut
2186 1969 2275 2040 fuco

222 2091 358 2152 tantam
382 2095 455 2142 esse
478 2071 550 2140 vim
573 2069 705 2154 animi,
730 2091 820 2161 quae
839 2092 915 2138 non
931 2067 1048 2156 frangi
1065 2091 1104 2135 ac
1118 2066 1221 2136 debi-
1270 2084 1412 2156 ornata,
1437 2073 1498 2142 sed
1513 2069 1668 2161 genuina
1686 2069 1829 2140 bonitas
1844 2069 1981 2138 formae
1993 2070 2204 2160 adparebat,
2232 2071 2277 2140 in

222 2179 321 2255 litari
342 2173 528 2245 blanditiis
549 2171 741 2260 voluptatis
763 2185 892 2262 posset.
942 2167 1118 2260 Compara
1136 2191 1220 2236 vero
1271 2197 1419 2264 corpore
1446 2171 1666 2256 mundicias,
1696 2171 1736 2241 in
1766 2170 1879 2240 ocrslis
1904 2172 2037 2262 pudor,
2068 2171 2107 2242 in
2129 2171 2276 2244 incessu

222 2277 314 2352 mihi
342 2277 508 2348 formicas
533 2275 577 2342 ad
602 2268 698 2342 hunc
721 2270 934 2356 Herculem,
969 2285 1029 2341 ant
1055 2269 1084 2339 si
1107 2271 1220 2339 mavis
1270 2276 1452 2358 modestia,
1471 2287 1603 2344 vestem
1618 2286 1800 2366 praeterea
1815 2273 2005 2342 candidam
2018 2293 2155 2360 gerens.
2200 2271 2277 2346 At-

223 2385 269 2454 ad
292 2379 557 2456 Alexandrum,
588 2369 715 2444 harum
742 2374 954 2445 industriam
975 2372 1221 2442 sedulitatem·
1271 2391 1345 2452 tara
1368 2372 1543 2460 habitior,
1569 2389 1604 2446 et
1626 2375 1761 2458 fucata,
1785 2399 1868 2444 nam
1891 2388 1927 2444 et
1947 2375 2060 2444 rubor
2083 2389 2117 2448 et
2135 2379 2277 2448 candor·

224 2509 293 2581 que
316 2482 416 2552 nulla
439 2503 494 2549 res
519 2501 679 2569 unquam
702 2477 869 2546 retardat.
921 2473 981 2544 llli
1004 2473 1137 2544 scilicet
1156 2469 1221 2541 be-
1268 2479 1387 2548 'maior
1408 2491 1484 2548 erat
1508 2477 1642 2550 nativo.
1692 2471 1741 2546 Et
1763 2476 1951 2546 incedebat
1970 2475 2116 2566 supina,
2146 2481 2277 2550 oculos

225 2609 305 2660 roes
319 2605 457 2654 summa
471 2579 643 2671 sapientia
659 2602 698 2648 ac
709 2577 919 2672 fortitudine
929 2575 1092 2667 praediti,
1114 2597 1221 2668 quam
1270 2581 1340 2650 late
1355 2581 1536 2672 pandens,
1561 2591 1656 2648 veste
1673 2577 1819 2662 induta,
1845 2601 1935 2671 quae
1950 2578 2103 2648 formam
2118 2581 2278 2652 maxime

223 2685 403 2760 immutati
432 2695 534 2762 sunt,
575 2680 664 2751 alter
694 2703 814 2749 amore
841 2677 1091 2760 mulierculae,
1131 2677 1222 2746 alter
1271 2683 1562 2766 commendabat,
1593 2681 1839 2773 contemplans
1868 2681 2014 2750 iuterim
2043 2703 2099 2763 se,
2136 2697 2171 2753 et
2198 2684 2276 2754 cir·-

224 2791 331 2864 etiam
344 2787 456 2876 magis
469 2782 626 2854 beluinis
640 2781 895 2873 voluptatibus.
946 2777 1027 2850 Huc
1042 2779 1152 2868 igitur
1164 2801 1221 2848 sa·-
1271 2797 1533 2876 cumspectans,
1563 2783 1613 2852 'an
1643 2783 1705 2852 alii
1730 2807 1767 2852 se
1792 2782 1974 2862 viderent,
2008 2806 2277 2877 nonnunquam

225 2915 304 2966 crae
325 2891 448 2960 literae
471 2885 648 2978 sapientes
669 2883 774 2954 ctiam
792 2883 887 2952 viros
903 2894 1106 2966 accersunt,
1132 2879 1220 2951 etin
1270 2885 1377 2956 etiam
1391 2887 1557 2956 umbram
1571 2907 1671 2954 suam
1687 2883 1888 2974 respiciens.
1941 2882 2134 2978 Postquam
2151 2901 2277 2958 autum

223 2992 318 3068 hanc
341 2989 556 3062 academiam
577 2999 756 3056 vocantut
773 2985 929 3068 discant,
953 3007 1028 3054 non
1045 2984 1152 3054 modo
1169 2983 1221 3052 si·
1272 2989 1419 3080 propius
1443 3001 1590 3057 ventum
1616 2999 1687 3070 ast,
1713 2986 1775 3055 illa
1797 2985 1899 3077 prior
1914 2987 2072 3058 modeste
2089 2991 2279 3080 pergebat.

224 3097 347 3168 milam
370 3094 410 3162 in
423 3089 608 3160 laboribus
622 3087 856 3158 constantiam
873 3087 1119 3178 praestandam
1133 3108 1221 3168 esse,
1271 3089 1369 3161 Haec
1392 3103 1509 3160 autem
1535 3101 1574 3158 ut
1597 3101 1853 3172 anteverteret,
1887 3088 2040 3160 accurrit
2061 3092 2106 3160 ad
2131 3090 2279 3164 Hercu-

225 3196 416 3270 sedetiam
438 3207 479 3263 ut
500 3192 644 3260 videant
667 3203 799 3282 quanta
824 3189 869 3258 sit
889 3182 1222 3257 infirmitashuma-
1271 3194 1362 3272 lem,
1404 3215 1444 3262 η
1480 3189 1615 3283 inquit:
1657 3189 1772 3260 vide„
1803 3203 1837 3260 ge
1866 3187 2039 3260 Hercule,
2071 3194 2278 3266 deliberare

178 3293 191 3304 ⁸
224 3323 355 3373 norum
376 3295 597 3376 animorum,
623 3293 686 3384 qui
704 3305 775 3361 tam
789 3291 892 3360 facile
908 3290 1093 3380 defatigari
1107 3313 1143 3358 sc
1159 3313 1222 3378 pa·
1271 3307 1389 3364 utram
1405 3293 1500 3362 viam
1516 3294 1558 3362 ad
1577 3292 1686 3362 vitam
1701 3293 1873 3384 agendam
1889 3292 2113 3381 ingrediaris·
2159 3294 2278 3386 Quod

224 3405 380 3484 tiantur,
403 3411 445 3467 ut
465 3394 634 3465 formicae
658 3393 765 3464 etiam
789 3393 918 3462 robore
940 3392 1052 3460 animi
1073 3391 1222 3460 summis
1272 3396 1302 3466 si
1327 3419 1383 3464 me
1406 3396 1472 3466 tibi
1493 3394 1715 3475 adiunxeris,
1747 3397 1876 3464 ducam
1897 3407 1932 3463 te
1956 3394 2211 3468 iucundissima
2235 3414 2279 3472 et

226 3504 518 3597 virispracstent.
569 3493 619 3566 Et
633 3489 697 3564 has
710 3494 790 3564 ideo
805 3493 939 3564 intueri
954 3495 1064 3578 iubet,
1085 3506 1125 3563 ut
1140 3517 1221 3562 cum
1271 3498 1441 3568 facillima
1471 3497 1541 3570 vig,
1592 3494 1700 3566 Nulla
1732 3519 1789 3565 m
1819 3496 1977 3566 jucunda
2000 3511 2069 3580 ω’
2102 3523 2171 3594 qm
2194 3524 2277 3572 non

223 3607 382 3678 viderint
402 3615 537 3674 tantam
558 3599 632 3666 vim
653 3597 845 3666 vilissimae
864 3597 1034 3666 bestiolae
1048 3595 1222 3664 divinitus
1273 3600 1418 3692 potieris
1438 3612 1473 3670 ,ι
1494 3598 1693 3670 molestiam
1715 3599 1853 3668 nuum,
1875 3599 2094 3690 petpffieffl·
2145 3600 2279 3696 Neque

226 3713 346 3780 datam
374 3727 467 3787 asse,
496 3713 618 3793 petant
648 3713 683 3768 et
707 3699 794 3790 ipsi,
827 3712 1079 3790 expectentquc
1101 3722 1120 3767 a
1143 3695 1221 3768 Deo
1273 3703 1369 3772 enim
1397 3716 1459 3772 aut
1485 3701 1598 3784 bella,
1630 3711 1692 3770 aut
1715 3699 1784 3768 alia
1807 3700 1928 3789 gravia
1949 3703 2097 3791 negocia
2117 3706 2278 3788 curabis,

225 3811 378 3882 similem
399 3803 634 3876 constantiam
651 3801 948 3892 industriamque.
999 3799 1069 3870 Sed
1091 3801 1135 3868 de
1153 3794 1222 3868 hoc
1272 3805 1333 3874 sed
1349 3799 1418 3874 hoc
1433 3825 1546 3872 unum
1563 3800 1733 3891 cogitabis
1748 3825 1788 3870 ac
1804 3825 1969 3894 quaeras,
1992 3804 2057 3874 nbi
2073 3818 2135 3876 aut
2149 3807 2277 3878 cibum

225 3925 301 3986 toto
310 3913 388 3980 loco
398 3907 459 3978 alii
468 3903 736 3975 rectiusdieent.
768 3899 968 3971 Vosautem
978 3901 1103 3992 optimi
1113 3898 1221 3972 Com·
1273 3919 1335 3977 aut
1357 3918 1481 3998 potum
1502 3903 1701 3974 suaviorem
1725 3903 1905 3986 invenias,
1931 3908 2104 3999 autquod
2121 3909 2280 3984 delectet

225 4012 427 4094 militones,
454 4007 624 4101 quoniam
646 4005 693 4074 ita
716 4004 841 4075 iubent
864 4025 981 4072 sacrae
997 4003 1139 4086 literae,
1163 4002 1221 4070 in·
1274 4009 1416 4092 oculor,
1441 4019 1503 4078 aut
1517 4007 1615 4078 unde
1630 4005 1831 4076 olfaciendo
1847 4018 1907 4076 gut
1922 4011 2101 4097 tangendo
2113 4010 2278 4105 anquam

225 4114 378 4188 tuemini
392 4111 578 4194 formicas,
599 4119 634 4177 et
649 4131 730 4176 curn
748 4107 898 4176 aliarum
916 4104 1088 4176 virtutum
1105 4127 1224 4174 exem-
1273 4112 1491 4201 voluptatem
1507 4108 1691 4200 percipias,
1718 4119 1779 4178 aut
1792 4107 1857 4178 ubi
1871 4109 2053 4180 amoribus
2066 4113 2278 4204 perfruaris,

226 4219 284 4314 pla
307 4219 353 4288 ab
376 4215 426 4284 eis
448 4212 574 4304 petite,
601 4223 676 4279 turn
696 4209 735 4277 in
756 4207 881 4300 primis
903 4231 1025 4276 aarum
1049 4207 1222 4277 sedulita·
1273 4225 1336 4284 aut
1358 4211 1538 4305 quomodo
1560 4210 1769 4280 mollissime
1785 4209 1910 4290 cubes,
1935 4223 1970 4280 et
1987 4217 2168 4304 quomodo
2184 4211 2279 4290 haec

225 4337 297 4394 2⁰¹⁰
320 4317 515 4408 exprimere
538 4313 753 4382 effluendi&-
822 4307 967 4382 Etenim
990 4309 1020 4378 δί
1041 4309 1099 4378 vel
1121 4310 1221 4380 nulla
1274 4315 1395 4384 omnia
1415 4313 1492 4384 sinc
1515 4312 1636 4406 aliquo
1652 4312 1774 4382 labore
1788 4313 2028 4405 consequaris.
2080 4313 2130 4388 Et
2144 4319 2174 4388 si
2188 4321 2277 4412 quie

226 4421 409 4517 proposita
431 4429 545 4486 essent
567 4413 672 4482 nobis
688 4413 821 4482 laboris
838 4412 951 4484 nostri
970 4412 1144 4501 praemia,
1168 4424 1223 4480 ta·
1273 4415 1442 4488 inciderit
1462 4427 1576 4486 metus
1600 4414 1779 4503 egestatis,
1807 4435 1881 4482 non
1897 4418 2060 4508 estquod
2076 4419 2200 4490 timeas
2214 4447 2279 4495 me

225 4549 309 4596 man
332 4521 503 4617 quoniam
524 4516 622 4586 Deus
650 4515 822 4608 praecipit
842 4527 883 4585 ut
906 4515 1126 4598 laboremus,
1160 4537 1223 4604 pa·
1273 4519 1341 4590 tibi
1375 4517 1512 4611 aliquid
1550 4517 1683 4586 laboris
1711 4515 1960 4608 imposituram
1986 4541 2082 4611 esse,
2122 4523 2277 4596 efficiam

225 4620 748 4700 rereitliusvocidohebamus.
785 4616 1014 4688 Nuncautem
1027 4617 1223 4688 tumeliam
1274 4621 1381 4705 enim,
1407 4613 1674 4703 utfruaris'his,
1699 4619 2280 4713 quaeelienoiaborepartcsunt

226 4744 325 4812 tanta
356 4724 514 4819 praemia
539 4720 834 4814 proposuerint,
869 4743 959 4811 quae
983 4731 1035 4788 est
1057 4718 1224 4800 amentia,
1275 4725 1314 4792 in
1337 4721 1518 4814 promptu.
1569 4719 1642 4792 Nec
1663 4721 1736 4790 ulla
1761 4745 1799 4789 re
1822 4721 2017 4792 abstinebis
2041 4727 2138 4796 unde
2158 4733 2278 4804 modo

225 4845 406 4908 tantarum
423 4850 543 4896 rerum
561 4823 807 4913 magnitudine
821 4843 895 4890 non
912 4821 1053 4892 excitari
1069 4833 1131 4890 aut
1145 4820 1224 4890 acui
1274 4849 1392 4916 speres
1421 4836 1456 4894 re
1486 4823 1642 4917 aliquam
1672 4823 1891 4914 volumnum,
1919 4847 2020 4914 pom
2047 4826 2278 4904 lucrifacere:

227 4939 271 5007 ad
303 4928 487 5004 laborem?
538 4925 599 4996 Nil
629 4925 706 4993 sine
735 4947 862 5010 magno
886 4924 957 4992 vita
980 4924 1103 4992 labore
1126 4923 1226 5010 dedit
1276 4925 1459 5018 egoenim
1478 4927 1567 4996 meis
1581 4925 1763 4996 sodalibus
1775 4937 1982 5017 potestatem
1996 4927 2088 4999 facio
2099 4953 2141 5002 ex
2152 4937 2279 5007 0πωὶ-

226 5033 459 5111 mortalibus,
484 5025 739 5123 inquitPoe'ta.
788 5023 947 5094 Proinde
961 5025 1074 5095 nolite
1088 5037 1224 5116 putare,
1275 5033 1344 5100 hur
1365 5031 1471 5100 rebus
1492 5027 1692 5119 volupme,
1714 5029 1912 5118 decerpere·
1977 5025 2075 5100 Hm
2098 5029 2279 5110 Hercules

228 5140 305 5210 sine
324 5157 452 5225 magna
474 5130 588 5202 animi
603 5125 834 5198 contentione
849 5127 923 5196 ulla
941 5128 1032 5196 vitae
1047 5128 1225 5218 praesidia
1274 5133 1443 5216 audiens,
1475 5131 1611 5223 {aquisg
1647 5127 1799 5214 Mulier,
1829 5131 1927 5223 quod
1951 5146 2003 5202 ω
2025 5133 2092 5202 tibi
2113 5143 2279 5210 nomen?

228 5259 432 5330 impilm
447 5257 511 5304 ΨΟ*
526 5245 586 5303 ³¹¹⁸
604 5227 756 5298 '‘²5¹¹‘oe
771 5249 883 5318 ΡΜ
934 5225 1015 5317 Qua
1030 5229 1074 5300 de
1090 5251 1224 5300 recum
1277 5234 1373 5306 Tum
1404 5233 1483 5304 illa:
1516 5230 1593 5302 Mei
1623 5231 1762 5302 sodales
1792 5245 1920 5302 vocant
1939 5257 1997 5303 me
2018 5231 2277 5312 Fordicitatem.
2324 5229 2335 5242 ’

226 5359 353 5415 omnes
366 5336 528 5407 omnium
545 5335 734 5434 doctorum
747 5329 907 5400 virorum
924 5329 1010 5400 libri
1027 5331 1126 5422 pleni
1140 5332 1225 5414 sint,
1277 5335 1351 5425 Qui
1371 5359 1429 5406 ma
1450 5345 1705 5425 aspernantur,
1732 5347 1859 5404 vorant
1881 5357 1938 5405 me
1962 5332 2156 5426 ignaviam.
2207 5341 2281 5414 ln-

228 5457 271 5516 02'
293 5439 415 5512 “felii
442 5433 512 5508 h⁰⁶
534 5455 663 5526 ΚΒΜ
684 5426 992 5518 “hmfifflums
1024 5455 1088 5523 08⁰
1109 5433 1225 5519 witi&
1276 5453 1370 5510 terea
1401 5436 1544 5509 accessit
1572 5436 1739 5508 etaltera
1764 5435 1909 5522 mulier,
1943 5438 2119 5532 dixitque:
2153 5439 2276 5518 Venio

84 5737 226 5796 Α
