4616 5816
202 247 279 326 4„
910 231 1074 316 nucu
1114 235 1191 314 nn
1223 233 1511 318 untronn
1640 213 1642 218 ’
1898 241 1904 252 ’
2156 240 2228 318 nt

203 437 336 508 torum,
357 417 495 514 quasin
509 413 687 486 mentibus
699 413 916 512 concipiunt,
938 410 1005 486 hoc
1021 409 1082 501 est,
1098 414 1192 507 ipsas
1240 409 1405 505 a'pntre,
1435 409 1606 484 fratribus
1633 427 1696 486 aut
1718 409 1814 490 tiliis.
1875 413 1917 486 ld
1948 410 2013 486 ier'
2026 417 2163 488 imitata
2187 419 2229 486 de
2293 475 2294 484 ,

202 523 444 602 definitiones,
477 531 538 590 aut
570 517 897 588 demonstrationes.
957 513 1048 586 Cum
1081 519 1192 608 igitur
1238 517 1462 606 raptoribus,
1487 539 1560 586 non
1584 529 1721 586 tantum
1744 519 1853 607 patri,
1879 523 1938 588 sed
1962 520 2067 588 etiam
2089 519 2231 588 caeteris

201 652 292 714 eam,
317 649 421 718 quam
437 623 539 692 toties
555 619 750 711 praedicat,
776 613 983 688 methodum
999 643 1073 688 uon
1091 641 1192 710 saepe
1241 617 1453 710 propinquis
1475 631 1681 708 potestatem
1704 619 1789 690 facit
1811 622 2046 690 interficiendi
2072 619 2232 712 raptoris.

201 723 387 806 adhibeat,
413 738 448 794 et
462 736 627 811 evagetur
644 719 835 814 aliquando
853 720 1000 790 liberius
1013 722 1051 790 in
1069 721 1192 812 dispu-
1242 719 1312 790 Sed
1329 720 1568 810 exemplorum
1583 724 1874 792 commemoratio
1883 724 2028 812 'longior
2043 737 2106 806 est,
2129 745 2230 814 quam
2293 735 2294 792 ζ

202 830 331 912 tando,
358 829 529 919 quaedam
545 824 650 893 etiam
672 823 793 911 figuris
810 822 988 902 involvat,
1014 847 1053 892 ac
1069 824 1192 892 volens
1241 837 1282 892 ut
1298 821 1486 891 conveniat
1501 815 1584 890 huic
1601 824 1764 913 tempori.
1800 822 2233 894 lmolurisconsultiton·
2293 829 2294 886 1

202 931 370 1014 occultet,
403 927 556 1019 denique
587 949 667 993 cum
691 949 773 994 raro
802 925 1013 1014 pronunciet
1037 926 1124 1017 quid
1146 926 1194 994 sit
1243 938 1318 994 tum
1336 917 1442 996 huius
1462 924 1642 1014 scriptoris
1658 925 1838 996 autoritati
1855 929 2073 1011 tribuerunt,
2099 940 2142 994 ut
2163 926 2233 996 eins
2293 919 2294 930 ’

201 1032 445 1113 sentiendum,
471 1027 644 1098 assentior
665 1026 946 1112 adolescentibus
971 1027 1088 1118 potius
1109 1049 1193 1118 pro-
1244 1026 1350 1094 verba
1373 1025 1478 1093 ctiam
1507 1023 1643 1112 legibus
1670 1027 1903 1112 inseruerint,
1936 1043 1976 1098 ut
1999 1030 2036 1096 in
2059 1028 2167 1097 titulo
2193 1031 2233 1096 dc
2293 1027 2294 1104 1

202 1135 408 1227 ponendum
431 1153 504 1202 esse
526 1127 770 1212 Aristotelem,
794 1127 858 1220 qui
878 1141 987 1210 artes,
1012 1151 1099 1220 quas
1121 1143 1194 1198 tra·
1243 1127 1417 1196 nundinis
1434 1125 1602 1196 recitatur
1624 1130 1795 1200 sententia
1816 1153 1906 1222 quae
1928 1132 2104 1221 adprobat
2126 1125 2235 1197 hone·
2293 1111 2294 1168 3

202 1237 276 1320 dit,
301 1233 451 1325 explicat
465 1231 631 1319 integras,
658 1243 692 1299 et
707 1225 915 1298 methodum
930 1231 1193 1320 simpliciorem,
1244 1244 1333 1298 stam
1383 1228 1661 1316 negociationem
1701 1253 1904 1324 quanquam
1954 1224 2233 1324 καπηλευτικήν.
2293 1227 2294 1300 l

204 1363 268 1408 ceu
282 1337 401 1420 filum,
425 1335 468 1404 ad
485 1334 677 1422 regendum
694 1333 858 1400 lectorem
875 1326 1031 1416 adhibet,
1057 1346 1090 1402 et
1107 1331 1194 1425 quid
1244 1329 1429 1400 Caeterum
1450 1330 1622 1420 plurimas
1645 1334 1836 1402 sententias
1859 1331 1982 1404 Cicero
2005 1355 2046 1402 ert
2069 1334 2235 1402 omnibus
2293 1327 2294 1412 ᾗ

203 1441 250 1512 sit
273 1437 515 1520 sentiendum,
542 1435 739 1526 plerunque
760 1433 984 1524 pronunciat.
1036 1429 1195 1504 Haecin
1245 1430 1405 1501 Platonis
1438 1432 1740 1520 disputationibus
1769 1437 1812 1504 de
1845 1433 2078 1525 imperiorum
2102 1435 2234 1502 vicibus
2293 1419 2294 1496 l

205 1541 432 1622 docentibus,
463 1549 503 1606 ut
524 1536 752 1629 requirantur
774 1535 905 1604 multae
926 1558 1049 1624 graves
1072 1558 1195 1604 causae
1246 1547 1281 1602 et
1297 1533 1554 1622 gubernatione
1567 1535 1701 1604 recitat.
1741 1535 1858 1606 Multa
1875 1550 2087 1606 ornamenta
2104 1532 2234 1605 etAri·
2293 1509 2294 1548 l

205 1657 300 1714 sunt.
352 1639 401 1714 Ut
423 1639 517 1709 enim
540 1637 622 1707 satis
644 1637 810 1708 dentibus
826 1637 990 1708 draconis
1011 1634 1195 1722 aCadmo‚
1245 1635 1386 1704 stoteles
1409 1633 1613 1704 exPlatone
1633 1637 1826 1728 decerpsit,
1861 1663 1952 1730 quae
1978 1633 2143 1708 adhibita
2165 1659 2234 1704 me-

109 1765 114 1770 ·
206 1769 301 1835 seges
317 1755 436 1813 exorta
452 1754 504 1810 est
516 1753 743 1818 armatorum,
771 1739 834 1830 qui
850 1739 943 1808 inter
957 1761 993 1808 se
1008 1739 1077 1830 ipsi
1089 1738 1197 1808 dimi·
1246 1731 1359 1806 thodo
1387 1735 1545 1826 explicat.
1604 1736 1696 1808 Nam
1720 1739 1914 1810 divisiones
1938 1739 2117 1824 iusticias,
2150 1759 2235 1831 quac
2293 1731 2294 1808 l

207 1860 344 1932 carunt,
371 1844 418 1914 ita
434 1844 464 1912 si
484 1843 563 1936 quis
577 1855 669 1912 serat
685 1840 866 1935 ambiguas
882 1839 1086 1932 opiniones,
1112 1865 1197 1910 eno·
1247 1851 1331 1908 sunt
1346 1839 1539 1907 admodum
1560 1839 1682 1923 utiles,
1709 1843 1858 1932 sumpsit
1880 1839 2086 1926 aPlatone,
2112 1861 2234 1932 easque

205 1949 351 2019 ciuntur
374 1947 458 2014 inde
488 1943 605 2013 variae
636 1966 675 2011 ac
703 1943 921 2033 perniciosae
950 1941 1197 2012 dissensiones.
1248 1940 1359 2030 magis
1379 1939 1525 2010 inclusit
1551 1941 1744 2012 dialecticis
1774 1945 1889 2015 metis,
1949 1943 2113 2014 Platonis
2135 1944 2233 2012 etiam
2293 1945 2294 2034 l

107 2065 108 2070 ’
204 2049 317 2120 Paulo
341 2061 422 2117 ante
448 2041 540 2114 hanc
561 2057 708 2113 aetatem
725 2043 915 2112 Bessarion
939 2058 972 2114 et
992 2043 1197 2134 Trapezon·
1248 2042 1432 2112 inventum
1448 2055 1509 2127 est,
1528 2043 1717 2114 discrimen
1733 2047 1929 2136 specierum
1945 2044 2118 2129 iusticias,
2144 2045 2234 2112 iuxta

205 2153 276 2222 tius
294 2145 473 2219 hostiliter
495 2147 588 2215 inter
602 2169 638 2214 se
652 2147 910 2231 dissenserunt,
936 2169 1016 2218 cum
1037 2139 1095 2216 hic
1112 2144 1198 2216 Ari·
1246 2144 1505 2234 proportiones,
1530 2141 2141 2223 ArithmatieametGeomurteam.
2169 2143 2234 2212 Vc·

208 2255 389 2338 stotelem,
416 2250 476 2319 ille
494 2247 678 2317 Platonem
702 2249 902 2318 anteferret.
952 2247 993 2316 ld
1019 2263 1196 2320 certamen
1247 2271 1327 2316 rum
1344 2247 1381 2313 in
1398 2241 1589 2316 Aristotele
1604 2249 1786 2318 dialectica
1808 2251 1943 2338 integra
1964 2263 2026 2322 est.
2078 2246 2128 2318 Et
2143 2242 2234 2337 Phy-
2293 2267 2294 2326 3

206 2355 349 2424 diremit
370 2348 582 2422 Theodorus
605 2347 718 2432 Gaza,
753 2349 918 2444 inquiens
944 2373 1046 2422 suum
1070 2349 1197 2444 cuique
1247 2347 1317 2417 sica
1331 2361 1415 2418 sunt
1434 2349 1608 2418 eruditius
1624 2347 1786 2422 inchoata
1801 2353 1845 2422 ab
1861 2352 1946 2444 ipsis
1961 2351 2108 2434 laribus,
2133 2361 2173 2419 ut
2189 2348 2233 2416 ita
2293 2345 2294 2418 l

206 2458 323 2526 locum
356 2455 587 2525 tribuendum
621 2473 712 2522 esses
747 2453 796 2522 ita
821 2453 1010 2522 lectionem
1037 2451 1198 2521 Platonis
1246 2451 1384 2534 dicam,
1411 2445 1477 2519 hoc
1494 2453 1722 2542 cstnprimis
1746 2455 1858 2524 initiis
1874 2467 1909 2523 et
1932 2456 2099 2546 perducta
2115 2453 2160 2520 ad
2176 2452 2234 2518 tle-

203 2559 359 2628 multum
390 2558 611 2648 profuturam
645 2578 736 2638 esse,
777 2553 806 2622 si
834 2555 912 2648 quis
944 2555 982 2622 in
1007 2553 1197 2624 Aristotele
1248 2552 1474 2643 scriptionem
1506 2566 1654 2624 naturae
1686 2556 1906 2626 animalium.
1972 2550 2101 2624 Ethica
2133 2553 2233 2620 etiam
2293 2545 2294 2614 l

206 2675 301 2730 recte
317 2657 511 2740 institutus,
537 2671 655 2748 postea
673 2653 857 2725 Platonem
873 2657 975 2745 legat.
1009 2653 1100 2725 Nam
1117 2679 1197 2726 cum
1248 2654 1444 2744 simplicius
1466 2657 1666 2726 traduntur.
1718 2654 1888 2726 Amemus
1912 2657 2022 2747 igitur
2041 2669 2232 2747 utrunque:

205 2761 331 2830 afferet
347 2759 457 2830 lector
469 2755 728 2829 Aristotelicum
746 2751 964 2848 methodum,
979 2758 1080 2826 facile
1096 2757 1198 2850 quasi
1246 2771 1280 2825 et
1297 2779 1377 2826 cum
1399 2756 1438 2822 in
1453 2751 1646 2826 Aristotele
1667 2759 1893 2848 mediocriter
1906 2758 2034 2828 versati
2054 2757 2233 2836 fuerimus,
2293 2755 2294 2832 t

209 2863 304 2933 intra
321 2875 432 2932 certas
447 2875 556 2929 metas
573 2859 732 2928 includet
745 2882 801 2927 eas
816 2883 881 2938 res,
899 2884 988 2952 quae
1004 2862 1097 2950 apud
1116 2859 1199 2928 Pla·
1248 2858 1398 2928 alterum
1425 2857 1530 2926 etiam
1555 2871 1702 2949 propter
1723 2862 1883 2950 politicas
1906 2861 2071 2930 materias
2107 2873 2142 2928 et
2156 2881 2233 2950 pro·

208 2978 327 3034 tonem
346 2963 416 3032 late
434 2963 620 3052 dissipatae
638 2974 731 3033 sunt.
769 2957 815 3029 Et
833 2955 1199 3030 hancfuisseAristo-
1249 2973 1326 3049 pter
1347 2959 1584 3050 eloquentiam
1605 2960 1772 3049 legamus.
1824 2960 1941 3032 Ilabet
1960 2985 2042 3032 suos
2065 2961 2232 3054 quosdam

209 3065 272 3136 teli
295 3087 432 3134 causam
449 3063 621 3147 arbitror,
648 3086 711 3131 cur
728 3055 934 3132 methodum
954 3063 1040 3132 adeo
1061 3062 1199 3132 exiliter
1249 3063 1364 3144 locos,
1404 3075 1549 3150 propter
1584 3085 1674 3152 qnos
1712 3064 1870 3134 eruditos
1901 3065 2076 3134 delectare
2115 3071 2232 3154 potest.

209 3177 480 3248 consectaretur,
502 3177 542 3234 ut
557 3187 595 3233 ea
610 3186 732 3256 quaen
748 3159 896 3234 Platone
913 3177 1103 3254 acceperat,
1125 3163 1199 3233 col·
1250 3161 1416 3252 Disputat
1431 3163 1525 3230 enim
1544 3163 1627 3232 satis
1645 3165 1798 3253 graviter
1814 3168 1858 3234 de
1874 3165 2138 3237 immortalitate
2159 3159 2232 3230 ani·
2293 3171 2294 3234 t

205 3270 316 3352 lecta,
342 3268 547 3360 etquadam
568 3263 773 3336 oeconomia
798 3277 903 3358 atquc
925 3267 1052 3334 ordine
1077 3265 1199 3336 distri·
1249 3287 1388 3332 morum
1413 3259 1670 3349 humanorum,
1697 3281 1731 3337 et
1755 3262 2006 3358 Philosophiae
2026 3268 2135 3334 finem
2156 3262 2232 3333 ubi·
2293 3281 2294 3340 t

209 3372 315 3447 buta,
346 3369 496 3458 posteris
522 3367 657 3456 integre
689 3367 854 3438 traderet.
915 3362 995 3436 Etsi
1025 3369 1197 3460 quaedam
1249 3364 1318 3457 ¹que
1331 3365 1512 3435 constituit
1527 3367 1744 3454 agnitionem
1758 3367 1836 3452 Dei,
1862 3369 2081 3460 sicutinquit
2097 3369 2136 3435 in
2150 3385 2231 3457 qua·
2293 3383 2294 3392 ¹

209 3472 333 3540 limare
346 3470 450 3538 etiam
467 3493 505 3538 ac
530 3469 703 3556 corrigere
719 3467 852 3554 voluit,
878 3493 996 3538 rerum
1019 3481 1138 3544 tamen
1159 3468 1198 3536 in
1248 3469 1330 3535 dam
1346 3466 1509 3556 epistola:
1536 3468 1583 3536 ita
1601 3483 1696 3539 recte
1711 3465 2056 3561 philosophabimur‚
2077 3470 2109 3538 si
2124 3459 2230 3537 Deum

209 3597 346 3642 summa
361 3597 434 3639 non
449 3594 574 3660 magna
591 3584 642 3640 est
658 3570 921 3645 dissimilitudo.
964 3567 1038 3639 Nec
1054 3569 1198 3640 difficile
1250 3591 1477 3657 agnoscemus
1501 3569 1687 3638 universae
1704 3585 1851 3668 naturae
1870 3585 2022 3663 patrem,
2047 3593 2185 3640 causam
2199 3577 2230 3634 et
2293 3573 2294 3580 ’

210 3689 262 3745 est
277 3673 511 3766 prudentibus
527 3673 662 3757 videre,
687 3686 768 3742 uter
784 3669 821 3740 in
837 3697 904 3765 qua
922 3686 1020 3762 parte
1036 3686 1198 3762 praestet.
1237 3675 1521 3770 'gubernatorem
1540 3693 1631 3756 esse,
1657 3673 1759 3765 eique
1774 3674 1864 3742 iuste
1879 3675 2038 3743 viventes
2054 3675 2229 3758 obtempc-
2293 3747 2294 3752 ἵ

211 3776 426 3868 Quanquam
453 3775 547 3842 enim
571 3774 669 3843 dicar
692 3774 848 3862 ineptus,
875 3773 937 3868 qui
962 3773 1057 3847 velut
1080 3771 1199 3842 Midas
1250 3772 1431 3856 rabimus0¹
1469 3768 1692 3842 Hancunam
1708 3776 1768 3858 ait,
1792 3799 1866 3844 non
1882 3766 2229 3868 ἄμουσονπαιὸείαν
2293 3775 2294 3778 ’

209 3879 254 3947 de
268 3873 437 3968 Apolline
453 3889 487 3946 et
500 3875 596 3945 Pane
610 3875 678 3942 sibi
696 3875 866 3943 iudicium
882 3875 1042 3963 sumpsit,
1068 3874 1118 3944 ito
1135 3897 1198 3965 ego
1250 3896 1340 3957 esse,
1373 3885 1407 3941 et
1436 3895 1553 3942 veram
1582 3871 1855 3967 philosophiam.
1918 3874 1966 3947 Et
1990 3875 2073 3970 quia
2095 3873 2228 3946 videbat
2293 3863 2294 3940 l

211 3981 256 4048 de
287 3981 428 4048 duobus
457 3976 763 4069 praestantissimis
786 3971 1014 4063 Philosophis
1041 3975 1199 4046 iudicare
1251 3971 1336 4044 haec
1360 3974 1514 4044 derideri
1535 3978 1580 4045 ab
1608 3971 1741 4062 atheis,
1772 3979 1956 4048 confirmat
1977 3980 2142 4062 lectores,
2175 3975 2228 4041 in-

211 4079 344 4166 ausim,
376 4093 495 4150 tamen
521 4081 707 4150 ostendere
727 4078 1007 4149 adolescentibus
1029 4078 1116 4149 utile
1138 4069 1200 4165 est,
1250 4078 1377 4170 quiens
1393 4099 1467 4145 non
1485 4079 1570 4147 satis
1591 4101 1684 4163 esse,
1709 4081 1759 4150 sic
1774 4081 1926 4165 sentire,
1951 4081 2134 4150 sedetiam
2156 4075 2227 4146 ani-
2293 4089 2294 4154 j

212 4182 298 4273 quid
329 4194 489 4266 autores,
520 4183 581 4274 qui
612 4181 765 4274 proponi
792 4181 925 4266 solent,
960 4181 1200 4270 profiteantur.
1248 4201 1327 4247 mos
1347 4178 1394 4250 ita
1418 4179 1679 4250 confirmandos
1705 4195 1740 4252 et
1766 4183 2048 4252 corroborandos
2074 4205 2164 4264 esse,
2191 4185 2228 4245 ut

211 4283 384 4356 Uberiosa
406 4297 489 4352 sunt
503 4307 555 4369 ea,
571 4285 715 4376 quaede
728 4282 908 4353 civitatum
921 4284 1200 4352 administratio-
1251 4295 1476 4351 contemnere
1503 4304 1564 4350 eos
1581 4283 1772 4372 possimus,
1804 4286 1867 4377 qui
1888 4307 1953 4354 nos
1974 4286 2024 4354 ita
2046 4285 2226 4354 sentientes

212 4411 258 4456 ne
274 4383 376 4454 Plato
396 4385 534 4469 scribit,
561 4401 594 4455 et
609 4399 692 4455 sunt
709 4397 831 4454 ornata
847 4384 996 4453 mirilico
1012 4385 1200 4476 splendore
1249 4381 1424 4456 derident.
1476 4379 1578 4452 vidit
1592 4383 1688 4453 enim
1705 4380 1923 4476 Philosopho
1945 4381 2010 4456 hac
2027 4383 2227 4456 fortitudine
2293 4429 2294 4440 ,

215 4488 396 4557 orationis.
422 4483 559 4558 Etcum
577 4487 765 4555 dissimiles
780 4487 890 4556 libros
904 4487 1094 4576 scripserit,
1108 4487 1201 4577 poli·
1250 4507 1339 4576 opus
1353 4507 1447 4568 esse,
1471 4507 1517 4552 ne
1531 4507 1569 4552 se
1582 4484 1826 4577 improborum
1843 4487 1984 4557 iudiciis
2000 4513 2021 4557 a
2040 4501 2134 4557 recta
2155 4503 2226 4554 sen·

213 4593 309 4674 tiam,
327 4603 360 4659 et
377 4587 508 4657 librum
526 4591 569 4657 de
585 4589 733 4680 legibus,
760 4589 799 4656 in'
814 4589 925 4658 altero
941 4583 1090 4658 liberius
1102 4588 1199 4673 lusit,
1250 4587 1361 4656 tentia
1382 4585 1514 4676 depelli
1529 4586 1633 4661 sinat.
1684 4584 1762 4659 Etsi
1778 4603 1895 4660 autem
1921 4585 1984 4659 has
1999 4588 2159 4660 Platonis
2174 4610 2226 4656 co-
2293 4631 2294 4646 κ

215 4693 332 4764 sedin
356 4691 449 4760 libro
467 4692 511 4758 de
526 4683 662 4780 legibus
675 4689 869 4781 smpliciter
882 4703 915 4760 et
930 4689 1006 4758 sine
1020 4689 1199 4778 aenigma·
1251 4688 1436 4776 gitationes
1459 4701 1493 4757 et
1522 4686 1597 4780 ipse
1623 4711 1703 4758 amo
1734 4714 1774 4760 ac
1795 4690 1967 4782 suspicio,
1994 4703 2111 4760 tamen
2136 4707 2225 4759 error

210 4797 316 4866 -tibus
335 4815 434 4864 suam
448 4793 657 4864 sententiam
676 4791 836 4882 exposuit
850 4803 884 4860 et
901 4791 1198 4883 praeceptacolle-
1249 4790 1393 4859 illorum
1408 4789 1577 4860 acerrime
1592 4785 1904 4882 reprehendendus
1920 4806 1992 4874 est,
2015 4793 2079 4884 qui
2095 4803 2226 4884 propte-

219 4899 270 4987 git
289 4897 393 4967 utilia
411 4895 456 4964 ad
480 4895 769 4984 gubernationem
786 4892 988 4977 civitatum,
1010 4893 1199 4985 exquibus
1249 4915 1307 4962 rea
1323 4893 1547 4964 confundunt
1556 4891 1773 4962 Platonicam
1784 4890 2057 4984 Philosophiam
2070 4907 2105 4964 et
2117 4892 2225 4964 Evan-

218 5005 388 5092 tanquam
408 5020 449 5064 ex
466 4997 623 5066 fontibus
644 4997 755 5066 multa
775 4991 1020 5064 iurisconsulti
1040 4991 1197 5065 Romani
1250 4994 1391 5083 getium.
1444 4991 1541 5064 Haec
1562 4991 1721 5064 conlusio
1736 5019 1903 5085 generum
1919 4997 2099 5065 doctrinae
2115 4993 2224 5064 erudi-

217 5095 421 5170 hauserunt.
464 5097 622 5188 Apparet
639 5098 734 5166 enim
752 5097 791 5164 in
807 5095 928 5166 multis
943 5096 1081 5186 legibus
1096 5095 1206 5178 auth·¹
1249 5096 1294 5164 tis
1314 5098 1468 5165 cavenda
1491 5110 1529 5167 et
1545 5099 1746 5174 detestanda
1766 5112 1838 5183 est,
1865 5123 1905 5168 ac
1922 5098 2131 5180 videndum,
2154 5094 2223 5188 quis

219 5225 274 5270 res
290 5225 380 5292 pene
398 5199 672 5270 verbaPlatonis
688 5198 896 5272 describere.
947 5196 1001 5268 De
1022 5199 1198 5288 stupro‘ui
1250 5193 1908 5288 locusPhi‘losophiae'tribuendnssit.
1957 5197 2026 5269 Dei
2043 5201 2222 5268 donasunt

218 5305 311 5371 facto
331 5301 447 5370 sanxit
463 5299 577 5380 Plato,
606 5315 646 5372 ut
669 5314 906 5393 stupratorem
926 5297 1074 5368 interfici
1084 5299 1198 5384 lineat,
1250 5321 1374 5368 omnes
1393 5299 1508 5369 bnnse
1531 5313 1641 5384 artes,
1666 5303 1848 5371 sed-suum
1870 5303 2030 5392 singulae
2046 5302 2158 5372 locum
2177 5311 2221 5366 te-

221 5401 426 5472 nonsolum
449 5402 494 5470 ab
514 5401 585 5469 illis
605 5399 804 5496 quibusvis
827 5399 996 5487 infertur,
1018 5397 1197 5472 sedetiam
1243 5401 1366 5472 neunt.
1417 5397 1512 5470 Vera
1527 5396 1776 5494 Philosophia,
1802 5400 1870 5475 hoc
1886 5418 1955 5490 est,
1982 5405 2221 5474 nondeerrans
