4614 5820
94 283 160 362 645

90 457 252 552 pulacerit
265 477 375 548 genus
388 449 600 542 humanum.
648 451 763 546 Saepe
783 451 889 526 etiam
911 443 1003 523 mibi
1017 449 1071 521 la-

89 559 242 656 chrymae
256 571 451 652 erumpunt
472 555 628 634 intuenti
649 555 690 626 in
713 550 770 626 his
786 553 927 648 pompis
943 553 1071 624 iuven-

86 679 206 747 tutem,
226 661 283 732 cui
299 661 399 755 quasi
416 685 481 754 per
495 683 622 731 manus
638 653 816 730 Ecclesiae
839 655 1070 748 gubernatio-

87 789 159 834 nem
175 779 208 834 et
219 787 339 834 curam
354 764 617 833 conservandae
633 761 815 831 doctrinae
829 758 947 829 omnis
963 779 1068 848 gene-

85 868 129 938 ris
139 865 323 940 trademus.
375 861 445 934 llic
459 887 523 955 ego
538 887 620 934 curn
634 860 876 956 impendentia
889 857 1070 930 Ecclesiae

84 967 229 1062 pericula
253 967 375 1037 auimo
395 963 630 1059 praemetior,
663 988 738 1034 non
753 985 896 1056 possum
915 986 988 1032 non
1005 963 1069 1030 de·

82 1071 213 1161 plorare
236 1092 374 1154 causas,
403 1091 495 1164 quae
512 1069 647 1140 multae
665 1078 768 1148 suut,
793 1079 828 1136 et
850 1077 932 1134 vota
953 1063 1068 1132 lacere

83 1197 141 1264 pro
156 1171 275 1252 vobis,
300 1170 561 1256 adolescentes,
585 1169 648 1265 qui
665 1168 702 1238 in
718 1163 810 1239 banc
820 1165 1067 1236 difficillimam

82 1267 235 1342 militiam
253 1271 445 1364 conscripti
461 1271 556 1358 estis,
578 1285 612 1344 et
626 1269 809 1364 aliquanto
820 1281 898 1361 post
914 1265 1067 1358 subituri

82 1373 277 1444 accerrimas
297 1373 556 1447 dimicationes.
615 1371 712 1442 Haec
728 1371 965 1440 observantur
988 1367 1066 1438 ani-

82 1501 133 1545 mo
157 1501 252 1556 meo,
285 1477 424 1570 quoties
452 1477 498 1548 ad
521 1471 586 1546 hos
610 1495 818 1564 congressus
849 1473 994 1556 accedo,
1027 1465 1079 1538 in'

81 1579 202 1672 quibus
224 1591 261 1649 et
279 1573 349 1648 hoc
369 1571 462 1647 mibi
485 1575 628 1647 videtur
654 1570 893 1668 pulcherrime
922 1573 1067 1644 institu-

81 1693 166 1766 tum,
191 1703 237 1750 ne
258 1679 330 1750 sint
348 1677 548 1765 inerudita,
568 1692 667 1750 muta
688 1691 723 1748 et
735 1667 914 1774 βαναυσά
930 1687 1067 1767 specta-

70 1781 169 1866 cula,
194 1795 235 1852 ut
247 1795 331 1852 sunt
345 1781 527 1868 aularum,
552 1781 613 1850 sed
627 1792 668 1851 ut
683 1775 888 1849 inEcclesia
901 1776 1066 1849 iuventus

7 1919 8 1922 ¹
80 1883 190 1954 audiat
210 1883 368 1976 aliquid,
395 1885 494 1978 quod
525 1884 572 1954 ad
603 1881 841 1953 eruditionem
865 1893 926 1952 aut
949 1901 1066 1949 mores

7 1979 8 2000 ³
80 1985 196 2073 prosit.
246 1984 324 2056 Hae
339 1984 527 2058 conciones
538 1997 623 2056 sunt
636 1982 866 2078 praecipuum
879 1982 985 2053 decus
997 1975 1066 2051 ho·

79 2108 150 2155 rum
166 2109 428 2178 congressuum.
1023 2173 1026 2182 Ι

169 2186 363 2282 Postquam
379 2189 490 2278 igitur
501 2211 559 2259 me
572 2186 711 2282 publici
724 2185 884 2258 muueris
899 2185 991 2256 ratio
1005 2209 1066 2256 co-

79 2287 123 2377 git
135 2288 203 2359 iam
220 2285 386 2360 hocloco
402 2289 539 2372 dicere,
564 2291 669 2360 valde
685 2290 839 2383 optarim
862 2311 919 2358 me
932 2288 1065 2360 oratio-

79 2413 152 2459 nem
170 2391 311 2462 adsone
331 2415 432 2484 posso
454 2393 581 2464 utilem
602 2391 799 2477 iuventuti,
825 2403 860 2462 et
879 2413 951 2460 non
969 2390 1064 2460 iniu-

77 2494 221 2562 cundam
239 2494 529 2585 praeceptoribus
551 2495 694 2566 nostris.
744 2491 978 2565 Decreverarn
1002 2514 1064 2562 au·

78 2606 138 2662 tam
152 2595 358 2690 aliquid'de
377 2597 440 2666 illa
464 2595 668 2667 dulcissima
689 2591 943 2688 Philosophiae
965 2609 1065 2688 parte

79 2694 206 2781 dicere,
232 2721 326 2791 quae
347 2697 515 2787 coelestes
534 2713 653 2770 motus
674 2711 711 2770 et
732 2697 877 2768 effectus
900 2695 1076 2798 inquirit,

77 2821 174 2890 quam
189 2799 229 2868 iu
245 2795 311 2870 hac
325 2795 446 2872 schola
464 2801 584 2870 doceo.
624 2797 696 2872 Sed
713 2795 782 2870 hoc
797 2813 956 2891 tempore
972 2799 1065 2868 inter

77 2913 218 2970 caeteras
235 2902 506 2996 occupationes,
529 2925 589 2986 ea,
612 2925 702 2996 quae
716 2895 984 2986 inchoaveram,
1000 2900 1058 2970 ab·

76 3001 201 3072 solvere
223 3027 301 3073 uon
324 3003 438 3096 potui.
468 3039 472 3044 ·
497 2999 618 3093 Quare
640 3003 755 3094 delegi
780 3003 879 3074 aliud
903 3025 1063 3074 commu·

76 3101 149 3172 nius
165 3120 440 3193 argumentum,
465 3105 511 3175 de
530 3129 602 3200 quo
623 3129 680 3176 me
694 3107 892 3176 recentium
907 3099 1064 3175 conven-

75 3215 165 3274 tuum
175 3205 335 3278 actiones
352 3208 626 3278 admonuerunt.
662 3205 759 3296 Lego
776 3208 813 3276 in
824 3207 947 3278 edictis
957 3205 1063 3277 Priu-

75 3303 184 3398 cipum
199 3301 327 3380 haberi
342 3308 619 3383 deliberationes
634 3309 678 3378 de
691 3308 903 3378 dirimendis
921 3322 1063 3381 coutro-

7 3487 13 3502 ,
75 3407 189 3478 versiis
221 3410 478 3482 ecclesiasticis.
551 3407 684 3500 Magna
710 3424 745 3482 et
772 3405 916 3482 heroica
948 3411 1062 3482 virtus

74 3523 119 3580 est
135 3507 363 3602 Principum,
388 3512 419 3581 si
430 3511 619 3586 .verltatem
638 3513 793 3604 patefieri
811 3526 844 3582 et
860 3511 1062 3584 confirmari

74 3605 200 3684 volunt.
264 3611 306 3683 td
332 3613 363 3683 si
381 3613 509 3685 facturi
531 3627 635 3696 sunt,
670 3616 771 3685 decet
794 3609 995 3710 εὐφημεῖν,
1028 3627 1063 3684 et

73 3711 154 3783 bcne
174 3715 332 3806 precari,
356 3729 396 3786 nt
419 3715 572 3788 salutare
594 3716 796 3788 institutum
818 3713 916 3787 Deus
934 3739 1063 3810 prove-

73 3807 138 3888 hat.
187 3815 262 3888 Sed
277 3841 299 3886 o
315 3839 391 3886 rem
406 3815 575 3890 miseram
590 3819 751 3888 acerbam
768 3831 803 3890 et
817 3821 1061 3909 mactandam,

73 3909 134 3986 hoc
152 3917 276 3990 moliri
298 3913 426 3990 harum
447 3919 629 3990 actionum
645 3922 752 3990 duces
769 3913 832 3992 καὶ
846 3914 1063 4016 βραβευτὰς

73 4017 192 4105 audio,
217 4032 261 4092 ut
279 4021 412 4094 fucosis
433 4021 924 4110 conciliationibustenebras
939 4019 1062 4094 Evau-

72 4119 154 4209 gelio
176 4121 372 4210 inducant,
403 4137 438 4195 et
457 4123 719 4196 illucescentem
748 4125 931 4194 veritatem
958 4125 1061 4193 novis

72 4223 263 4313 praestigiis
284 4225 459 4307 obruant,
491 4249 532 4297 ac
556 4227 655 4297 tanto
679 4225 810 4296 scelere
831 4226 946 4296 otium
964 4226 1061 4296 redi-

72 4337 172 4395 mant.
223 4323 330 4396 Hauc
352 4327 398 4396 ad
420 4349 496 4422 rem
515 4322 688 4398 adh'ibent
712 4324 875 4398 homines
902 4327 1061 4414 callidos,

72 4427 127 4494 sed
142 4450 248 4516 prave
260 4427 455 4513 institutos,
474 4441 509 4500 et
523 4431 568 4499 ad
577 4423 816 4520 Sophisticam
831 4431 1060 4504 adsuefactos.

71 4521 227 4600 Christus
241 4531 292 4602 ait
307 4530 533 4601 mendacium
546 4555 565 4601 a
579 4530 723 4600 diabolo
739 4531 844 4601 oriri:
870 4532 969 4602 nulla
993 4532 1060 4622 igi-

72 4639 126 4699 tur
146 4643 241 4702 aetas
257 4645 354 4704 caret
376 4627 590 4726 sophistica.
617 4681 622 4690 -
642 4630 791 4724 Semper
814 4633 910 4702 enim
934 4634 1060 4706 diabo-

72 4728 122 4800 lus
149 4733 236 4804 serit
256 4735 458 4816 mendacia,
492 4747 526 4806 et
547 4745 590 4805 ut
613 4734 685 4804 sint
710 4733 931 4826 plausibilia,
962 4760 1059 4806 com-

73 4835 208 4905 mendat
223 4833 345 4930 aliquo
364 4849 556 4930 praetextu.
596 4835 674 4906 Hae
690 4835 842 4906 insidiae
856 4861 954 4908 nuuc
969 4861 1060 4931 quo-

73 4956 135 5026 que
150 4939 325 5009 cavendae
339 4952 441 5024 sunt,
466 4938 673 5032 praesertim
687 4961 767 5009 cum
783 4933 869 5010 haec
882 4941 1059 5012 aetasfato

73 5037 219 5128 quodam
237 5039 399 5112 videatur
413 5039 568 5112 obnoxia
592 5039 833 5110 crebrioribus
848 5041 1059 5112 mutationi-

73 5135 152 5224 bus,
176 5154 212 5214 et
229 5141 317 5211 mira
331 5143 377 5212 sit
394 5141 623 5233 ingeniorum
647 5141 908 5212 inconstantia?
941 5143 1060 5214 curio-

74 5236 166 5326 sitas,
198 5244 403 5333 petulantia.
459 5239 508 5316 Et
533 5258 634 5336 urget
657 5245 858 5316 occasiones
886 5243 1060 5330 diabolus.

74 5337 141 5410 Atii
157 5343 343 5416 fastidiunt
363 5359 457 5417 recte
472 5347 621 5432 tradita,
643 5347 706 5416 alii
732 5348 933 5438 arrogantia
949 5369 1060 5419 novas

75 5443 256 5534 opiniones
278 5461 472 5542 quaerunt,
503 5449 596 5519 alius
624 5449 751 5522 metuit
777 5450 991 5532 certamina,
1020 5466 1060 5524 ut

126 5550 302 5619 Mensura.
319 5555 426 5621 Oern.
440 5553 524 5620 Vos.
540 5551 603 5622 XI.
895 5575 897 5580 ’

647 275 809 355 ouer.
842 271 919 351 un
952 269 1103 368 omo
1137 229 1545 351 sorarsrrcus.

2041 273 2119 356 646

1119 447 1159 518 in
1186 446 1297 518 veteri
1329 469 1433 516 versu
1463 443 1611 516 dicitur:
1645 439 1758 541 ἕπτηξ
1784 441 1949 546 ἅλίκτωρ
1977 441 2118 526 doctos

1120 545 1170 632 cic
1191 543 1319 630 κλίνας
1339 544 1486 645 πτίρον.
1542 545 1756 618 lmbuendae
1779 564 1860 622 sunt
1877 553 1986 643 igitur
2000 555 2116 626 bonae
2145 583 2153 606 ·

1119 666 1254 730 mentes
1286 673 1406 722 amore
1440 649 1615 735 veritatis,
1646 663 1682 720 et
1708 651 1955 724 instillandum
1984 656 2115 726 acerri-

1119 779 1216 826 mum
1240 755 1364 824 odium
1381 748 1599 845 sophistices.
1650 749 1754 824 Hauc
1778 755 1825 825 ob
1840 779 1979 828 causam
1996 781 2114 828 exem-

1118 858 1175 946 pla
1202 858 1374 952 quaedam
1399 853 1623 946 superiorum
1646 867 1865 952 temporum,
1895 882 1970 928 non
1995 859 2112 930 solum

1117 959 1156 1028 in
1171 955 1347 1043 Ecclesia,
1373 959 1436 1049 sed,
1457 956 1562 1028 etiam
1582 956 1622 1024 in
1642 956 1802 1048 imperiis
1817 959 1960 1050 collegi,
1985 975 2026 1032 ut
2046 963 2113 1032 ad·

1116 1075 1287 1132 moneant
1302 1060 1487 1152 fugiendas
1503 1080 1577 1128 esse
1594 1057 1727 1128 similes
1744 1061 1964 1150 praestigias,
1997 1076 2032 1135 ct
2050 1086 2112 1158 sy-

1117 1158 1361 1255 cophanticam
1379 1159 1662 1252 indignissimam
1678 1159 1957 1252 subgravibus,
1979 1178 2013 1236 et
2028 1189 2111 1257 per-

1116 1265 1286 1338 niciosam
1312 1263 1416 1340 vitae.
1474 1257 1652 1333 Exordiar
1672 1275 1788 1334 autem
1809 1265 1854 1350 ab
1876 1266 2109 1340 ecclesiastico
2219 1303 2230 1326 ·

1115 1368 1286 1459 exemplo,
1661 1365 1673 1376 ”

1218 1467 1308 1540 Cum
1324 1483 1413 1541 esset
1426 1462 1738 1558 iugeusEcclesiae
1750 1467 1947 1554 calamitas,
1973 1471 2109 1542 discor-

1115 1573 1172 1644 dia
1197 1595 1238 1642 ex
1258 1571 1368 1664 impio
1391 1568 1472 1640 Arii
1493 1573 1657 1661 dogmate
1677 1584 1778 1658 nata,
1809 1573 1931 1655 multi,
1963 1589 2004 1647 ut
2026 1585 2110 1648 suut

1116 1669 1303 1744 hominum
1326 1671 1491 1770 consilia,
1525 1685 1689 1744 nontam
1703 1673 1861 1760 ueritati,
1879 1699 1993 1769 ¹quam
2011 1690 2110 1748 trau-

1114 1775 1283 1871 quillitati
1308 1777 1509 1846 consultum
1533 1773 1744 1866 cupiebant..
1798 1773 1921 1870 ltaque
1951 1776 1990 1848 in
2020 1777 2110 1874 Syr-

1114 1877 1240 1948 miensi
1250 1876 1397 1972 Synodo
1408 1876 1564 1972 quaesita
1580 1889 1632 1948 est
1644 1876 1809 1967 ambigua
1820 1878 1992 1968 formula,
2019 1901 2110 1974 quae

1114 1980 1144 2052 si
1168 1981 1214 2052 ab
1238 1995 1388 2074 utraque
1411 1977 1511 2072 parte
1532 1978 1766 2070 reciperetur,
1799 1980 1987 2052 dissidium
2003 1983 2110 2054 tolle-

1115 2097 1178 2158 ret.
1236 2079 1433 2167 Convenit,
1465 2094 1505 2152 ut
1528 2103 1652 2150 omues
1668 2076 1846 2154 Ecclesiae
1868 2083 2000 2174 pariter
2015 2085 2109 2175 lege-
2187 2161 2188 2174 ,

1114 2197 1195 2255 rent
1211 2183 1250 2252 in
1274 2183 1435 2279 symbolo
1460 2178 1612 2276 ὅμοιον,
1645 2205 1725 2253 cum
1748 2197 1850 2255 antea
1867 2185 1917 2278 pii
1942 2185 2108 2277 legissent

1114 2277 1326 2380 ὅμοούσιον.
1360 2278 1896 2380 HicCothuruusutriquepedi
1910 2295 2108 2380 congruens
2190 2323 2200 2348 ν

1115 2391 1303 2460 videbatur
1323 2386 1507 2460 sustulisse
1529 2387 1753 2462 discordiam.
1812 2385 1884 2460 Sed
1904 2391 1991 2484 quid
2016 2393 2109 2462 acci-

1114 2492 1192 2564 dit?
1230 2489 1364 2562 Eucosa
1389 2513 1575 2585 nunquam
1597 2489 1774 2560 durabilia
1793 2501 1887 2566 suut.
1937 2489 2029 2564 Cum
2046 2492 2110 2564 alii

1114 2595 1217 2667 aliter
1242 2594 1561 2686 interpretarentur
1589 2593 1810 2688 symbolum,
1844 2616 1966 2666 rursus
1984 2595 2109 2666 incen-

1114 2697 1214 2767 dium
1231 2696 1345 2767 maius
1360 2721 1401 2766 er
1417 2696 1478 2766 illa
1500 2695 1575 2785 ipsa
1598 2694 1752 2792 symboli
1768 2695 1967 2787 corruptela
1989 2709 2108 2767 ortum

1113 2813 1176 2871 est.
1228 2795 1543 2870 Confirmabantur
1564 2797 1659 2867 enim
1673 2797 1818 2882 Ariani,
1844 2821 1917 2870 uon
1933 2797 2110 2870 sanaban-

1114 2914 1191 2985 tur,
1217 2899 1267 2992 pii
1286 2901 1561 2993 premebantur,
1593 2899 1788 2970 imbecilles
1809 2913 1843 2972 ct
1867 2899 2002 2970 indocti
2028 2925 2110 2994 per-

1114 3004 1362 3078 turbabantur.
1414 3001 1514 3073 Talis
1529 3014 1579 3072 est
1596 3001 1708 3072 exitus
1723 2995 1851 3072 horum
1866 3001 2109 3092 consiliorum,

1113 3129 1265 3200 quorum
1279 3105 1393 3196 imago
1408 3105 1447 3174 in
1461 3102 1653 3176 comoediis
1665 3103 1898 3197 proponitur,
1924 3129 1999 3176 non
2015 3121 2055 3179 ut
2069 3129 2111 3179 ca

1113 3207 1296 3280 imitemur
1318 3206 1358 3280 in
1383 3206 1635 3297 religionibus,
1666 3205 1706 3277 in
1728 3206 1904 3300 imperiis,
1935 3207 1975 3277 in
1997 3207 2110 3279 mori-

1113 3311 1198 3395 bus,
1224 3310 1284 3380 sed
1310 3322 1350 3380 ut
1379 3333 1501 3380 cavere
1525 3309 1713 3380 discamus.
1770 3307 1920 3381 Ludunt
1933 3309 2026 3380 servi
2042 3311 2111 3380 lal-

1113 3411 1231 3494 laciis,
1257 3423 1298 3483 ul
1312 3411 1437 3506 Syrus.
1488 3407 1584 3481 Huic
1604 3411 1770 3504 equidem
1786 3411 1936 3481 consilio
1953 3411 2109 3505 palmam
2134 3438 2141 3449 ‘

1114 3517 1182 3598 do,
1213 3509 1272 3582 hic
1296 3525 1353 3583 m'e
1375 3512 1559 3604 magnifice
1583 3513 1710 3600 effero,
1743 3513 1806 3606 qui
1829 3512 1902 3582 vim
1918 3525 2052 3584 tantam
2070 3514 2110 3584 in

1113 3641 1169 3686 me
1186 3629 1219 3686 et
1235 3627 1442 3708 potestatem
1459 3612 1606 3685 habeam
1623 3627 1741 3684 tantae
1760 3605 1926 3700 asturias,
1951 3639 2034 3686 vera
2052 3615 2109 3686 di-

1114 3719 1226 3787 ceudo
1243 3731 1283 3789 ut
1301 3739 1361 3788 eos
1375 3719 1499 3788 ambos
1513 3716 1647 3788 fallam.
1699 3714 1771 3788 Sed
1787 3716 1849 3786 ille
1864 3716 1959 3792 idem
1973 3731 2110 3792 vetera·

1114 3835 1171 3890 tor
1194 3819 1379 3914 aliquanto
1404 3834 1484 3912 post
1508 3813 1770 3911 deprehensus,
1796 3818 1883 3913 quid
1899 3818 1973 3890 ait?
2002 3817 2112 3906 Perii,

1113 3923 1295 4007 scelestus,
1328 3937 1478 4016 quantas
1500 3923 1622 3992 turbas
1634 3921 1790 3991 conscivi
1812 3921 1975 3995 insciens.
2026 3921 2110 3994 Nou

1113 4025 1178 4094 diu
1200 4025 1372 4096 lelellerat
1393 4046 1511 4104 senes,
1546 4025 1606 4094 sed
1635 4022 1702 4094 sibi
1728 4023 1847 4114 plagas
1869 4023 2110 4098 accersiverat.
2153 4048 2157 4056 “

1114 4125 1269 4196 Narrant
1279 4120 1447 4196 historiae
1461 4126 1501 4194 iu
1515 4125 1575 4192 illa
1586 4123 1939 4220 SyrmiensiSynodo
1956 4127 2110 4198 adfuisse

1113 4227 1312 4320 Hispanum
1334 4223 1551 4320 Episcopum
1573 4221 1702 4296 Osium
1726 4238 1819 4298 recte
1841 4229 2050 4300 sentientem
2069 4251 2110 4300 ac

1112 4343 1258 4425 propter
1280 4329 1516 4399 eruditionem
1533 4341 1567 4398 et
1588 4328 1753 4421 pietatem
1772 4329 1927 4402 clarum:
1960 4325 2018 4402 hic
2035 4331 2109 4403 sive

1112 4431 1269 4502 mollicie
1292 4431 1421 4516 animi,
1452 4431 1527 4502 sive
1548 4430 1810 4502 circumventus
1831 4431 1950 4527 aliqua
1970 4429 2109 4520 techna,

1114 4549 1152 4606 ut
1175 4535 1233 4619 ut,
1261 4533 1507 4626 comprobavit
1531 4533 1732 4622 ambiguam
1757 4546 1792 4603 et
1821 4528 2109 4629 sycophanticam

1113 4636 1315 4710 formulam.
1376 4633 1495 4707 Tanto
1518 4636 1596 4704 viro
1627 4659 1701 4704 uon
1725 4635 1801 4704 leve
1824 4637 1956 4707 vulnus
1977 4637 2108 4708 inflixit
2172 4707 2177 4714 ,
2218 4727 2221 4734 1

1113 4734 1172 4808 hic
1194 4761 1310 4823 error,
1336 4738 1541 4830 praesertim
1564 4737 1719 4807 intuenti
1742 4750 1861 4828 postea
1877 4761 1986 4809 novas
2003 4739 2108 4808 dissi-

1113 4839 1284 4933 pationes.
1344 4839 1498 4911 Dolebat
1517 4864 1537 4912 a
1559 4861 1596 4909 se
1619 4838 1796 4928 proditam
1820 4840 2108 4926 saeveritatem,

1113 4941 1339 5014 confirmatos
1353 4941 1546 5033 impiorum
1562 4941 1716 5026 furores,
1742 4943 1988 5034 perturbatum
2002 4941 2109 5035 spiri-

1113 5057 1193 5114 tum
1210 5059 1367 5117 sanctum
1390 5044 1428 5112 in
1449 5043 1571 5129 bonis,
1598 5043 1769 5114 adductos
1789 5042 1829 5116 iu
1846 5043 2108 5116 dubitationem

1114 5147 1319 5223 imbecilles.
1378 5144 1477 5236 Quid
1500 5159 1551 5218 est
1575 5144 1732 5236 turpius,
1762 5147 1941 5240 quamde
1966 5145 2109 5218 coelesti

1114 5249 1273 5320 doctriua
1293 5250 1342 5320 sic
1357 5251 1501 5328 ludere,
1525 5261 1566 5319 ut
1582 5247 1621 5316 in
1637 5247 1828 5318 comoediis
1852 5247 1983 5320 ludunt
1999 5247 2108 5320 Pseu-

1114 5350 1237 5436 dolus,
1269 5349 1458 5436 Palestrio,
1483 5344 1672 5433 Phormio,
1695 5361 1754 5420 aut
1768 5345 2110 5446 similcssycopban·

1113 5449 1193 5524 tae?
1243 5448 1292 5525 Et
1316 5466 1435 5524 tamen
1460 5451 1620 5522 videmus
1636 5463 1797 5540 potentes
1811 5475 1908 5524 nunc
1924 5453 2112 5547 praecipue

1621 5547 1671 5624 ⁸⁵
1736 5583 1739 5593 ι

1782 5695 1786 5702 ’
1881 5695 1892 5712 Χ
