4688 5826
100 271 163 348 su
573 261 733 343 nunu
778 259 863 340 ou
900 259 1285 356 srnrsnnunn
1318 226 1613 348 suranae.
2042 276 2117 354 arc

97 441 203 516 moltis
218 437 309 510 ritae
324 435 486 530 partibus
498 437 717 508 admonenti
736 449 855 507 tumen
871 459 997 508 censeo
1013 435 1071 508 in·
1121 437 1166 508 ad
1182 435 1350 510 virtutem
1365 451 1400 512 et
1412 439 1458 510 ad
1475 435 1581 510 decus
1596 437 1757 516 incitata.
1796 437 2013 518 Adolescens
2029 473 2114 520 con-

97 548 219 618 terdum
241 556 276 614 et
296 562 354 609 res
370 536 602 609 Germanicas
624 539 824 610 recitandas
843 561 935 626 esse3
966 553 1071 630 turpe
1120 539 1200 610 silio
1219 541 1329 631 patris
1345 540 1534 630 diligenter
1548 541 1587 610 in
1604 541 1715 614 literis
1733 541 1914 618 institutus
1930 564 1998 633 est,
2024 577 2114 644 qua-

97 659 139 717 rst
152 644 242 716 enim
257 640 449 712 domestica
461 639 636 730 ignorare.
669 637 719 710 Et
732 651 934 712 nostrarum
949 665 1070 712 rerum
1118 663 1200 712 rum
1226 641 1381 730 cognitio
1409 657 1529 732 postea
1551 643 1583 712 ei
1605 643 1644 720 in
1665 645 1921 733 gubernatione
1942 655 2113 724 maxima-

94 745 209 819 noticia
225 741 337 832 magis
360 742 531 814 conducit
543 744 589 812 ad
614 741 804 812 indicanda
822 743 967 832 negocia
981 739 1072 816 ttet-
1118 767 1199 814 rum
1215 767 1334 814 rernm
1353 765 1482 830 magno
1501 744 1582 816 usui
1606 743 1683 816 fuit.
1735 744 1841 817 Pater
1863 750 1896 820 ei
1913 747 2112 826 Marchiam

93 851 211 944 pubet
224 841 403 916 Ecclesiae
417 839 547 914 bornen
562 856 775 934 temporum.
826 842 912 914 ldeo
927 843 1069 915 decrevi
1116 841 1497 936 Braudenbnrgensem
1518 859 1554 916 et
1569 844 1769 916 Moraviam
1784 849 1947 944 reliquit,
1974 853 2011 923 in
2028 856 2111 950 qui·

94 955 129 1022 de
141 946 365 1038 sigismundo
381 943 595 1035 imperatore
607 945 747 1030 dicere,
779 969 883 1038 quern
901 959 942 1017 ut
956 947 1068 1036 potis·
1117 947 1185 1016 bns
1199 947 1361 1036 regendis
1378 969 1459 1018 cum
1476 947 1552 1018 eins
1570 948 1772 1038 prudentia,
1792 951 1981 1024 dexteritas
1997 981 2037 1026 ac
2054 955 2111 1028 iu-

93 1053 206 1122 simum
222 1047 409 1136 eligerem,
435 1046 540 1115 etiam
557 1047 711 1140 quadam
730 1046 857 1136 privati
876 1047 983 1116 officii
1008 1069 1065 1116 ra·
1117 1046 1216 1118 stiria
1238 1047 1373 1141 ubique
1395 1049 1677 1133 celebrarentur,
1701 1049 1868 1140 Hungari
1893 1079 1973 1124 eum
1992 1080 2110 1127 accer-

92 1155 175 1228 tione
195 1151 371 1232 adducor;
404 1169 487 1216 nam
506 1145 727 1235 sigismundi
745 1147 872 1217 eximia
894 1149 964 1220 init
985 1169 1066 1238 erga
1115 1149 1293 1234 siverunt,
1319 1171 1360 1219 ac
1379 1146 1513 1239 Regem
1536 1150 1605 1219 sibi
1626 1152 1878 1240 praefecerunt.
1933 1153 2003 1226 Hic
2023 1181 2108 1232 vero

90 1254 222 1347 patriam
247 1271 362 1318 meam
387 1243 621 1338 Noribcrgam
651 1248 909 1320 benevolentia.
961 1247 1067 1320 Pater
1116 1271 1241 1339 magna
1266 1272 1346 1320 enm
1364 1251 1526 1322 fortunae
1545 1251 1694 1322 varietas
1714 1253 1860 1343 excepit.
1913 1251 2022 1328 Initio
2041 1260 2109 1330 do·

89 1379 179 1439 vcro,
205 1350 356 1423 Carolus
372 1362 538 1442 quartus,
563 1349 742 1420 civitatem
759 1351 950 1424 domestica
971 1351 1066 1422 sedi·
1114 1351 1274 1422 mesticas
1296 1348 1551 1442 Hungarorum
1575 1353 1769 1422 discordias
1796 1354 1957 1441 diremit,
1991 1373 2025 1430 et
2042 1381 2108 1451 pa-

88 1458 171 1528 tione
184 1475 274 1546 pene
295 1450 458 1521 l'nnditns
474 1450 666 1539 perditam,
689 1447 768 1522 Deo
788 1451 952 1536 iuvante,
976 1475 1065 1522 con·
1114 1475 1189 1522 cern
1216 1452 1372 1524 restituit
1402 1452 1578 1546 aequitate
1611 1465 1645 1524 et
1673 1455 1917 1525 moderatione
1943 1455 2108 1552 Imperii,

88 1555 359 1630 silioetrirtnte
380 1551 552 1641 singulari
576 1551 742 1625 restituit.
794 1549 935 1622 Deinde
951 1551 1064 1642 sigis-
1114 1552 1191 1622 sinc
1211 1553 1328 1624 armis.
1381 1551 1471 1624 Nam
1494 1577 1575 1624 cum
1593 1577 1635 1622 eo
1655 1553 2009 1646 temporeBaiaaetes
2029 1561 2107 1632 cin-

88 1657 198 1728 mundi
222 1677 354 1725 nomen
378 1677 419 1722 eo
449 1653 584 1742 gratius
605 1677 680 1723 esse
704 1652 872 1724 studiosis
896 1655 1064 1725 omnibus
1113 1654 1220 1726 risset
1242 1653 1429 1725 obsidione
1455 1652 1812 1750 Constantinopolin,
1845 1671 1879 1730 et
1908 1655 2106 1754 Imperator

87 1763 197 1844 debet,
219 1757 303 1850 quia
327 1777 407 1824 cum
431 1767 520 1826 esset
547 1755 584 1826 in
610 1768 689 1846 toga
704 1753 872 1846 Princeps
885 1755 1062 1842 salutaris,
1112 1751 1304 1849 Byzantina
1336 1757 1375 1826 in
1410 1753 1568 1826 Galliam
1602 1757 1816 1846 navigasset,
1859 1772 1900 1830 ut
1930 1763 2103 1833 auxilium

87 1875 256 1932 ctuostras
270 1871 364 1928 artes
381 1855 531 1944 benigne
548 1855 655 1939 fovit,
677 1869 713 1928 ct
728 1853 918 1942 Ecclesiae,
945 1881 1061 1949 quan-
1111 1879 1132 1926 a
1151 1852 1363 1928 Christianis
1381 1851 1541 1945 Regibus
1562 1869 1713 1947 peteret,
1738 1881 1960 1952 nequaquam
1984 1865 2104 1936 deesse

86 1975 149 2036 tum
162 1977 244 2032 tunc
258 1957 404 2052 quidem
419 1956 605 2047 providere
620 1959 747 2047 potuit,
770 1970 863 2028 recte
878 1959 1061 2028 consulere
1112 1957 1229 2028 vicino
1246 1956 1399 2048 lmperio
1415 1957 1538 2038 voluit,
1556 1979 1704 2050 suasque
1722 1959 1814 2030 vires
1828 1983 1867 2030 ac
1883 1985 1966 2054 opes
1978 1987 2103 2048 omnes

87 2077 215 2134 mustus
235 2075 299 2130 est.
349 2055 441 2127 Nam
461 2069 498 2146 ,rt
512 2055 699 2151 synodum
723 2056 856 2130 indixit
871 2058 909 2128 in
926 2057 1061 2130 discor·
1109 2060 1156 2128 ad
1183 2059 1384 2130 societatem
1411 2059 1494 2130 belli
1531 2059 1743 2130 collaturum
1771 2082 1807 2130 se
1834 2083 1907 2132 esse
1933 2065 2103 2137 ostendit.

87 2165 143 2235 diis
162 2161 331 2254 publicis,
364 2158 403 2226 in
424 2181 495 2250 qus
519 2159 655 2228 etiamsi
680 2161 852 2251 quaedam
882 2160 959 2228 sine
982 2161 1059 2230 eins
1111 2161 1193 2228 ldeo
1215 2161 1423 2230 domesticae
1447 2159 1684 2230 dissensiones
1708 2183 1782 2230 non
1804 2160 2014 2252 irritandas,
2039 2169 2101 2236 sed

86 2266 218 2335 consilio
244 2259 438 2333 crudeliter
468 2259 688 2348 factasunt,
730 2271 849 2330 tamen
874 2261 965 2332 illud
991 2261 1057 2332 fult
1110 2283 1252 2352 quoquo
1271 2261 1610 2330 mododtrimenuas
1635 2263 1837 2332 esseduxit.
1889 2263 2101 2360 statimigi-

86 2368 158 2436 utile
177 2369 376 2445 decretum,
402 2374 443 2430 nt
464 2359 601 2430 decimo
616 2383 758 2454 quoque
780 2384 875 2430 anno
893 2361 1073 2455 synodus'
1110 2361 1220 2432 turin
1237 2359 1390 2454 Mysiam
1409 2360 1510 2430 duxit
1525 2361 1714 2443 exercitus,
1739 2375 1773 2432 et
1790 2363 1919 2432 multas
1937 2390 1993 2436 res
2015 2393 2101 2458 prn-

86 2467 241 2557 generalis
255 2461 464 2534 baberetur:
487 2463 583 2554 quod
602 2473 719 2532 tamen
737 2476 854 2552 postea
870 2461 1058 2534 Pontifices
1107 2483 1209 2551 spere
1242 2462 1364 2552 gessit:
1400 2462 1586 2552 occupavit
1623 2461 1864 2548 Muldaviam,
1895 2480 1928 2536 et
1962 2467 2100 2560 aliquot

85 2570 216 2660 superbe
239 2569 475 2652 abrogarunt,
501 2561 563 2654 qni
583 2585 664 2632 cum
687 2564 830 2646 volunt,
864 2577 963 2654 pacta
983 2587 1057 2634 non
1110 2563 1251 2654 praeliis
1270 2565 1361 2633 fudit
1381 2587 1421 2632 ac
1439 2561 1639 2653 profligavit
1658 2561 1826 2632 Turricas
1847 2566 1976 2656 copias.
2027 2569 2097 2640 secl

23 2741 24 2750 ,
84 2684 152 2741 srrnt
173 2683 292 2760 pacta,
318 2675 358 2736 irt
382 2663 499 2757 inquit
522 2661 681 2737 Plautus.
733 2663 916 2752 Quantum
940 2679 1057 2736 autem
1110 2678 1334 2756 posteaquam
1353 2661 1485 2732 Gallici
1506 2664 1677 2732 exercitus
1702 2663 1738 2732 iu
1755 2661 1974 2754 Hungariam
1991 2693 2099 2739 rene-

22 2765 24 2820 j
84 2773 244 2862 prodesset
269 2763 378 2837 bodie
400 2767 445 2834 ad
469 2787 692 2834 communem
717 2765 962 2851 concordiam,
995 2766 1057 2836 illa
1108 2779 1210 2849 runt,
1236 2787 1342 2858 seque
1361 2787 1442 2836 cum
1457 2761 1636 2854 Hungaris
1654 2765 1934 2854 coniunxerunt,
1958 2769 2009 2838 ibi
2026 2771 2098 2840 Ba-

22 2839 24 2890 ι
85 2874 254 2942 doctorum
277 2865 487 2949 collocutio,
513 2864 543 2934 si
560 2864 718 2958 Synodi,
744 2879 784 2936 ut
801 2867 868 2936 luit
886 2867 1058 2938 constitu·
1109 2867 1252 2951 isaetes,
1275 2865 1334 2936 cui
1353 2877 1497 2956 propter
1519 2865 1732 2936 celeritatem
1757 2889 1776 2934 a
1798 2867 1938 2958 fulgure
1963 2894 2097 2942 nomen

84 2987 162 3056 tum,
185 2967 427 3044 haberentur?
450 2989 518 3060 qua
537 2965 575 3034 iu
598 2991 636 3035 re
652 2981 770 3037 tauren
792 2967 981 3038 consillum
998 2968 1057 3038 si·
1106 2967 1192 3051 fuit,
1229 2965 1362 3036 maiore
1386 2965 1567 3055 vigilantia
1601 2980 1635 3038 et
1657 2967 1851 3037 maioribus
1883 2971 1993 3060 copiis
2021 2997 2096 3042 rem

83 3073 245 3164 gismundi
267 3085 303 3142 et
327 3071 490 3140 voluntas
511 3067 653 3137 laudern
674 3081 868 3140 merentur.
929 3067 1055 3157 Quan-
1106 3091 1226 3157 gerere
1241 3067 1370 3160 coepit.
1416 3063 1531 3138 Erant
1545 3067 1648 3136 initia
1665 3067 1751 3136 belli
1768 3065 1997 3158 sigismundo
2013 3075 2098 3144 satis

83 3193 172 3267 quam
194 3175 306 3265 igitur
329 3193 383 3240 res
403 3169 478 3238 eius
499 3182 612 3259 gestas
635 3169 808 3259 explicare
829 3169 964 3260 integre
981 3194 1055 3238 non
1106 3171 1214 3250 laeta,
1240 3168 1333 3259 cepit
1347 3167 1442 3238 enirn
1459 3166 1652 3260 Nicopolin
1669 3167 1770 3238 sitam
1793 3169 1831 3238 in
1859 3172 1960 3242 aditu
1975 3171 2097 3244 Mace·

82 3289 204 3367 potrro,
228 3289 349 3345 tarncn
365 3269 568 3363 praecipuas
587 3271 743 3341 breviter
765 3271 950 3361 colligam,
974 3295 1055 3342 vos-
1105 3269 1245 3340 doniae.
1280 3268 1405 3344 Postea
1422 3293 1598 3340 verorum
1615 3266 1713 3338 Galli
1728 3269 1868 3340 avidius
1884 3271 1923 3342 in
1938 3297 2095 3366 pugnam

22 3407 24 3518 q
82 3401 137 3470 qne
152 3401 256 3467 rogo,
277 3388 317 3446 ut
331 3396 429 3443 meae
446 3370 603 3442 orationi
619 3370 757 3440 veniam
773 3373 875 3446 detis.
1105 3383 1268 3454 ruerent,
1301 3393 1427 3459 magna
1457 3371 1557 3438 clade
1579 3383 1738 3462 accepta,
1771 3371 1882 3462 captis
1905 3372 2094 3444 Gallorum

166 3479 305 3573 sequar
331 3487 446 3544 autern
471 3472 639 3542 usitatum
670 3473 850 3558 ordinem,
885 3472 1053 3564 primum,
1105 3471 1350 3562 Principibus,
1376 3470 1625 3559 sigismundus
1648 3472 1707 3540 vir
1730 3473 1858 3552 evasit,
1882 3498 1953 3542 una
1971 3477 2096 3570 cymba

22 3581 23 3622 ³
82 3581 308 3670 ntdcgenere
328 3589 438 3668 pauca
464 3573 596 3658 dicam,
626 3575 721 3666 quod
748 3573 787 3642 in
808 3573 944 3662 magnis
968 3573 1053 3642 viris
1104 3597 1183 3642 curu
1200 3572 1371 3660 Magistro
1388 3567 1534 3642 Rhodio
1549 3571 1755 3642 Danubium
1777 3570 1957 3644 traiiciens
1974 3575 2095 3668 inspe-

81 3679 214 3752 libenter
237 3677 521 3760 consideramus5
554 3667 637 3766 quia
663 3674 757 3744 enim
789 3675 923 3743 semina
945 3697 1052 3768 quae·
1103 3673 1283 3744 etantibus
1306 3667 1486 3756 hostibus,
1519 3673 1580 3764 qui
1603 3695 1684 3742 cum
1710 3673 1810 3766 sequi
1835 3697 1893 3744 eos
1917 3699 1991 3744 non
2014 3700 2096 3769 pos·

82 3781 147 3850 dam
169 3783 342 3854 virtutum
363 3801 382 3848 a
403 3773 599 3844 maioribus
627 3775 663 3844 in
688 3789 845 3868 posteros
866 3774 1051 3868 propagari
1103 3789 1198 3855 sent,
1221 3772 1354 3864 sagittis
1373 3774 1552 3864 petebant.
1600 3767 1677 3844 Etsi
1695 3787 1810 3844 autem
1829 3790 1975 3846 eventus
1992 3801 2095 3870 prae·

81 3881 320 3966 existimamus,
355 3876 582 3948 incendimur
609 3877 757 3961 animis,
797 3888 837 3946 ut
871 3876 1053 3968 cupiamus
1104 3875 1164 3960 lii,
1185 3889 1225 3946 ut
1238 3876 1323 3962 dixi,
1349 3876 1507 3948 larnestus
1522 3874 1604 3958 tuis,
1629 3888 1745 3945 tamen
1760 3875 1938 3948 laudanda
1955 3892 2007 3948 est
2021 3879 2095 3948 vir-

81 3983 167 4052 ctiam
182 3985 270 4053 scire
285 3981 405 4075 quales
421 3977 474 4048 illi
492 3975 643 4062 inerint,
669 3978 834 4072 aquibus
849 3976 968 4068 magni
984 3977 1053 4046 viri
1103 3995 1159 4049 tus
1174 3977 1411 4066 sigismundi,
1439 3991 1473 4046 et
1490 3977 1661 4060 aliorum,
1687 3975 1749 4068 qui
1766 3977 1885 4046 deesse
1900 3975 2095 4072 Reipubli-

81 4085 138 4154 orti
155 4099 249 4156 sunt.
304 4079 443 4152 Deinde
461 4080 499 4147 in
516 4077 599 4163 illis,
618 4104 707 4172 quos
727 4079 838 4172 patria
856 4091 975 4149 nostra
993 4101 1051 4167 ge·
1102 4101 1161 4148 cae
1177 4079 1380 4162 noluerunt,
1397 4079 1459 4172 qui
1474 4101 1547 4146 non
1563 4099 1627 4146 sua
1641 4077 1790 4166 segnitie
1807 4070 1924 4150 hostc's
1941 4081 2095 4152 invitare

82 4186 161 4266 uuit,
192 4181 430 4256 inhumanum
453 4191 543 4250 esset
560 4183 698 4269 generis
715 4179 931 4249 mentionem
950 4203 1051 4271 prac-
1100 4180 1280 4262 solebant,
1318 4179 1397 4270 qni,
1438 4191 1611 4272 quantum
1646 4191 1860 4268 potuerunt,
1901 4183 2118 4272 reprimere·

82 4289 272 4372 termittere3
305 4309 387 4354 nam
413 4281 537 4360 multis
558 4283 603 4350 de
624 4281 737 4352 causis
759 4283 879 4350 laudes
904 4303 1049 4370 magno·
1100 4278 1289 4348 'l'urcicam
1317 4279 1655 4348 luebariecnconati
1677 4292 1780 4364 sunt;
1807 4293 1840 4349 et
1865 4283 2000 4374 proluit
2025 4279 2094 4354 lto·

81 4391 343 4476 rnmvirorum,
373 4385 417 4454 ad
441 4383 589 4474 patriam
610 4383 727 4476 aliqua
753 4407 794 4451 er
818 4394 917 4472 parte
942 4381 1051 4472 perti·
1100 4403 1178 4450 rum
1224 4381 1336 4452 virtus
1376 4381 1419 4448 ad
1459 4381 1689 4450 retardandos
1730 4374 1884 4451 hostium
1927 4385 2092 4475 impetus.

81 4505 168 4574 arent,
195 4513 287 4584 quae
309 4487 448 4580 aliquos
470 4483 568 4554 addit
592 4482 743 4573 ingeniis
760 4484 933 4574 impetus,
959 4505 1049 4576 quae
1100 4479 1221 4568 Quare
1236 4503 1362 4571 magua
1379 4481 1455 4550 laus
1470 4481 1574 4550 etiam
1592 4475 1648 4549 his
1663 4481 1815 4550 sortibus
1830 4483 1916 4552 uiris
1933 4485 2094 4576 debetur,

81 4605 155 4659 certa
167 4585 352 4680 disciplina
366 4588 458 4657 cives
479 4585 672 4658 assuefacit.
723 4584 795 4656 Sed
819 4608 864 4654 ne
883 4584 1049 4676 simpro-
1099 4583 1158 4674 qui
1175 4607 1375 4676 quanquam
1390 4581 1601 4652 infoeliciter
1615 4579 1845 4668 dimicarunt,
1870 4597 1988 4654 tamen
2004 4585 2123 4658 Rei:

80 4687 184 4773 lirior,
209 4705 314 4763 natus
330 4703 381 4759 est
395 4685 647 4778 sigismundus
663 4700 762 4777 patre
775 4681 905 4756 Carolo
923 4699 1048 4778 quarto
1100 4685 1261 4774 publicae
1283 4707 1386 4754 strum
1409 4683 1565 4754 officium
1585 4681 1847 4772 praestiterunt.
1898 4684 2001 4756 sicut
2021 4685 2094 4758 De-

81 4787 293 4885 lnperstore,
324 4815 454 4882 proavo
482 4785 641 4856 Henrico
675 4787 947 4874 Lucelbergensi
977 4787 1049 4856 lm·
1098 4780 1298 4854 mosthenes
1324 4785 1391 4854 ait:
1416 4783 1539 4855 Laude
1557 4784 1684 4872 dignos
1702 4806 1775 4852 esse
1801 4785 1914 4872 cives,
1940 4787 2004 4880 qui
2029 4812 2093 4880 pa·
2193 4823 2206 4844 ·

81 4909 236 4981 peratore,
268 4894 367 4963 cuius
388 4902 485 4960 tanta
508 4889 576 4958 luit
596 4889 708 4960 virtus
729 4902 765 4958 et
789 4887 982 4978 sapientia,
1008 4901 1048 4960 ut
1096 4887 1201 4956 triam
1227 4865 1368 4956 sortiter
1393 4887 1609 4966 detendunt,
1634 4885 1791 4954 etiamsi
1815 4909 1938 4956 eorum
1965 4889 2094 4960 virtuti

81 4991 111 5062 in
123 4995 285 5068 diuturno
299 4995 502 5082 interregno
519 4991 678 5060 omnium
694 4987 902 5079 Principum
920 4989 1047 5058 suffra·
1099 5012 1171 5056 scon
1194 4988 1404 5079 respondeat
1426 4988 1579 5058 fortuna.
1638 4983 1720 5054 Non
1745 4987 1838 5054 enim
1864 5003 1993 5058 eventu
2016 5015 2094 5059 me-

82 5095 132 5180 giis
149 5099 316 5188 expetitus
343 5095 390 5172 sit
412 5095 456 5163 ad
485 5091 777 5181 gubernationem
807 5104 841 5161 ct
874 5091 1047 5162 sedandos
1097 5089 1216 5158 tlenda
1238 5103 1323 5158 sunt
1347 5083 1493 5160 bonesta
1514 5086 1681 5171 consilia,
1711 5091 1771 5156 scd
1795 5112 1876 5158 vera
1899 5089 2039 5162 ratione
2056 5105 2093 5165 rt
2142 5167 2144 5172 ,

82 5193 217 5284 ingentes
235 5193 356 5268 ltaliae
371 5219 411 5264 ac
428 5189 642 5264 Germaniae
658 5205 784 5265 motus.
1095 5190 1222 5263 officio.
1265 5191 1352 5262 Ideo
1366 5203 1400 5262 et
1417 5189 1455 5259 in
1470 5183 1665 5282 Epitaphio
1681 5187 1812 5259 civium
1829 5189 1992 5284 inscripti
2008 5207 2093 5266 suut

163 5299 281 5370 Fortes
295 5301 460 5367 creantur
473 5295 626 5364 luctibus
643 5307 676 5364 et
695 5293 819 5374 bonis,
839 5290 957 5384 inquit
974 5291 1058 5365 itta
1097 5285 1137 5359 bi
1152 5313 1292 5365 versus:

83 5389 128 5469 tt
140 5393 190 5471 lais
206 5402 289 5473 viris
308 5398 416 5491 igitur
432 5410 531 5469 ortos
547 5393 817 5485 sigismundus,
843 5393 962 5464 indole
977 5392 1045 5465 luit
