4616 5816
75 280 139 358 :aa
638 213 813 354 uam:
843 276 916 354 na
943 275 1217 372 ouaaana
1250 277 1482 360 cazani..
2003 279 2076 354 aas

71 449 230 528 araion'e'
261 467 302 525 at·
320 445 752 535 a'damonstrationibus‚
787 443 837 526 est
862 445 1035 548 quaedam
1086 455 1144 528 hic
1166 458 1262 528 locus
1285 456 1400 546 imago
1419 459 1588 550 quaedam
1607 469 1658 528 est
1675 447 1820 540 Curiae,
1846 468 1905 525 aut
1923 452 2073 549 Synodi.

71 556 453 645 aaiuategtadtvtnae,
478 555 864 647 agnoscitesseDeum,
890 557 1034 626 etiudi-
1086 559 1155 629 llic
1188 561 1282 628 enim
1306 561 1349 628 de
1371 559 1530 650 Repuh.‚
1563 561 1607 630 de
1631 559 1808 652 imperiis,
1839 559 1883 626 de
1905 553 2074 637 Ecclesia,

70 657 116 730 'cat
130 656 333 728 clamoribus
346 659 530 744 civilibus,
558 657 653 730 videt
676 655 744 728 hoc
759 660 949 728 discrimen
969 653 1035 726 ho·
1087 663 1196 731 multa
1217 683 1403 731 monemus
1423 663 1619 731 auditores:
1645 683 1746 751 saepe
1761 660 1921 754 querelas
1936 671 2075 728 nostras

72 774 226 830 aestatum
244 773 279 831 et
299 759 458 852 turpium
476 761 648 832 divinitus
663 762 766 830 nabis
784 762 931 831 insitum
949 779 1034 844 esse,
1087 765 1311 856 exponimus,
1336 761 1649 856 saepe'sententias
1672 763 1840 846 dicimus,
1866 761 2013 852 perinde
2034 781 2076 830 ac

68 864 181 932 iudicet
199 862 321 952 puniri
344 863 475 932 atrocia
498 864 626 932 scelera
643 885 662 931 a
677 861 774 949 Deo,
801 858 906 932 habet
929 864 1033 932 etiam
1086 867 1114 934 si
1137 867 1175 934 in
1197 879 1336 950 senatu,
1361 882 1419 939 aut
1445 867 1482 934 in
1505 888 1668 935 consessu
1685 865 1820 959 Synodi
1835 863 1947 932 oratio
1961 857 2075 932 habe·

69 965 153 1058 quasi
172 965 387 1054 praesagium
408 965 551 1057 aliquod
568 966 613 1034 de
637 961 911 1035 immortalitate.
961 961 1034 1032 Ne·
1084 982 1194 1039 retur.
1247 967 1299 1038 Ac
1320 991 1482 1058 magnam
1507 967 1652 1058 gratiam
1668 965 1879 1036 Academiae
1895 965 2075 1048 debemus,

69 1080 247 1158 qufllofflen
265 1066 327 1134 illo
345 1067 443 1136 videl
458 1081 519 1138 aul
540 1069 659 1146 docel,
685 1089 774 1159 quoe
791 1065 932 1158 propria
952 1077 1034 1134 sunt
1086 1095 1175 1162 quae
1201 1070 1335 1138 etiamsi
1361 1071 1591 1162 petulantiam
1617 1093 1656 1138 ac
1679 1066 1962 1137 maledicentiam
1999 1066 2075 1154 lege

68 1164 241 1257 Evangelii,
260 1168 436 1254 videlicet,
456 1167 702 1242 remissionem
715 1181 938 1260 peccatorum
954 1189 1034 1255 gra·
1085 1167 1290 1262 prohibuit,
1314 1185 1432 1240 tamen
1448 1167 1632 1242 honestam
1648 1183 1683 1240 et
1698 1171 1792 1262 piam
1807 1167 1949 1237 dicendi
1966 1167 2075 1236 liber·

69 1270 104 1339 tis
121 1269 314 1338 donandam
339 1283 482 1362 propter
507 1267 620 1341 lilium
641 1265 721 1344 Dei.
780 1267 878 1340 Haec
901 1265 1032 1339 noticia
1086 1287 1191 1344 tatem
1221 1273 1325 1341 nohis
1358 1274 1537 1354 concedit,
1568 1273 1714 1342 fortasse
1746 1271 1935 1354 maiorem,
1967 1291 2074 1362 quam

67 1393 127 1439 non
151 1385 197 1441 est
217 1385 295 1440 orta
323 1373 368 1440 ab
391 1367 557 1442 humanis
586 1373 783 1456 mentibus,
816 1373 888 1440 imo
909 1370 1033 1460 procul
1086 1370 1231 1444 haberet
1245 1375 1413 1468 Synodus
1433 1375 1505 1445 ulla
1518 1373 1742 1444 Pontificum.
1794 1370 1843 1444 Ut
1857 1371 1987 1442 Poetae
2006 1371 2075 1440 lin-

68 1485 144 1541 cxtra
161 1487 382 1564 conspectum
394 1475 545 1543 rationis
563 1469 738 1543 humanae
755 1475 867 1566 posita
883 1486 944 1554 est,
972 1474 1032 1540 sed
1085 1489 1213 1546 xerunt
1236 1474 1398 1546 Astream
1422 1478 1615 1566 lugientem
1639 1501 1679 1545 ex
1700 1475 1870 1558 urbibus,
1896 1473 2075 1565 paulisper

68 1571 237 1644 FiliusDei
255 1575 318 1668 qui
333 1575 436 1644 estin
453 1577 534 1646 sinu
550 1575 676 1658 Patris,
702 1599 777 1644 eam
796 1572 968 1667 patefecit,
993 1585 1033 1642 ut
1085 1571 1201 1647 adhuc
1231 1579 1268 1646 in
1293 1601 1376 1648 rure
1401 1593 1651 1650 commoratam
1675 1593 1709 1648 et
1731 1577 1975 1646 concinnatam
2000 1595 2074 1644 esse

67 1675 135 1744 alias
148 1677 284 1766 copiose
299 1676 440 1750 dicitur.
491 1675 612 1766 Quare
627 1679 814 1768 prudentia
831 1672 1032 1751 adhibenda
1086 1681 1264 1771 agricolis:
1292 1681 1339 1750 ita
1359 1681 1460 1772 pulsa
1478 1682 1607 1750 veritas
1629 1705 1669 1749 ex
1688 1679 1901 1750 Pontificum
1916 1675 2074 1764 collegiis

67 1790 105 1846 est
125 1777 158 1844 in
174 1779 416 1848 discernendis
433 1781 674 1849 doctrinarum
693 1781 899 1868 generibus,
923 1791 956 1846 et
974 1799 1033 1846 ex·
1085 1799 1118 1853 et
1148 1782 1327 1869 conciliis,
1357 1783 1541 1851 nobiscum
1571 1777 1687 1851 adhuc
1709 1779 1778 1851 Dei
1800 1779 1970 1850 beneficio
1991 1773 2075 1870 pbi-

67 1879 212 1967 plodendi
229 1894 314 1950 sunt
330 1881 442 1971 inepti
458 1881 530 1966 illi,
555 1881 618 1973 qui
632 1881 827 1952 ollundunt
846 1880 1033 1968 caliginem
1084 1879 1302 1975 losophatur.
1362 1879 1411 1954 Et
1432 1907 1472 1953 ex
1497 1879 1553 1952 his
1574 1879 1791 1952 scholasticis
1814 1882 1974 1952 coetibus
1998 1879 2074 1952 eius

66 1975 256 2070 Evangelio,
290 1984 361 2052 imo
392 1984 549 2053 obruunt
579 2003 619 2050 ac
643 1983 763 2053 delent
785 1979 1033 2070 Evangelium‚
1084 1987 1225 2056 oracula
1251 1988 1293 2054 ad
1324 1985 1461 2078 aliquas
1492 1982 1666 2054 Ecclesiae
1697 1985 1935 2076 perferuntur.
2001 1979 2073 2052 Sed

65 2103 129 2149 cum
152 2083 404 2154 transformant
434 2085 471 2153 in
504 2083 721 2152 Platonicam
754 2079 1033 2173 Philosophiam.
1084 2113 1163 2158 curn
1185 2081 1244 2155 hic
1261 2111 1363 2178 saepe
1379 2087 1467 2155 aliae
1484 2108 1607 2158 causae
1622 2087 1837 2178 pertinentes
1854 2087 1898 2155 ad
1914 2107 2073 2154 commu-

66 2179 160 2272 Magis
179 2185 286 2253 etiam
310 2187 453 2255 taxandi
477 2199 580 2268 sunt,
607 2185 668 2276 qui
691 2209 735 2253 ne
750 2184 934 2255 Platonem
951 2185 1032 2276 qui-

20 2333 21 2348 .
67 2285 130 2351 den
147 2287 400 2375 intelligentes,
431 2270 508 2356 eicis
531 2284 893 2377 liguris'depravatis‚
927 2309 1033 2354 mon-

65 2397 169 2455 strosas
185 2389 378 2479 opiniones
393 2401 612 2476 genuerunt,
638 2409 765 2482 easque
782 2389 821 2456 in
837 2383 1030 2457 Ecclesiam

65 2504 264 2577 sparserunt,
302 2504 343 2559 ut
366 2487 541 2578 Origenes
573 2505 607 2559 et
637 2505 716 2581 post
741 2513 820 2560 eum
843 2491 905 2560 alii
926 2490 1032 2558 multi

64 2589 214 2682 lecerunt;
248 2591 421 2676 flagitiose
435 2591 533 2662 enim
548 2589 784 2662 contaminata
802 2605 853 2662 est
870 2585 1031 2660 doctrina

20 2713 21 2720 ¹
63 2685 240 2762 Christiana
268 2693 446 2762 veteribus
471 2693 543 2762 illis
567 2694 806 2783 temporibus,
832 2694 950 2784 inepte
968 2693 1032 2760 ad·

20 2803 21 2810 ’
64 2794 149 2863 mista
171 2794 356 2864 Platonica
375 2790 620 2886 Philosophia.
673 2792 770 2863 Haec
790 2796 945 2864 breviter
967 2795 1031 2862 ad-

65 2893 129 2980 ieci;
147 2911 183 2965 ut
199 2897 297 2964 enim
313 2897 457 2966 collatio
468 2897 710 2966 doctrinarum
724 2897 858 2990 aliquid
869 2896 1031 2965 lucisad-

20 3055 21 3058 ,
63 2995 114 3064 lert
130 2998 313 3083 studiosis,
336 2999 389 3068 ita
407 2995 583 3070 Ecclesiae
604 2999 799 3090 plurimum
823 3001 946 3082 relert,
974 3021 1030 3066 ca-

20 3091 21 3110 *
64 3119 140 3184 rere,
162 3123 206 3170 ne
220 3101 465 3172 doctrinarum
481 3122 608 3190 genera
625 3093 902 3172 contundantur.
936 3097 1035 3198 Diri.

1083 2213 1164 2259 nem
1194 2190 1343 2260 saliatem
1375 2203 1471 2258 actae
1502 2189 1590 2274 sint,
1625 2213 1720 2258 ncane
1752 2201 1910 2258 nostram
1932 2207 2073 2256 causam

1083 2314 1201 2380 agarna
1228 2291 1420 2380 deplorabo
1445 2303 1581 2360 nostras
1602 2291 1780 2375 miserias,
1805 2303 1839 2360 et
1866 2311 1988 2358 omnes
2007 2311 2074 2377 gu·

1083 2390 1449 2482 bernatoreslleipub.
1468 2393 1511 2460 de
1525 2415 1589 2462 suo
1604 2387 1724 2462 oslicio'
1737 2392 1949 2476 admonebo,
1976 2391 2073 2482 quod

1083 2495 1207 2573 nohis,
1241 2495 1338 2587 quud
1361 2483 1560 2576 Ecclesiae,
1592 2495 1631 2562 in
1658 2489 1727 2564 hoc
1757 2492 1904 2582 negocio
1930 2493 2071 2566 debent

1082 2592 1245 2666 Christus
1265 2609 1385 2664 narrat
1409 2595 1515 2665 fuisse
1532 2591 1678 2666 divitem
1695 2599 1891 2690 quendam,
1916 2593 2072 2664 fortassis

1083 2699 1188 2768 etiam
1205 2697 1375 2786 dignitate
1392 2711 1644 2788 praestantem,
1672 2700 1733 2790 qati
1750 2723 1824 2768 non
1840 2705 1979 2766 tantum
1995 2695 2072 2764 sine

1083 2811 1179 2870 metu
1203 2799 1383 2887 egestatis,
1409 2799 1485 2866 sine
1508 2799 1747 2870 sollieitudine
1763 2799 1918 2869 suaviter
1935 2797 2073 2883 vixerit,

1082 2903 1141 2970 sed
1168 2901 1272 2970 etiam
1289 2900 1512 2992 splendorem
1530 2902 1700 2970 amaverit
1717 2901 1870 2970 inomni
1889 2912 2072 2992 apparatu,

1082 3003 1270 3087 comitatu,
1294 3003 1478 3088 aedificiis,
1504 3027 1574 3098 quo
1594 2998 1756 3072 homines
1776 3001 1934 3092 opulenti
1953 3000 2072 3090 digni-

1081 3117 1189 3174 tatem
1212 3104 1330 3194 augeri
1353 3117 1488 3194 putant.
1550 3101 1595 3174 Iu
1616 3099 1685 3174 hoc
1709 3105 1868 3188 divitias,
1895 3102 2072 3198 tranquil*

1081 3206 1237 3290 litatem,
1268 3230 1308 3274 ac
1330 3205 1547 3296 voluptates,
1571 3220 1613 3276 ut
1635 3208 1692 3292 lit,
1717 3221 1856 3278 secutus
1881 3219 1932 3277 est
1950 3207 2072 3292 fastus,

1008 3307 1033 3322 ““
1081 3321 1115 3378 et
1127 3307 1299 3396 neglectio
1315 3331 1432 3378 rerum
1449 3309 1649 3378 divinarum
1666 3331 1705 3379 ac
1718 3334 1924 3404 pauperum.
1952 3308 2073 3397 Quare

860 3470 908 3508 en.
925 3447 1018 3510 1539.

852 3536 1024 3566 Μ

331 3605 528 3713 Querela
557 3603 743 3692 Lazari.

113 3763 232 3820 Prodiit:
266 3765 414 3837 „Querela
432 3763 521 3818 Lasari
540 3763 719 3828 pronunciata
742 3761 895 3836 aquodam
915 3760 1030 3819 Schola-

143 3836 209 3890 stica
229 3835 398 3902 Vitebergae·
436 3835 518 3886 Anno
533 3831 574 3888 M.
584 3833 751 3890 uttam.

188 3905 244 3962 llic
256 3901 355 3958 recitat
367 3904 472 3958 eunctis
484 3902 635 3972 iustamque
648 3920 811 3971 gravemque
826 3899 967 3972 querelam

247 3971 398 4026 Confectus
412 3969 511 4023 morbo
526 3969 644 4023 Lazarus
659 3983 740 4043 atque
755 3971 835 4040 lame,

189 4041 224 4096 Et
236 4039 309 4096 mala
322 4039 463 4108 deplorat,
482 4057 550 4110 quae
562 4056 637 4093 nuuc
650 4039 768 4093 Ecclesia
783 4039 894 4110 perfert,

246 4109 327 4164 Parte
340 4110 445 4178 aliqua,
463 4127 546 4160 nemo
559 4117 658 4162 cuncta
671 4108 775 4162 relerre
787 4119 885 4178 potest.

190 4178 284 4250 Quem
300 4197 355 4231 uon
367 4175 416 4230 ista
432 4185 546 4232 movent
557 4185 597 4230 est
610 4175 694 4231 divite
707 4177 804 4230 durior
817 4177 875 4236 illo,

246 4249 329 4300 lanua
344 4247 420 4299 cuius
433 4255 489 4299 erat
504 4245 605 4298 Lauare
618 4243 799 4304 clausatibi.”
908 4241 913 4257 '

141 4317 246 4374 lleeusa
265 4327 306 4368 est
321 4313 390 4370 haec
410 4313 524 4368 oratioe
545 4313 581 4368 ud
595 4311 669 4371 Crat.
684 4314 753 4386 Myl.
767 4313 801 4368 82
812 4331 890 4384 sqq„
906 4312 935 4368 in
947 4310 1026 4366 Deci·

141 4385 173 4441 Τ.
187 4388 208 4440 Ι.
233 4403 261 4455 p.
272 4385 330 4452 70,
355 4381 481 4438 Richard.
494 4334 543 4436 ttl
567 4401 594 4450 p.
607 4382 668 4440 847.
685 4395 712 4438 et
732 4384 760 4438 iu
781 4382 899 4437 Servest.
913 4381 931 4434 l.
947 4400 972 4450 p.
983 4382 1026 4438 60.

140 4453 185 4509 utt
198 4471 292 4507 sersus
304 4452 333 4506 in
347 4451 427 4504 titulo
441 4451 579 4522 archetypi
591 4460 654 4504 sunt
668 4449 866 4519 praetermissi,
889 4449 1024 4503 adiectum

139 4541 206 4580 vero
217 4531 259 4578 est
271 4523 383 4592 longum
396 4538 507 4576 carmen
514 4557 524 4587 ,
542 4519 682 4574 historiam
692 4519 784 4576 Lsaaei
796 4521 934 4584 reterens,
950 4517 1025 4588 quod

140 4593 313 4662 archetypon
342 4607 400 4642 non
424 4589 503 4643 hahet
524 4607 612 4658 neque
629 4607 643 4640 a
663 4589 840 4644 Melanthone
861 4589 1025 4660 proiectum,

139 4677 223 4730 eaque
242 4659 278 4712 de
297 4675 378 4715 causa
399 4657 443 4711 hie
462 4659 680 4729 praetermissum
697 4667 746 4714 est.
782 4657 845 4713 Vid.
859 4659 940 4712 etiam
956 4655 1025 4728 Epp.

141 4730 204 4785 vot.
216 4727 267 4784 ιιι.
285 4749 310 4802 p.
321 4728 383 4784 aas.
395 4724 457 4783 aas.

77 4889 224 4969 Querela
260 4879 454 4972 Lazari,
499 4890 753 4978 adnunciata
783 4907 808 4960 a
838 4885 999 4980 qaedam

289 4991 512 5064 scholastico
546 4987 784 5086 Vitetergae„

1081 3435 1160 3481 curn
1187 3423 1268 3480 ante
1287 3411 1389 3482 aedes
1406 3410 1481 3480 eius
1495 3413 1671 3504 quispiam
1688 3437 1837 3503 pauper,
1861 3411 1917 3480 cui
1934 3409 2069 3485 Lazaro

1081 3537 1210 3582 nomen
1239 3513 1325 3590 luit,
1360 3512 1507 3594 iaceret,
1539 3527 1717 3602 aegrotus,
1750 3514 1915 3606 squalens
1938 3511 2069 3580 ulceri-

1081 3616 1167 3699 bus,
1197 3614 1385 3682 destitutus
1410 3613 1568 3682 omnium
1597 3611 1783 3684 hominum
1807 3637 1892 3704 ope,
1918 3625 2068 3704 peteret-

1080 3740 1149 3809 que
1173 3716 1368 3806 pauxillum
1393 3715 1482 3800 cibi,
1508 3717 1605 3786 dives
1630 3741 1692 3786 sua
1711 3719 1853 3786 fortuna
1871 3715 2006 3798 ebrius,
2033 3725 2069 3784 et

1079 3819 1212 3888 oblitus
1240 3817 1399 3887 coelestis
1428 3819 1587 3887 mandati
1616 3834 1650 3889 et
1682 3818 1881 3888 communis
1911 3829 2069 3900 naturae,

1080 3945 1169 4014 quae
1194 3943 1260 3990 nos
1283 3923 1328 3988 ad
1351 3934 1444 3991 certa
1468 3921 1583 3989 officia
1605 3921 1737 4008 obligat
1752 3920 1962 4011 praestanda
1976 3917 2068 3986 cala-

1079 4020 1232 4106 mitosis,
1265 4022 1432 4090 miserum
1456 4022 1557 4089 illum
1580 4022 1735 4111 negligit.
1792 4019 1954 4113 Cumque
1976 4043 2068 4112 quo·

1078 4123 1164 4192 tidie
1188 4126 1232 4190 ad
1258 4123 1471 4192 vestibulum
1504 4123 1674 4192 iacentem
1700 4124 1739 4192 in
1772 4123 1907 4212 magnis
1931 4121 2067 4214 crucia·
2106 4159 2111 4171 ·

1078 4225 1173 4294 tibus
1190 4224 1343 4303 videret,
1370 4223 1549 4312 praeteriit
1566 4237 1682 4293 tamen
1697 4227 1811 4294 ferreo
1827 4225 1967 4306 animo,
1991 4247 2066 4290 nou

1077 4326 1142 4412 ali,
1175 4349 1249 4394 non
1274 4325 1391 4393 sanari
1415 4339 1531 4410 curat,
1563 4327 1720 4396 fortassis
1744 4329 1848 4398 etiam
1874 4325 2065 4396 arbitratur

1076 4428 1233 4499 alienum
1265 4449 1339 4496 esse
1368 4426 1538 4516 gravitate
1568 4427 1637 4496 viri
1660 4430 1768 4520 tanti,
1802 4427 1936 4520 alloqui
1958 4425 2065 4494 mise-

1075 4553 1175 4613 rum,
1200 4543 1261 4602 aut
1285 4529 1360 4598 eius
1386 4553 1487 4600 causa
1505 4530 1597 4618 angi.
1651 4527 1787 4600 lnterea
1806 4531 1931 4621 stipem
1949 4525 2065 4619 porri-

1075 4647 1164 4722 gunt
1186 4631 1298 4724 aliqui
1322 4633 1366 4699 de
1388 4631 1522 4723 populo
1545 4627 1708 4701 homines
1729 4633 1800 4721 pii,
1825 4645 1858 4701 et
1874 4631 1990 4700 ulcera
2005 4653 2064 4699 ca-

1075 4757 1138 4802 nes
1168 4735 1406 4817 medicantur,
1447 4733 1567 4822 lingua
1599 4735 1784 4824 detergunt
1815 4757 1854 4802 ac
1886 4731 2064 4822 mitigant.

1075 4833 1146 4906 Sed
1168 4849 1246 4926 post
1267 4847 1416 4904 mortem
1432 4833 1585 4904 Lazarus
1602 4837 1757 4904 donatur
1774 4835 1983 4904 coelestibus
1996 4833 2062 4901 do-

1074 4936 1147 5022 nis,
1180 4939 1277 5006 dives
1303 4937 1363 5004 ille
1393 4938 1566 5026 superbus
1596 4951 1629 5006 et
1657 4937 1809 5007 crudelis
1835 4935 2001 5005 obiicitur
2023 4933 2063 5002 iu

1073 5039 1247 5108 cruciatus
1269 5051 1440 5107 aeternos.
1492 5035 1594 5107 Hanc
1617 5033 1801 5108 historiam
1818 5038 1941 5106 recitat
1954 5031 2062 5105 Chri-

56 5121 205 5230 Pergrata
228 5142 334 5212 nobis
355 5137 442 5212 haee
465 5139 608 5210 dicendi
630 5141 849 5212 consuetudo
871 5139 1024 5210 essede-
1072 5151 1164 5220 stus,
1198 5153 1237 5209 ut
1264 5140 1463 5230 exemplum
1492 5140 1679 5208 universae
1699 5134 1877 5210 Ecclesiae
1900 5138 2060 5208 omnium

57 5237 116 5324 bet,
137 5269 209 5313 non
231 5257 369 5316 tantum
391 5267 432 5313 eo
453 5244 549 5338 quod
563 5236 716 5311 'Latinae
732 5245 873 5332 linguae
888 5241 1021 5310 exerci-
1072 5255 1270 5331 temporum
1298 5253 1482 5332 proponat.
1533 5239 1686 5310 Lazarus
1710 5255 1786 5312 erat
1808 5239 1972 5310 Ieremias
1997 5263 2060 5309 sua

58 5340 128 5412 tium
149 5359 349 5427 conservat,
375 5359 521 5438 propter
540 5345 635 5438 quod
653 5346 840 5436 praecipue
858 5343 1019 5414 instituta
1071 5357 1203 5428 aetate,
1236 5365 1339 5437 quem
1362 5341 1544 5432 Principes
1573 5366 1613 5411 ac
1635 5339 1822 5413 Pontifices
1850 5366 1923 5412 non
1948 5343 2059 5413 modo

57 5455 109 5528 est,
131 5451 188 5517 sed
211 5449 326 5520 etiam·
342 5448 425 5541 quia
449 5448 553 5518 nobis
575 5447 718 5539 quidem
735 5437 1019 5518 adolescentibus
1070 5446 1219 5536 superbe
1241 5447 1534 5525 contemnebant,
1561 5446 1622 5514 scd
1639 5446 1743 5516 etiam
1760 5446 1884 5517 acerbe
1900 5445 2062 5518 oderant.
2110 5475 2114 5482 ⁴
