4688 5826
86 285 148 359 us
531 275 693 357 unca.
744 277 820 357 uu
853 275 1186 358 rurunnrco
1218 273 1627 370 naaaaaossa.
1953 380 1959 392 κ
2027 278 2112 354 aaa

84 451 230 526 accidisse
257 463 396 542 praeter
418 451 639 542 opinionem.
698 451 818 524 Homo
845 452 1056 539 Germanus,
1104 449 1309 522 servitutem
1324 449 1428 538 ferre,
1449 461 1481 518 et
1497 449 1621 520 ulcisci
1638 447 1788 522 iniurias
1802 447 1962 540 Regibus
1975 449 2096 524 factas.

85 555 281 646 uirumque
301 553 479 646 urspicax,
504 577 579 624 non
602 557 830 648 praevidebat
845 553 1055 626 Pontificem
1104 552 1175 624 Sed
1199 551 1229 620 si
1249 546 1336 620 haec
1359 573 1462 620 causa
1485 543 1577 620 nihil
1599 565 1818 633 maveteus,
1850 553 2102 622 debebantu-

85 669 163 728 tanta
179 677 323 726 usurum
340 677 413 724 esse
430 655 595 748 superbia
611 670 646 727 et
660 659 866 729 crudelitate
882 680 963 747 erga
979 653 1056 728 Re·
1104 677 1186 724 men
1209 651 1394 724 consulere
1412 647 1590 721 Ecclesiae
1608 653 1737 733 saluti,
1764 666 1798 723 et
1822 647 2010 724 cohercere
2033 652 2102 722 im-

84 779 145 847 gem
164 755 373 847 supplicem,
404 754 505 827 cuins
535 759 682 830 consilia
708 760 829 830 omnia
852 759 1056 850 spectabant
1103 758 1321 826 moderatam
1340 753 1553 842 potentiam3
1580 753 1678 823 nulla
1696 754 1791 824 enim
1813 777 1869 824 res
1893 755 2005 844 magis
2028 753 2101 822 ini-

82 861 139 928 iam
153 861 193 927 ad
208 858 450 927 defensionem
465 855 777 931 tutiusChristiani
793 860 961 940 nominis,
978 882 1053 928 nun
1102 856 1192 925 mica
1217 868 1323 946 atque
1346 854 1471 924 infesta
1497 868 1549 926 est
1567 851 1764 940 Ecclesiae,
1796 879 1901 949 quam
1925 855 2100 948 tyrannis.

83 958 299 1028 arbitrabatur
315 961 412 1054 fore,
425 973 463 1029 ut
479 960 711 1032 insultaretur
725 978 829 1056 atque
844 962 1056 1030 illuderetur
1104 956 1237 1027 Verum
1257 953 1348 1026 hanc
1363 955 1640 1046 disputationem
1664 957 1865 1026 reiiciamns
1880 958 1923 1026 ad
1943 955 2099 1028 futtrram

83 1059 137 1129 ribi
151 1060 242 1129 velut
261 1051 451 1149 lugurthcie
462 1061 501 1128 in
518 1059 713 1154 triumphu.
766 1064 828 1132 llla
851 1061 1055 1131 immanitas
1102 1057 1308 1152 Synodum,
1334 1057 1365 1126 si
1382 1057 1468 1149 quid
1485 1069 1602 1126 tamen
1617 1057 1666 1126 ibi
1683 1057 1750 1128 loci
1767 1058 1835 1128 erit
1852 1057 1946 1127 veris
1962 1058 2100 1130 delibe-

83 1161 169 1230 credo
185 1157 322 1230 homini
336 1155 519 1230 Gerusauo
535 1187 607 1234 nou
626 1165 724 1236 venit
741 1164 778 1234 iu
795 1177 961 1244 mentem,
984 1185 1054 1231 un·
1102 1160 1315 1230 rationibus.
1351 1155 1456 1228 Ntrnc
1474 1160 1517 1226 ad
1537 1155 1758 1229 Fridericum
1773 1160 1898 1243 redeo,
1924 1158 1986 1252 qui
2002 1174 2099 1250 post·

82 1285 170 1355 quam
204 1261 299 1346 fore,
341 1276 381 1333 ut
412 1266 591 1348 sacerdos,
632 1266 694 1359 qui
729 1267 834 1337 debet
863 1263 1053 1336 modestiae
1102 1285 1209 1351 quam
1232 1281 1377 1352 eaquae
1399 1261 1442 1328 ad
1462 1281 1602 1348 pacem,
1628 1283 1665 1328 se
1683 1261 1848 1346 absente,
1873 1259 2097 1330 retinendam

81 1363 264 1456 crsemplum¹
281 1383 373 1446 esse,
406 1364 533 1434 cervici
559 1365 786 1458 lmperatoris
807 1368 914 1460 pedes
937 1365 1053 1458 impo-
1102 1361 1141 1432 in
1165 1359 1359 1432 Germania
1390 1373 1426 1432 et
1455 1359 1555 1430 ltalia
1583 1361 1776 1430 necessaria
1808 1375 1926 1445 erant,
1957 1383 2097 1432 summu

81 1477 172 1546 umet,
187 1477 219 1533 et
229 1463 375 1534 adderet
389 1463 659 1536 acclamationes
669 1467 1052 1538 contumeliosissimae.
1101 1463 1250 1533 consilio
1274 1460 1431 1552 providit
1453 1475 1558 1554 atque
1587 1462 1791 1548 constituit,
1830 1463 1965 1552 legibus
1991 1462 2098 1534 ctiam

80 1562 159 1632 llaec
184 1563 213 1632 si
240 1565 488 1653 praevidisset,
522 1581 563 1639 ut
585 1591 649 1657 ego
673 1570 817 1662 quidem
849 1567 1053 1653 ratiocinur,
1101 1565 1244 1656 optimis
1276 1562 1378 1645 latis,
1410 1563 1585 1633 contraxit
1615 1563 1774 1653 ingentes
1799 1563 1938 1656 copias,
1970 1585 2100 1658 easque

81 1661 215 1754 pertrahi
239 1665 280 1734 in
302 1665 391 1735 illud
417 1671 653 1758 spectaculum
678 1693 753 1740 non
777 1670 966 1762 potuisset:
990 1683 1053 1740 aut
1101 1687 1226 1755 inagna
1262 1663 1440 1734 celeritate
1466 1661 1676 1757 Byzantium
1710 1665 1831 1746 drrxit,
1870 1679 1911 1738 nt
1941 1664 2026 1734 inde
2059 1667 2098 1736 in

79 1763 102 1832 si
122 1767 305 1855 praevidit,
330 1762 558 1838 hauddubie
581 1771 679 1842 ncilla
703 1767 758 1841 ies
775 1771 861 1856 alia,
894 1771 964 1840 nisi
985 1765 1052 1840 ho-
1101 1767 1224 1836 tisiam
1244 1765 1431 1838 traiiceret.
1483 1763 1585 1834 Hanc
1607 1765 1866 1855 expeditionem
1885 1788 1958 1836 uon
1983 1767 2098 1860 ambi·

79 1881 159 1936 uesta
181 1869 224 1936 de
252 1867 426 1956 religione
449 1869 596 1960 opinio,
637 1874 795 1943 animum
819 1895 901 1942 vere
925 1867 1052 1942 Achil·
1100 1868 1198 1936 tione
1226 1867 1345 1958 aliqua
1376 1878 1435 1934 aru
1459 1866 1709 1956 superstitione
1736 1881 1933 1960 susceptam
1958 1882 2099 1958 putate;

79 1967 155 2036 lcum
173 1968 319 2038 inflexit·
370 1968 440 2039 Sed
464 1971 551 2063 quid
575 1993 638 2062 ego
655 1971 878 2046 Fridericum
901 1971 1052 2042 excussi
1100 1993 1183 2038 nam
1213 1967 1405 2040 saladinus
1433 1979 1533 2057 capta
1564 1965 1832 2062 Hierosolyma,
1870 1982 1904 2038 et
1929 1983 2096 2060 occupata

79 2069 127 2160 qui
140 2069 272 2138 etiamsi
288 2070 652 2161 videtnrdignitatem
670 2099 745 2145 nun
759 2076 845 2144 satis
859 2068 1051 2143 vehemen-
1100 2071 1173 2138 fere
1196 2083 1268 2140 tota
1291 2066 1415 2161 Syria,
1442 2067 1511 2138 iam
1533 2063 1697 2138 Ciliciam
1722 2082 1756 2140 et
1779 2064 1986 2154 Armenias,
2010 2095 2097 2165 quas

79 2183 120 2242 ttr
137 2170 351 2250 defendisse,
378 2183 496 2241 tamen
524 2176 626 2265 culpa
648 2189 701 2246 est
725 2173 1051 2267 potinsPontiticis,
1100 2171 1197 2239 adid
1221 2184 1360 2259 tempus
1383 2181 1573 2239 tenuerant
1591 2167 1824 2260 imperatores
1842 2169 2096 2243 Constantino-

79 2293 166 2360 aquu
180 2285 259 2340 orta
276 2284 330 2342 est
346 2271 496 2342 iniuria:
522 2299 632 2367 quare
652 2278 771 2367 potius
788 2276 983 2346 accusanda
999 2285 1051 2344 est
1101 2271 1270 2362 politaui,
1302 2270 1499 2350 invaserat,
1531 2266 1764 2342 Emnutrclem
1788 2273 1892 2344 etiarn
1917 2269 2097 2344 Constan-

78 2367 238 2440 Pontiheis
258 2371 474 2463 superbiret
492 2377 693 2451 crudelitas.
745 2375 928 2466 Quantum
953 2375 1050 2446 enim
1100 2371 1376 2464 tiuopolitauum
1394 2371 1647 2462 Imperatorem
1666 2386 1815 2463 ceperat.
1855 2371 1999 2444 Nullius
2016 2374 2097 2444 Ma-

78 2469 112 2539 sit
124 2472 158 2540 in
176 2468 242 2542 hoc
258 2473 350 2542 factu
368 2475 509 2544 sceleris
526 2491 557 2545 et
576 2476 828 2569 turpitudinis,
852 2503 895 2548 ex
914 2501 957 2548 eo
975 2476 1050 2547 exi-
1101 2470 1265 2543 hometici
1283 2468 1393 2541 Ducis
1409 2485 1511 2541 antea
1528 2471 1642 2544 rirtcrs
1659 2497 1699 2544 ac
1714 2473 1887 2544 foelicitas
1902 2489 1999 2546 tanta
2017 2478 2096 2571 frae-

78 2573 192 2642 stimari
208 2587 343 2663 potest,
367 2578 464 2668 quod
487 2577 626 2647 nullum
644 2581 760 2648 simile
775 2579 972 2671 exemplum
989 2601 1050 2648 us·
1099 2587 1172 2659 rat,
1208 2573 1340 2642 multos
1373 2573 1543 2644 exercitus
1569 2568 1793 2644 Christianos
1826 2575 1976 2646 diversis
2010 2577 2097 2647 locis

78 2674 214 2765 quamin
233 2676 308 2745 ulla
326 2672 473 2746 historia
488 2679 601 2748 ullius
610 2681 733 2770 gentis,
752 2682 885 2750 nedum
900 2675 1050 2772 Episco·
1100 2675 1311 2748 conciderat.
1363 2671 1485 2762 Quare
1510 2673 1579 2744 nisi
1604 2675 1876 2764 reprimeretur,
1901 2677 2003 2748 facile
2023 2691 2094 2748 tota
2175 2741 2178 2750 ,

78 2797 203 2863 punam,
229 2777 420 2867 reperitur.
469 2777 630 2849 Primum
648 2780 1049 2852 catrsaexeommunica-
1102 2775 1186 2846 Asia
1204 2775 1595 2868 potiturusvidebatur.
1631 2774 1711 2848 Huc
1729 2777 2096 2868 tantumpericulum,

78 2873 166 2944 tionis
187 2875 321 2946 iniusta
344 2879 430 2962 iuit3
462 2881 521 2948 sed
553 2881 647 2970 linge
675 2883 783 2952 luisse
815 2881 1050 2974 probabilem,
1100 2891 1133 2950 et
1158 2892 1199 2948 nt
1225 2901 1290 2968 ego
1317 2875 1498 2960 existimo,
1533 2875 1639 2946 etiam
1666 2879 1838 2971 qrraeclam
1865 2873 2095 2948 heroicain-
2129 2925 2135 2940 .

77 2977 214 3064 oportuit
240 2993 361 3048 tamen
383 2977 593 3051 Pontificem
618 2985 750 3072 petenti
779 2984 920 3052 veniam
944 2986 1048 3068 dare;
1099 2978 1256 3067 dignatio
1293 2977 1457 3047 excitavit
1492 2976 1672 3066 ingentem
1710 2979 1871 3050 animum
1907 2977 2095 3054 Friderici.

77 3077 184 3146 deinde
206 3078 375 3150 Pontifex
402 3103 477 3150 non
510 3083 635 3154 debuit
665 3087 803 3155 allicere
832 3083 1047 3155 contumelia
1100 3079 1323 3170 intelligebat
1346 3079 1401 3148 sui
1423 3078 1531 3148 oflicii
1554 3101 1649 3162 esse,
1674 3091 1803 3152 uttam
1820 3081 1963 3152 crudele
1982 3081 2095 3156 latro-

77 3177 252 3252 domiunm.
312 3181 383 3250 Sed
406 3183 533 3252 omitto
563 3180 656 3256 hauc
684 3186 848 3256 subtilem
876 3187 921 3254 de
941 3181 1049 3257 Chri·
1098 3180 1232 3250 ciuium
1246 3205 1266 3250 a
1281 3173 1568 3252 Christianorum
1584 3179 1716 3252 linibus
1739 3180 1946 3277 ubicunque
1965 3197 2095 3274 posset,

78 3277 170 3348 stiana
201 3281 375 3352 modestia
407 3281 706 3376 disputationem,
738 3311 829 3381 qnae
862 3286 932 3356 iarn
961 3285 1048 3356 olim
1097 3281 1301 3374 depeller'et.
1343 3276 1579 3351 Existimabat
1594 3281 1701 3352 etiam
1718 3281 1788 3352 sibi
1805 3295 1909 3375 turpe
1924 3284 2002 3355 fore
2017 3286 2094 3354 bel-

28 3399 29 3402 ’
77 3367 192 3451 homae
212 3382 356 3474 explosa
381 3397 488 3478 atque
514 3386 681 3459 exibilata
708 3401 781 3476 est,
811 3411 876 3458 nec
903 3400 1048 3478 putatur
1096 3383 1201 3479 laturi
1224 3395 1343 3467 tanto,
1365 3381 1394 3450 si
1412 3383 1511 3451 dumi
1532 3383 1672 3453 ociosus
1688 3396 1861 3474 spectaret
1876 3401 2093 3474 grassantem

78 3480 167 3569 magis
179 3483 373 3554 convenire
386 3483 623 3577 Principibus,
650 3510 756 3584 quam
776 3489 860 3559 illae
875 3488 1047 3558 ridiculae
1097 3483 1255 3554 victoriis
1278 3478 1415 3552 lmstem
1439 3477 1634 3553 Christiani
1657 3484 1829 3555 nominis.
1892 3483 2016 3579 ltaque
2036 3487 2093 3560 iu·

77 3575 257 3654 Stoicorum
273 3585 485 3670 sententiae,
505 3587 545 3658 in
562 3589 854 3681 quibusdicitur:
882 3591 1049 3660 salossa-
1097 3599 1189 3656 stum
1207 3599 1241 3654 ct
1258 3585 1357 3674 pium
1380 3583 1512 3652 bellum
1530 3584 1663 3674 ingenti
1684 3585 1806 3654 animo
1829 3585 1950 3658 movit.
2003 3585 2094 3656 Per-

77 3679 189 3769 pieutes
203 3707 279 3756 esse
294 3685 470 3758 formosos
485 3685 624 3766 divites.
674 3689 874 3762 Commune
889 3691 945 3762 ius
961 3713 1045 3781 gen·
1095 3685 1178 3756 fecit
1207 3685 1331 3767 etiam,
1368 3697 1412 3754 ut
1435 3677 1639 3755 Richardus
1665 3683 1742 3756 Rex
1769 3681 1920 3776 Angliae
1948 3687 2094 3764 duceret

78 3779 148 3850 tium
166 3786 368 3872 videamus,
394 3791 490 3882 quod
514 3813 637 3863 omnes
658 3791 793 3884 Reges,
818 3792 888 3864 nisi
909 3795 1048 3863 malunt
1097 3787 1287 3858 exercitum
1323 3785 1362 3854 in
1387 3781 1530 3870 Asiam,
1566 3787 1612 3855 ad
1646 3790 1886 3877 recuperanda
1912 3788 2096 3870 maritima,

78 3903 135 3952 esse
147 3888 312 3980 tyranni,
333 3911 475 3960 servare
490 3892 616 3965 solent.
663 3892 977 3965 Violaricreditur
992 3894 1047 3962 ius
1096 3891 1184 3962 luca.
1222 3886 1424 3960 Fridericus
1438 3911 1517 3958 cnm
1533 3886 1606 3957 suis
1621 3887 1733 3979 copiis
1747 3887 1785 3956 in
1799 3888 1952 3958 mediam
1969 3886 2093 3960 Asiam

78 3986 223 4074 mutium,
240 3991 274 4060 si
288 3989 435 4062 veniens
448 3989 527 4064 Rex
541 3996 583 4063 ad
601 4019 722 4087 pacem
738 3997 940 4087 petendam,
960 4019 1047 4064 con·
1095 3992 1272 4081 ingressus
1293 4002 1360 4059 est:
1395 4011 1460 4058 nec
1481 3989 1598 4060 deluit
1621 3986 1719 4060 Deus
1742 3983 1901 4060 honestis
1922 3991 2093 4060 consiliis.

78 4087 199 4160 umelia
215 4089 407 4174 efficiatum
433 4106 469 4162 at
482 4091 683 4168 Fridericus
700 4122 780 4167 cum
798 4098 941 4191 quidem
958 4109 1046 4166 esset
1096 4091 1212 4164 Tanta
1227 4091 1322 4158 euim
1337 4091 1455 4159 subito
1473 4090 1634 4160 omnium
1652 4113 1771 4160 rerum
1785 4091 1935 4162 mutatio
1952 4091 1990 4160 in
2005 4089 2092 4162 Asia
2160 4091 2163 4098 '

79 4183 187 4274 victur,
208 4191 311 4262 venit
332 4215 409 4262 non
429 4195 473 4264 ad
495 4219 613 4286 pacem
632 4201 839 4290 petendam,
863 4200 924 4266 sed
943 4199 1046 4266 abso·
1095 4207 1129 4263 et
1153 4192 1255 4286 Syria
1282 4193 1370 4260 hacta
1394 4205 1464 4272 est,
1490 4203 1530 4259 nt
1546 4188 1756 4273 saladinus,
1783 4191 1847 4284 qui
1872 4206 1974 4262 autea
1995 4195 2093 4264 dele-

78 4281 244 4376 lationem,
268 4292 309 4361 in
327 4317 397 4386 qua
412 4295 526 4366 maior
547 4298 651 4368 etiam
677 4299 802 4389 religio
824 4299 925 4368 inest.
976 4293 1046 4368 Hic
1094 4309 1191 4364 verat
1209 4293 1342 4363 multos
1362 4285 1649 4360 Christianorum
1671 4292 1846 4361 exercitus
1873 4293 2092 4388 latequeva-

79 4380 216 4462 Pendfex
228 4391 400 4464 victorem
414 4397 615 4470 venientem
638 4399 676 4469 in
695 4401 913 4494 colloquium
927 4423 967 4470 ac
983 4401 1046 4468 de-
1094 4409 1196 4486 gatus
1209 4407 1284 4464 erat
1303 4393 1341 4461 in
1356 4394 1448 4463 bona
1466 4405 1566 4483 parte
1580 4389 1693 4474 Asiae,
1720 4415 1816 4462 nunc
1832 4395 1925 4464 tueri
1943 4419 1981 4464 ea
2001 4421 2092 4490 quiae

79 4481 299 4567 liberationem
322 4497 368 4566 de
392 4501 574 4570 communi
602 4501 714 4571 salute
742 4501 841 4572 orbis
871 4515 1044 4572 terrarum
1095 4497 1255 4580 tenebat,
1287 4517 1362 4562 nun
1385 4506 1521 4585 posset,
1553 4489 1758 4563 Fridericus
1781 4494 1811 4562 ei
1836 4493 1999 4566 Ciliciam
2019 4499 2090 4568 eri-

80 4605 137 4657 non
156 4593 255 4666 aliter
270 4609 416 4680 tractat,
442 4613 548 4692 quam
564 4599 726 4697 Ulyssem
741 4597 982 4697 Polyphemus
1004 4601 1043 4671 in
1094 4598 1182 4688 puit,
1206 4595 1295 4666 fusis
1312 4609 1347 4666 et
1364 4595 1487 4666 deletis
1503 4592 1665 4664 Saladini
1682 4595 1911 4682 exercitibus;
1938 4599 2026 4668 alibi
2045 4603 2090 4668 ad

79 4703 160 4760 sntm
173 4695 388 4776 conclusum.
421 4693 538 4773 Addit
550 4703 765 4773 absolutioni
783 4717 905 4775 contra
921 4701 1042 4772 divina
1094 4701 1193 4770 littus
1215 4695 1294 4770 Rex
1316 4693 1467 4786 Angliae
1491 4697 1621 4766 multas
1644 4695 1677 4765 ei
1708 4697 1815 4768 urbes
1839 4699 1986 4770 ademit.
2039 4699 2090 4771 lta

79 4797 105 4856 tl
126 4785 270 4866 humane
295 4797 378 4869 iura
406 4801 619 4896 cyclopicam
647 4805 913 4876 immanitatem.
972 4803 1043 4876 Sed
1094 4825 1173 4870 cum
1199 4799 1339 4889 inipso
1355 4797 1585 4867 victoriarum
1607 4821 1712 4868 cursu
1736 4796 1928 4870 Saladiuus
1951 4825 2091 4890 repres-

80 4879 121 4958 his
141 4899 303 4990 exemplis
321 4900 588 4984 immoderatam
611 4905 803 4996 potentiam
825 4906 1042 5001 actyranni·
1093 4925 1154 4972 urs
1165 4914 1265 4983 esset,
1288 4897 1373 4970 Asia
1388 4899 1569 4970 servitutis
1583 4913 1680 4972 metu
1696 4899 1846 4970 liberata
1865 4915 1928 4974 est.
1964 4899 2092 4990 Quian·
2175 4893 2181 4910 ’

80 4985 140 5062 len
156 5019 256 5095 snam·
268 5002 477 5074 confirmare
491 5003 679 5080 Pontifices
696 5009 814 5079 conati
828 5021 930 5088 sent,
953 5031 1043 5101 quae
1092 5015 1167 5073 tarsu
1193 5015 1310 5072 autem
1339 5014 1441 5078 verae
1462 4999 1578 5068 luridis
1602 5015 1778 5070 mereatur
1799 4995 1856 5070 hic
1874 5001 2092 5088 hildericus,

81 5110 142 5162 turn
156 5099 214 5170 diu
230 5100 300 5170 iam
314 5103 423 5176 leserit
436 5099 614 5178 Ecclesiae
628 5109 818 5200 pernicies,
845 5113 1041 5202 optandum
1092 5129 1165 5175 nun
1182 5125 1323 5194 possum
1342 5127 1407 5193 pru
1426 5103 1597 5192 dignitate
1614 5101 1798 5193 explicare.
1843 5101 2005 5187 Primum
2027 5131 2090 5175 vo-

82 5206 133 5306 θξῐ,
162 5213 198 5268 ut
220 5205 363 5273 tandem
396 5205 589 5300 aliquando
615 5209 840 5306 synodorum
871 5211 1042 5281 autoritas
1093 5209 1208 5276 lrrntas
1229 5205 1298 5274 fuit
1320 5203 1472 5295 optima,
1498 5205 1594 5296 quod
1613 5203 1871 5272 occurrendum
1891 5225 1966 5274 esse
1984 5204 2090 5278 Sala·

82 5288 181 5369 lsberet
195 5301 323 5374 iniusta
339 5319 372 5374 et
392 5307 501 5398 impia
527 5312 694 5382 servitute
708 5309 913 5383 Ecclesiam.
966 5309 1042 5382 Re-
1090 5309 1179 5378 dine
1194 5305 1342 5390 censuit,
1367 5329 1413 5374 ne
1428 5307 1467 5374 in
1482 5306 1685 5374 servitutem
1701 5305 1864 5376 venirent
1877 5300 2092 5393 Christiani,

81 5409 124 5473 les
137 5400 269 5476 decebat
283 5407 467 5498 dignitatis
488 5435 571 5483 suae
586 5439 689 5486 caussa
708 5414 934 5508 impatienter
949 5408 1040 5483 hanc
1091 5424 1125 5482 et
1147 5433 1194 5479 ne
1209 5403 1481 5480 Mahometistae
1506 5405 1617 5476 auctis
1632 5404 1770 5476 viribus
1791 5405 1823 5475 la
1832 5405 1901 5476 tius
1917 5430 2092 5500 propuga-

1021 5564 1035 5622 (¹
