4646 5824
180 281 257 364 stt
771 283 935 364 noct..
984 283 1044 362 IN
1084 277 1322 368 FUNEBE
1363 278 1645 370 notatas
1947 290 1955 298 “
2138 295 2213 378 'itt

184 485 275 558 qoae
291 463 485 534 ostendunt
499 460 575 531 elus
590 459 792 531 doctrinam
808 481 884 532 non
899 481 974 532 esse
993 455 1176 534 seditiosas
1328 460 1475 558 Acpost
1492 459 1685 559 Apostolos
1701 465 1863 564 seqtdtur
1876 493 2022 564 agmen,
2045 475 2142 570 quod
2155 475 2218 546 etsi

184 565 383 658 opiniones,
407 583 545 656 sparsas
559 585 664 634 coeco
680 561 830 655 impeto,
855 576 895 634 ot
909 557 1177 658 hominesEpi·
1223 565 1293 638 init
1315 561 1552 656 imbecillius,
1583 577 1703 642 tantm
1723 567 1793 643 Dei
1814 575 2029 650 testimoniis
2053 590 2218 648 mustum

184 669 283 740 corsi
298 667 474 738 iudicant:
499 666 559 734 sed
576 665 915 736 demonstrationem
930 666 1125 740 volontatis
1143 680 1178 739 et
1225 678 1293 742 est:
1325 663 1562 767 Polycarpns,
1594 670 1779 760 Itonaeos,
1805 674 2005 773 Gregorius
2026 676 2220 750 Neocaesa-

185 771 261 840 veri
277 769 391 841 cultus
409 763 497 847 Dei,
523 779 560 838 et
575 766 844 859 explicationem
862 787 1041 838 sacrarum
1057 769 1177 842 litera-
1223 771 1370 858 nensis,
1407 769 1580 858 Basilius,
1612 769 1854 865 Augustinus,
1896 778 2068 872 Prosper,
2101 779 2220 851 Maxi-

185 895 285 956 rom,
311 867 588 962 etpraeconiom
604 868 705 940 verbi
721 865 808 955 Dei,
831 867 871 940 id
896 882 968 958 est,
988 867 1178 965 Evangelii
1224 896 1322 960 mos,
1347 872 1473 965 llogo,
1503 873 1729 962 Bernsrdns,
1760 876 1955 968 Tomeros,
1979 895 2016 953 et
2034 881 2126 953 alibi
2147 879 2221 957 alii.

186 972 265 1045 lesu
278 967 424 1044 Christi.
619 967 622 972 ’
1224 973 1304 1049 Etsi
1330 977 1426 1046 enim
1449 972 1535 1048 haec
1564 991 1740 1069 postrema
1763 990 1902 1053 senecta
1927 984 2129 1077 squalidior
2153 997 2222 1054 est:

286 1071 366 1146 Etsi
384 1073 493 1165 igitur
516 1069 556 1142 iu
572 1066 628 1143 his
649 1072 893 1161 orationibus,
916 1099 1008 1170 quae
1023 1077 1086 1148 tali
1098 1075 1177 1147 loco
1225 1093 1344 1150 tamen
1359 1077 1456 1150 Deos
1470 1101 1609 1171 semper
1624 1079 1761 1176 aliquas
1775 1083 1943 1179 reliquias
1957 1086 2123 1156 servavit.
2175 1081 2223 1156 Bt

184 1173 375 1263 habentur,
396 1177 507 1246 molta
523 1177 567 1246 de
582 1176 800 1246 ornamentis
814 1177 963 1268 privatis
974 1201 1099 1249 eorum
1114 1179 1178 1272 qui
1225 1181 1339 1252 locem
1353 1175 1540 1271 Evangelii
1554 1181 1832 1273 splendidiorem
1850 1211 2031 1258 accensam
2046 1209 2121 1259 esse
2136 1210 2223 1256 voce

185 1281 390 1364 laudantur,
415 1279 485 1348 dici
503 1279 632 1348 solent:
659 1291 779 1350 tamen
794 1301 858 1368 ego
875 1303 914 1349 ea
927 1293 1027 1372 parte
1044 1281 1177 1352 oratio-
1224 1277 1396 1362 Lutheri,
1421 1283 1645 1354 manifestum
1663 1300 1726 1361 est.

185 1383 242 1452 nis
265 1381 406 1466 relicta,
432 1393 571 1451 tantum
597 1381 641 1449 de
664 1373 732 1450 hoc
748 1381 935 1474 praecipuo
954 1383 1032 1454 loco
1050 1384 1177 1466 dicam,
1322 1379 1626 1456 Annumcrandos
1659 1399 1711 1457 est
1745 1386 1856 1478 igitur
1888 1385 1942 1457 illi
1977 1385 2222 1481 pulcherrimo

184 1483 351 1554 videlicet
372 1485 416 1552 de
440 1503 588 1552 munere
613 1481 860 1553 ecclesiastico.
919 1481 972 1554 lta
995 1484 1091 1554 enim
1112 1486 1178 1554 bo·
1224 1485 1357 1576 agmini
1377 1509 1598 1556 summorum
1620 1487 1801 1573 virorum,
1827 1488 2028 1582 quosDeus
2048 1493 2092 1566 ad
2119 1493 2223 1562 colti-

157 1609 253 1656 ‘nae
274 1597 409 1654 mentes
424 1606 562 1676 semper
582 1595 751 1654 statuent:
779 1583 818 1654 Si
837 1585 1035 1655 doctrinam
1052 1586 1091 1654 io
1106 1583 1178 1656 Ec-
1225 1589 1375 1678 gentiam
1404 1601 1438 1658 et
1465 1588 1731 1658 instaurandam
1757 1583 1950 1661 Ecclesiam
1980 1592 2096 1678 misit,
2132 1615 2223 1688 qnos

184 1687 289 1758 elesia
321 1685 511 1758 salutarem
537 1697 572 1755 et
600 1685 831 1755 necessariam
858 1685 1069 1769 illustravit,
1100 1683 1177 1757 Deo
1226 1690 1370 1782 quidem
1394 1691 1623 1782 praecipuum
1648 1689 1772 1764 florem
1803 1713 1877 1762 esse
1900 1695 2040 1784 generis
2069 1690 2223 1764 hnmani

146 1788 149 1796 ’
183 1787 314 1878 gratias
347 1789 500 1879 agendas
534 1809 625 1872 esse,
658 1787 755 1880 quod
780 1811 861 1856 eum
888 1788 1107 1874 excitaverit,
1144 1802 1177 1859 ct
1226 1791 1475 1880 intelligamus.
1510 1790 1659 1864 Fuerint
1671 1815 1755 1864 sane
1769 1795 1888 1884 magui
1903 1795 1973 1864 viri
1982 1795 2106 1880 Solon,
2122 1792 2226 1866 The·

98 1981 105 1991 ·
175 1891 461 1988 ‚ipsiuslabores
481 1889 601 1974 fidem,
618 1889 864 1974 constantiam,
890 1901 924 1960 et
938 1901 1090 1962 caeteros
1105 1891 1177 1960 vir·
1225 1891 1415 1978 mistocles,
1434 1890 1567 1986 Scipio,
1581 1893 1773 1985 Augustus,
1792 1909 1827 1966 et
1843 1894 1989 1982 similes,
2012 1898 2076 1992 qui
2091 1919 2224 1987 magna

183 2007 278 2066 tutes
306 1993 505 2090 laudandas
538 2013 632 2076 esse,
672 2015 713 2060 ac
737 1990 944 2060 memoriam
972 1991 1047 2062 eius
1073 1991 1180 2064 bonis
1225 1993 1374 2085 imperia
1403 1994 1460 2063 vel
1486 1997 1764 2084 constituerunt,
1793 1999 1849 2068 vel
1873 2011 2060 2070 mxernnt:
2100 2012 2225 2070 tamen

184 2094 352 2168 omnibus
366 2087 609 2165 charissimam
623 2114 709 2166 esse.
1225 2096 1330 2186 longe
1356 2095 1543 2167 interiores
1571 2109 1655 2168 sunt
1683 2092 1739 2168 his
1768 2098 1901 2170 nostris
1919 2101 2072 2171 ducibus
2098 2098 2227 2184 lesaia,

286 2194 343 2268 Sit
357 2195 465 2286 igitur
480 2186 549 2263 hoc
563 2193 736 2264 orationis
750 2205 891 2264 nostrae
906 2193 1064 2269 initium.
1112 2193 1178 2268 Se·
1224 2193 1396 2290 Baptista,
1420 2195 1546 2278 Panlo,
1571 2194 1787 2290 Augustino,
1812 2197 1985 2274 Lothero.
2023 2201 2226 2274 Haecvers

184 2300 262 2386 det,
281 2311 323 2369 ot
338 2293 471 2367 Paulus
487 2295 619 2390 inquit,
641 2295 736 2366 iilius
750 2290 819 2364 Dei
833 2297 878 2366 ad
891 2296 1050 2368 dextram
1065 2311 1178 2369 aeter·
1224 2298 1430 2372 discrimina
1445 2299 1643 2390 intelligere
1659 2325 1724 2372 nos
1740 2302 1778 2372 in
1795 2297 1953 2372 Ecclesia
1967 2307 2077 2378 decet.

183 2400 225 2472 ni
241 2399 371 2493 patris,
396 2411 430 2468 et
445 2396 595 2488 largitor
608 2397 702 2468 bona
718 2391 945 2493 horninibus,
970 2401 1091 2486 idest,
1113 2425 1178 2470 vo-
1326 2398 1428 2489 Quae
1450 2401 1560 2492 igitur
1584 2425 1640 2472 res
1662 2425 1810 2494 magnae
1832 2417 1868 2475 et
1888 2429 1993 2476 verae
2016 2429 2037 2476 a
2058 2399 2225 2476 Luthero

184 2525 262 2574 cem
278 2497 467 2590 Evangelii
484 2512 523 2596 et
540 2497 714 2590 Spiritum
736 2513 913 2570 sanctum:
938 2523 1030 2592 quae
1047 2515 1088 2573 ut
1109 2503 1178 2572 im·
1223 2503 1415 2597 patefactae
1440 2514 1541 2589 sunt,
1576 2527 1666 2597 quae
1686 2505 1880 2576 ostendunt
1903 2507 1978 2577 eius
1993 2505 2226 2578 'curriculum

184 2603 331 2697 pertiat,
364 2602 491 2673 excitat
519 2595 732 2692 Prophetas,
767 2595 976 2691 Apostolos,
1007 2601 1179 2676 Doctores
1225 2605 1445 2676 laudandum
1466 2605 1565 2675 esse?
1606 2603 1772 2678 Clamant
1793 2607 1890 2676 enim
1912 2609 2019 2678 multi
2040 2609 2229 2681 turbatam

185 2721 220 2778 et
240 2703 423 2790 Pastores,
449 2716 484 2774 et
507 2697 574 2772 hos
593 2702 702 2774 sumit
723 2725 765 2772 ex
786 2696 855 2773 hoc
876 2715 1017 2792 nostro,
1049 2707 1087 2776 id
1115 2719 1178 2789 est,
1224 2701 1438 2790 Ecclesiam,
1463 2720 1497 2778 et
1519 2709 1778 2778 controversias
1799 2707 2061 2780 inextricabiles
2082 2731 2230 2800 sparsas

184 2806 397 2879 discentium
429 2815 552 2890 coeto,
586 2803 650 2898 qui
664 2805 819 2895 degunt,
853 2805 1027 2893 audiunt,
1059 2822 1180 2879 amant
1225 2829 1309 2880 esse.
1361 2803 1431 2878 Hic
1457 2811 1656 2899 respondeo
1685 2811 1790 2880 talem
1823 2831 1897 2880 esse
1926 2813 2230 2899 gubernationem

98 2913 101 2924 '
184 2909 315 3001 scripta
336 2900 543 3000 prophetica
558 2919 593 2977 et
613 2907 816 3000 apostoliea.
854 2903 929 2978 Nec
943 2921 1082 2982 tantum
1097 2909 1179 2980 illos
1224 2906 1413 2982 Ecclesiae.
1465 2906 1556 2980 Cum
1575 2909 1730 3002 Spiritus
1744 2923 1886 2982 sanctus
1900 2913 2017 3003 arguit
2032 2913 2232 2998 mondum,

183 3024 288 3082 vocat
315 3011 360 3080 ad
391 3005 484 3079 hanc
515 3007 701 3096 militiam,
733 3006 797 3103 qui
817 3020 940 3081 tenent
959 3011 1178 3080 ordinariam
1225 3010 1370 3080 dissidia
1395 3023 1541 3103 propter
1563 3011 1756 3104 impiorum
1782 3013 2014 3103 pertinaciam
2041 3015 2229 3098 oriuntur,

182 3125 410 3206 potestatem:
436 3111 497 3179 sed
512 3131 614 3201 saepe
629 3110 702 3178 illis
724 3109 810 3204 ipsis
828 3109 963 3181 bellum
987 3111 1095 3182 insert
1116 3135 1180 3204 per
1224 3125 1261 3182 et
1281 3111 1386 3203 culpa
1411 3125 1608 3182 esseorum
1633 3114 1695 3207 qui
1719 3115 1844 3183 audire
1866 3113 1980 3184 filium
1994 3113 2231 3202 Deianiram,

183 3211 356 3288 Doctores
376 3235 417 3282 ex
438 3211 519 3281 aliis
540 3211 729 3282 ordinibus
749 3209 922 3286 delectos·
964 3207 1100 3308 Estque
1121 3213 1178 3285 io·
1225 3217 1269 3285 de
1292 3229 1363 3307 quo
1379 3213 1540 3286 coelestis
1561 3227 1662 3305 pater
1677 3213 1812 3307 inquit:
1838 3212 1946 3285 Hunc
1961 3217 2093 3287 audite.
2139 3215 2230 3286 Lu-

117 3395 119 3400 ,
185 3317 345 3387 cundum
367 3328 402 3386 et
424 3313 513 3384 utile
537 3314 795 3406 spectaculum,
827 3312 961 3385 intueri
983 3311 1177 3385 Ecclesiam
1225 3309 1347 3385 theros
1369 3337 1489 3385 veram
1511 3327 1546 3385 et
1568 3316 1799 3386 necessariam
1822 3317 2021 3388 doctrinam
2044 3318 2229 3410 patefecit.

184 3417 347 3489 omnium
371 3428 542 3487 aetatum:
576 3429 610 3486 et
631 3415 854 3486 considerare
876 3416 1073 3486 bonitatem
1097 3417 1179 3501 Dei,
1225 3413 1349 3487 Fuisse
1379 3415 1474 3485 enim
1497 3417 1660 3487 tenebras
1687 3417 1726 3486 in
1748 3418 1910 3492 doctrina
1931 3419 1976 3488 de
2000 3420 2231 3512 poenitentia

185 3519 249 3613 qui
263 3518 417 3590 subinde
431 3517 601 3588 salutares
615 3515 806 3602 Doctores,
833 3516 881 3586 ita
896 3519 1104 3588 continuato
1119 3541 1179 3587 or·
1224 3517 1461 3603 densissimas,
1487 3519 1712 3590 manifestum
1727 3531 1789 3590 est·
1835 3515 1902 3588 llis
1918 3520 2084 3593 discussis
2098 3533 2230 3592 osten-

185 3621 270 3692 dine
283 3619 400 3706 misit,
422 3633 463 3690 ut
476 3633 645 3714 tanquam
660 3619 698 3690 in
713 3619 788 3690 acie
811 3619 992 3710 prioribus
1004 3622 1177 3690 decaden·
1226 3619 1297 3704 dit,
1322 3639 1415 3714 quse
1438 3618 1484 3691 sit
1498 3641 1580 3688 vera
1599 3621 1835 3711 poenitentia,
1856 3621 1994 3716 etquis
2016 3623 2063 3694 sit
2082 3635 2227 3716 portus,

185 3724 301 3806 tibus,
326 3745 410 3792 mox
426 3720 488 3791 alii
504 3720 544 3790 in
565 3715 695 3792 borum
709 3720 856 3810 vestigia
874 3721 1090 3798 insisterent.
1225 3743 1316 3815 quae
1337 3721 1439 3790 brrna
1456 3721 1651 3792 consolatio
1668 3722 1817 3808 mentis,
1842 3745 1934 3818 quae
1953 3725 2094 3817 expavit
2110 3741 2229 3796 sensu

283 3822 379 3896 Nota
394 3817 500 3892 series
513 3833 565 3892 est
576 3822 773 3916 primorum
783 3835 936 3914 patrum,
949 3819 1061 3910 Adae,
1078 3819 1180 3911 Seth,
1225 3823 1299 3892 irae
1319 3817 1400 3892 Dei.
1452 3817 1647 3895 lllustravit
1667 3821 1772 3896 Pauli
1793 3825 2012 3913 doctrinam,
2046 3847 2136 3920 qnae
2155 3825 2229 3914 sit,

185 3920 337 4011 Enoch,
365 3919 611 4010 Methusalem,
637 3923 725 4010 Noe,
750 3921 855 4010 Sem,
880 3917 948 3995 hoe
962 3925 1064 4012 vivo,
1089 3937 1125 3996 ct
1139 3926 1178 3994 in
1225 3925 1294 3995 lide
1312 3923 1495 3995 iustificari
1515 3918 1709 4001 hominem.
1760 3921 1931 3998 Ostendit
1943 3927 2132 3999 discrimen
2146 3925 2229 3999 Le·

184 4025 316 4099 vicinia
339 4023 579 4098 Sodomorum
603 4020 808 4110 habitante,
840 4047 921 4096 cum
947 4025 1019 4096 ism
1046 4027 1177 4118 oblitae
1225 4027 1278 4117 gis
1299 4039 1335 4097 ct
1357 4020 1564 4116 Evangelii,
1597 4027 1752 4099 iustitiae
1773 4025 1948 4119 Spiritus,
1985 4045 2020 4102 et
2040 4028 2226 4122 politicae.

185 4142 305 4220 gentes
326 4125 601 4200 doctrinaeNoii
625 4128 663 4198 et
681 4127 784 4214 Sem,
814 4127 943 4218 passim
964 4127 1059 4198 idola
1082 4128 1177 4199 cole·
1225 4123 1395 4199 Ostendit
1424 4141 1459 4199 et
1484 4149 1604 4198 veram
1631 4127 1893 4200 invocationem
1915 4127 2001 4217 Dei,
2039 4155 2080 4202 ac
2103 4143 2225 4202 totam

184 4243 277 4312 rent,
302 4230 472 4302 excitatos
486 4241 538 4300 est
553 4224 750 4315 Abraham,
776 4240 816 4300 ot
830 4241 918 4300 esset
934 4229 1066 4322 collega
1081 4233 1178 4316 Sem,
1224 4225 1417 4300 Ecclesiam
1441 4229 1487 4300 ab
1512 4224 1654 4300 ethnico
1677 4232 1799 4302 lurore
1814 4233 2012 4318 revocavit,
2036 4232 2099 4328 qui
2114 4231 2227 4322 lingit

67 4362 70 4369 .
185 4346 220 4403 et
237 4333 353 4402 socios
369 4327 477 4402 huius
499 4331 629 4401 summi
650 4331 785 4423 operis,
806 4333 1058 4423 propagandae
1073 4355 1177 4402 verae
1224 4327 1340 4402 Deum
1359 4329 1537 4417 invocari,
1568 4331 1708 4402 etiamsi
1731 4345 1868 4406 mentes
1888 4333 2087 4406 academica
2109 4333 2227 4405 dubi·

184 4435 376 4505 doctrinae.
436 4431 532 4503 Huic
552 4445 794 4504 successerunt
814 4430 930 4514 Isaac,
963 4430 1087 4520 Iacob,
1119 4433 1177 4505 lo-
1224 4433 1358 4503 tatione
1372 4455 1559 4525 oppressae
1570 4433 1708 4526 logiam
1721 4431 1850 4506 Deum.
1899 4432 2224 4508 luoit'odeetbo-

186 4531 294 4628 seph,
326 4534 451 4629 quiin
481 4533 646 4606 universa
672 4531 853 4631 Aegypto,
886 4559 977 4628 quae
999 4549 1085 4608 tunc
1107 4535 1177 4606 luit
1224 4557 1271 4604 oa
1292 4534 1507 4606 conscientia
1531 4535 1606 4605 beri
1637 4535 1917 4622 invocationem,
1949 4550 1984 4608 et
2005 4539 2151 4632 quidem
2170 4541 2223 4609 ad

182 4637 474 4709 florentissimum
493 4659 643 4726 regnum
665 4649 741 4708 toto
765 4637 852 4708 orbe
879 4649 1075 4724 terrarum,
1111 4639 1177 4716 do·
1224 4659 1336 4708 untrm
1351 4636 1582 4707 mediatorem
1596 4637 1708 4707 lilium
1718 4634 1786 4708 Dei
1801 4639 1981 4708 sedentem
1996 4641 2041 4710 ad
2056 4641 2222 4711 dextram

185 4739 447 4812 ctrioaelocem
461 4738 633 4810 accendit.
667 4737 807 4809 Deinde
821 4737 953 4829 Moses,
975 4738 1088 4823 Iosue,
1110 4738 1174 4811 Sa·
1225 4738 1358 4808 aeterni
1380 4738 1511 4830 patris,
1543 4751 1578 4808 et
1600 4739 1883 4832 interpellantem
1909 4760 1976 4832 pro
1998 4741 2121 4828 uobis,
2153 4743 2222 4812 de-

181 4843 297 4928 muel,
323 4839 458 4926 David,
488 4835 606 4924 Elias,
637 4835 795 4925 Eliseus,
830 4861 935 4932 quem
960 4841 1098 4912 audivit
1121 4838 1176 4910 le·-
1224 4839 1329 4912 dtrxit
1349 4861 1430 4909 nos:
1450 4863 1536 4910 nou
1555 4841 1600 4910 ad
1626 4853 1758 4912 statuas
1772 4854 1833 4912 aot
1854 4835 2017 4914 homines
2040 4855 2222 4932 manuos,

183 4945 293 5029 saias,
319 4941 464 5013 lesaiam
493 4937 676 5022 Ieremias,
703 4937 798 5028 hunc
817 4936 964 5026 Daniel,
990 4939 1175 5012 Danielem
1223 4954 1264 5012 nt
1279 4935 1443 5012 horribili
1459 4943 1579 5012 sorore
1601 4935 1764 5013 homines
1780 4941 1882 5035 impii
1901 4956 2032 5016 statuas
2048 4959 2083 5017 et
2098 4940 2223 5014 homi-

183 5041 384 5134 Zacharias.
443 5043 584 5115 Deinde
605 5039 756 5130 Esdras,
789 5039 915 5117 Ouias.
973 5042 1059 5114 Post
1078 5039 1175 5130 ιιιιιιοΙ
1223 5065 1285 5114 nes
1300 5055 1463 5114 mortuos
1483 5043 1662 5115 invocant.

182 5142 401 5217 Machabaei.
445 5142 585 5214 Deinde
597 5142 755 5230 Simeon,
779 5139 980 5231 Zacharias,
1003 5143 1174 5236 Baptista,
1325 5141 1541 5215 Monstravit
1562 5158 1597 5216 et
1612 5144 1682 5216 alia
1699 5169 1781 5216 vera
1806 5147 1921 5217 officia
1937 5145 2015 5218 Deo
2040 5161 2158 5238 grata,
2183 5165 2221 5221 et

181 5243 361 5333 Christus,
386 5243 562 5340 Apostoli.
612 5243 715 5315 Hanc
738 5249 944 5316 continuam
968 5248 1095 5317 scriem
1116 5247 1174 5318 io·
1224 5247 1331 5318 vitam
1356 5247 1496 5316 civilem
1517 5246 1565 5316 ita
1589 5247 1731 5320 ornavit
1751 5262 1787 5320 et
1806 5249 1977 5331 munivit,
2015 5263 2056 5321 ut
2080 5251 2219 5323 nullius

70 5407 73 5418 .
180 5361 240 5419 vat
259 5350 430 5440 aspicere,
465 5361 628 5441 quaeest
652 5348 1173 5442 illustretestimouiomprae-
1221 5371 1379 5442 unquam
1403 5347 1515 5420 literis
1531 5349 1580 5419 ita
1595 5363 1719 5421 ornata
1738 5364 1773 5422 et
1788 5351 1927 5422 munita
1942 5349 1999 5425 sit.
2050 5347 2218 5447 Denique

180 5451 313 5528 sentiae
325 5447 394 5521 Dei
409 5449 448 5516 in
461 5445 633 5520 Ecclesia.
1202 5465 1203 5468 ’
1221 5449 1375 5521 seiunxit
1394 5471 1413 5518 a
1435 5452 1640 5522 necessariis
1656 5451 1825 5544 operibus
1845 5451 2021 5546 puerilem
2039 5457 2219 5545 paedago-
