4614 5820
228 269 303 346 523
710 252 870 328 nucu
910 251 984 330 nu
1015 249 1421 330 rueunanoau
1453 245 1704 336 annona
1737 259 1770 342 1.
2189 271 2255 352 aas

332 432 443 526 DIgni
460 441 555 503 certe
575 425 828 520 Imperatores,
854 447 1007 520 quorum
1031 447 1087 498 res
1107 437 1221 516 gestae
1272 425 1337 520 qui
1355 447 1429 496 non
1453 438 1525 498 tarn
1553 425 1724 523 opinione
1741 459 1848 529 quam
1869 449 1967 510 mmo
1984 441 2134 532 patriam
2152 445 2256 518 virtu-

157 603 159 610 .
231 544 271 612 in
284 538 431 629 singulis
440 529 567 603 harum
582 529 739 620 gentium
753 527 904 599 urbibus
919 527 1222 622 publicequotan-
1273 543 1343 600 tem
1366 528 1610 620 proiicientes,
1642 535 1838 628 quinetiam
1861 539 1946 612 vino
1973 544 2188 640 caeterisque
2207 573 2256 618 re-

233 645 289 712 nis
312 643 560 718 decantentur,
589 633 683 724 quod
709 631 867 720 ipsorum
893 653 999 722 opera
1018 625 1222 702 Christiana
1272 631 1338 700 bus
1361 631 1406 700 ad
1427 629 1604 702 luxuriam
1618 637 1881 728 pertinentibus
1904 639 2142 732 effoeminati,
2164 650 2257 741 papi·

233 743 358 832 religio
374 741 417 808 ad
433 733 498 808 hos
514 733 664 826 populos
679 732 833 824 primum
850 731 895 802 sit
908 733 1086 804 translata.
1123 729 1222 820 Quid
1273 733 1378 801 sticae
1392 731 1556 802 factionis
1570 738 1813 811 crudelitatem
1830 736 1997 815 horrente
2014 759 2049 817 et
2063 771 2258 842 quanquam

234 859 350 917 autem
365 837 589 911 Eleinosinae
604 831 851 914 Constantini,
878 833 966 928 qnid
988 835 1152 902 immensi
1170 834 1222 902 la.
1275 835 1405 902 bonam
1430 851 1563 923 partem
1588 839 1770 912 doctrinae
1792 843 2011 934 intelligant,
2043 861 2161 921 tamen
2183 852 2259 945 qnia

234 951 337 1018 bores
353 939 492 1024 Caroli,
515 959 727 1030 magnopere
751 936 952 1028 profuerint
976 932 1159 1021 Ecclesiis‚
1184 936 1224 1002 in
1276 934 1434 1025 imperiis
1448 936 1521 1005 suis
1535 939 1772 1028 periculosum
1788 967 1863 1014 esse
1875 947 2106 1037 arbitrantur,
2125 967 2260 1044 propter

235 1048 363 1141 quibus
408 1040 601 1132 impiorum
646 1052 682 1108 et
725 1038 973 1108 sceleratorum
1012 1035 1224 1108 Pontificum
1275 1031 1461 1125 Evangelii
1482 1038 1680 1110 doctrinam
1699 1042 1881 1116 Pontificis
1905 1049 2054 1137 gratiam
2076 1054 2261 1145 repudiari,

235 1149 348 1218 libido
365 1143 590 1214 anteferenda
605 1141 649 1210 sit
665 1140 922 1232 Imperatorum
942 1139 1095 1228 legibus,
1120 1153 1224 1230 atque
1275 1159 1401 1226 magna
1424 1139 1576 1210 amentia
1600 1143 1763 1234 impulsi,
1789 1148 1959 1220 adiuvant
1979 1153 2181 1240 saevitiam,
2205 1157 2261 1226 de-

237 1246 504 1340 Magistratibus
521 1245 680 1334 adempta
696 1255 848 1334 potestas
862 1239 1225 1310 sitanimadvertendi
1276 1239 1427 1310 lendunt
1461 1239 1677 1332 impietatem
1711 1261 1833 1318 contra
1861 1251 2131 1340 conscientiam,
2168 1281 2261 1348 prae·

236 1355 275 1422 in
301 1354 462 1418 doctores
494 1343 641 1435 impios,
675 1344 741 1414 soli
766 1341 991 1431 Magistratui
1013 1343 1051 1410 in
1079 1340 1226 1433 reliquis
1276 1353 1431 1409 texentes
1449 1343 1605 1412 studium
1626 1346 1832 1420 retinendae
1858 1352 2111 1426 ecclesiasticae
2135 1359 2260 1429 autori-

237 1445 538 1524 mandatisaDeo
553 1445 658 1515 data?
707 1441 817 1514 Multi
840 1456 1010 1538 perpetuo
1026 1443 1103 1513 ocio
1121 1456 1155 1512 et
1170 1443 1227 1510 lu·
1277 1443 1369 1514 tatis.
1421 1435 1488 1526 Et,
1514 1448 1610 1536 quod
1634 1449 1878 1539 turpissimum
1900 1467 1952 1524 est
1973 1447 2118 1526 heroico
2140 1461 2260 1548 generi,

238 1555 339 1626 suria
364 1549 477 1620 eflecti
502 1547 652 1618 hrissent
679 1542 865 1637 Epicurei,
898 1545 1102 1614 derisissent
1131 1543 1228 1612 iudi·
1278 1567 1352 1612 non
1376 1555 1513 1613 tantum
1529 1542 1724 1618 Ecclesiam
1740 1547 1875 1623 Christi
1896 1571 2124 1646 oppugnant,
2148 1583 2260 1630 verum

239 1657 333 1728 cium
352 1651 428 1731 Ilei,
450 1651 664 1718 iudicassent
677 1644 910 1736 Evangeliurn
926 1647 1128 1716 fabulosum
1144 1667 1227 1718 csse.
1279 1657 1424 1736 propter
1445 1657 1577 1716 metum
1599 1649 1704 1720 etiam
1733 1653 1876 1724 destitui
1900 1677 1921 1724 a
1944 1679 1980 1726 se
2000 1659 2209 1750 religionem
2231 1675 2261 1732 et

136 1821 139 1828 .
238 1757 375 1838 Postea,
399 1775 479 1822 cum
492 1753 630 1820 animus
647 1750 807 1840 impurus
823 1761 921 1832 esset,
947 1771 1021 1818 non
1037 1762 1229 1838 temperas-
1279 1745 1456 1816 iusticiam
1476 1742 1752 1844 haudquaquam
1777 1755 1908 1846 pudet,
1933 1761 2029 1850 quod
2046 1759 2116 1830 alia
2134 1762 2261 1832 ratione

240 1873 317 1930 sent
340 1879 376 1924 se
399 1856 445 1924 ab
468 1853 597 1942 apertis
619 1851 797 1922 maleficiis
821 1851 943 1920 etiam:
977 1873 1097 1919 noune
1120 1849 1228 1918 satius
1280 1871 1399 1938 pacem
1426 1849 1590 1919 factionis
1614 1853 1814 1943 pontificiae
1842 1858 1997 1930 sentiant
2029 1885 2066 1931 se
2098 1853 2273 1934 redimere

238 1963 360 2032 fuisset
375 1955 521 2026 servatis
535 1955 689 2024 cultibus
703 1953 895 2032 idolorum,
923 1951 1052 2044 quibus
1068 1971 1228 2020 assueve-
1280 1971 1353 2018 non
1373 1971 1484 2039 posse.

240 2076 321 2134 rant
338 2071 419 2127 aute
435 2055 603 2126 Carolnm
628 2053 799 2143 Magnum
816 2052 988 2137 Vandali,
1014 2052 1126 2134 Dani,
1151 2073 1229 2119 cae·
1381 2049 1559 2122 Historiae
1576 2055 1772 2143 affirmant,
1797 2061 1893 2152 quod
1910 2057 2096 2132 Romanos
2117 2087 2183 2156 pro
2198 2087 2261 2134 sce-

241 2164 377 2254 terique
400 2159 570 2226 idolatrae
596 2153 791 2238 Germani,
824 2155 996 2246 populum
1024 2151 1169 2223 retineri
1191 2151 1230 2219 in
1281 2151 1353 2220 lere
1386 2151 1543 2241 ipsorum
1571 2167 1753 2248 tantopere
1774 2161 1870 2230 ultus
1893 2161 1938 2232 sit
1960 2157 2068 2248 Otto,
2103 2180 2145 2235 ut
2172 2189 2260 2256 agros

242 2264 374 2340 officim
396 2273 500 2352 atque
515 2269 607 2328 certa
621 2257 807 2347 disciplina
823 2256 1011 2340 assuefieri,
1035 2269 1076 2325 ut
1088 2253 1230 2325 statuis-
1283 2250 1404 2322 Italiae
1421 2269 1556 2324 vastare
1575 2281 1648 2326 non
1664 2260 1896 2346 dubitaverit,
1916 2263 2047 2354 oppida
2062 2287 2261 2357 expugnare,

243 2380 294 2437 set
310 2361 374 2432 hos
387 2363 470 2430 deos
485 2355 659 2455 (qnorum
675 2359 803 2450 opibus
818 2381 854 2426 se
869 2357 985 2428 iuvari
1002 2351 1231 2448 opinabatur)
1282 2353 1443 2422 consules
1464 2352 1580 2428 Roma
1604 2372 1703 2450 capta
1723 2363 1960 2450 proscribere,
1994 2379 2175 2440 senatores
2195 2391 2261 2440 sus·

242 2466 492 2553 homiuespro
512 2462 639 2530 scelere
659 2462 816 2551 ipsorum
836 2459 957 2546 ulcisci
978 2460 1084 2526 velle:
1110 2469 1231 2525 contra
1282 2455 1413 2545 pendio
1445 2457 1633 2545 mulctare,
1667 2462 1751 2553 quia
1779 2461 1936 2534 leonem
1964 2489 2141 2540 consensu
2166 2471 2261 2541 totins

243 2593 327 2639 vero
348 2563 674 2653 obtemperantibus
696 2561 850 2652 praemia
868 2583 942 2630 non
957 2561 1119 2627 defutura
1135 2555 1232 2624 esse?
1283 2554 1426 2624 concilii
1442 2551 1658 2650 Episcopum
1675 2560 1859 2634 Romanae
1873 2561 2053 2638 Ecclesiae
2067 2569 2212 2655 factum,
2234 2585 2261 2640 et

244 2669 402 2740 Praestat
434 2666 527 2734 enim
559 2663 725 2732 omnibus
756 2661 871 2730 modis
904 2661 1058 2752 aliquam
1086 2657 1232 2728 retineri
1283 2657 1387 2726 toties
1417 2658 1463 2726 ab
1497 2655 1714 2752 Imperatore
1741 2665 1944 2737 restitutum
1978 2667 2017 2738 in
2053 2671 2260 2760 pontificiam

245 2769 488 2860 disciplinam,
538 2787 644 2859 quam
677 2762 890 2832 Pontificum
931 2761 1084 2831 amentia
1123 2773 1232 2830 totam
1285 2758 1512 2846 dignitatem,
1544 2763 1684 2832 civitate
1710 2765 1836 2836 eiicere
1858 2789 1932 2836 non
1955 2769 2183 2856 desisterent,
2209 2771 2261 2864 qni
2300 2801 2301 2824 t

245 2898 264 2944 e
288 2872 421 2941 mundo
443 2866 522 2937 201st
544 2865 730 2935 inspiciam,
1026 2887 1029 2896 ⁴
1285 2853 1524 2929 Octavianum
1546 2864 1734 2954 profugum
1754 2866 1792 2934 in
1816 2868 2003 2960 antiquum
2018 2870 2139 2942 Iocum
2162 2869 2263 2944 hono·

346 2970 449 3042 Certe
473 2966 689 3038 hoctantum
706 2965 972 3036 incommodum
989 2962 1072 3052 satis
1088 2985 1233 3054 perspe-
1285 2962 1334 3029 ris
1358 2961 1495 3031 restitui
1521 2965 1722 3056 cupiebant.
1772 2966 1812 3038 Si
1834 2969 1942 3056 igitur
1962 2983 2034 3042 tam
2053 2975 2208 3062 graviter
2230 2975 2259 3041 in

244 3089 342 3146 xerat
353 3069 464 3155 Otto,
490 3083 523 3140 et
539 3069 675 3138 viderat
699 3064 794 3136 haud
815 3061 1004 3135 dubiehos
1026 3064 1233 3134 utilissimos
1280 3061 1490 3132 'manifestos
1521 3065 1706 3154 religionis
1738 3061 1856 3137 hostes
1888 3071 2141 3148 animadvertit
2174 3073 2263 3158 Otto,

243 3172 472 3248 Constantini
494 3183 528 3240 et
549 3167 668 3240 Caroli
690 3169 828 3238 labores
850 3167 951 3236 facile
977 3165 1151 3256 perituros
1165 3159 1234 3232 Ec·
1285 3187 1356 3255 quo
1373 3164 1499 3234 dolore
1519 3167 1686 3236 adversus
1709 3167 1789 3240 illos
1811 3171 2011 3257 exarsisset,
2042 3199 2133 3267 quos
2155 3177 2189 3246 in
2203 3171 2261 3248 Ec·

243 3278 396 3364 alerias,
422 3273 491 3342 nisi
507 3285 541 3341 et
558 3293 621 3340 suo
643 3271 802 3360 exemplo
817 3270 956 3338 doceret
978 3279 1153 3358 posteros,
1180 3265 1235 3334 ius
1286 3259 1410 3334 clasiae
1433 3285 1535 3333 causa
1559 3267 1777 3338 desertorum
1806 3264 1846 3339 a'c
1871 3273 2095 3363 proditorum
2127 3301 2260 3348 numero

250 3375 555 3451 animadvertendi
585 3374 624 3440 in
654 3370 841 3441 Pontifices
869 3391 974 3460 penes
1003 3365 1234 3460 Imperatores
1285 3360 1627 3448 fuissethabiturus‚
1649 3369 1882 3442 siineolumis
1900 3375 2012 3445 esset?
2298 3439 2299 3458 ,

249 3505 338 3553 esse:
365 3493 400 3548 et
414 3478 488 3568 lege
503 3476 606 3544 etiam
620 3473 748 3542 sanciri
764 3485 919 3556 curaret,
942 3470 1129 3540 autoritate
1144 3467 1235 3538 Leo·
1387 3463 1495 3553 Quod
1513 3484 1627 3538 autem
1645 3493 1718 3540 uon
1743 3472 1857 3541 solum
1875 3477 2080 3565 opposuerit
2100 3499 2137 3548 se
2152 3477 2261 3546 Ponti·

249 3585 307 3656 nis
335 3580 467 3664 octavi,
487 3577 691 3646 neminem'
710 3576 787 3644 Ioco
819 3571 1001 3644 PontificIs
1032 3565 1234 3640 habendum
1287 3567 1361 3650 lici,
1392 3571 1623 3640 verumetiam
1658 3572 1787 3642 acriter
1815 3594 1880 3666 pro
1904 3574 2026 3647 Leone
2056 3578 2262 3670 pugnaverit,

248 3709 342 3770 esse,
367 3681 437 3751 nisi
459 3679 646 3750 autoritate
663 3674 888 3768 Imperatoris
909 3685 996 3744 esset
1012 3671 1236 3754 constitutus,
1287 3669 1431 3760 probari
1454 3683 1587 3760 potest,
1620 3673 1657 3743 id
1678 3674 1809 3743 factum
1831 3699 1909 3746 esse
1925 3677 1970 3748 ab
1992 3665 2149 3766 Ottone,
2178 3677 2259 3773 quod
2297 3737 2298 3756 a

248 3811 319 3883 quo
343 3780 489 3854 Ottonis
513 3783 674 3862 decreto,
707 3778 789 3870 quia
813 3799 886 3844 non
909 3775 1005 3846 stetit
1030 3771 1235 3864 Imperator,
1287 3771 1415 3860 impias
1429 3769 1638 3842 Pontificum
1656 3775 1844 3866 opiniones
1861 3778 1899 3846 in
1917 3791 1970 3850 tot
1985 3781 2260 3874 occupationibus
2297 3777 2298 3808 ¹

250 3889 314 3984 qui
329 3882 501 3956 Ottonem
516 3893 653 3950 secutus
670 3891 743 3962 cst,
768 3875 945 3946 Ilenricus
960 3875 1115 3970 quintus,
1140 3873 1236 3965 quod
1287 3895 1362 3941 non
1380 3871 1465 3940 satis
1488 3874 1699 3946 deliberatas
1716 3877 1916 3970 reliquisset
1934 3880 2184 3952 existimandas
2205 3879 2259 3951 toti

251 3988 372 4062 omnia
395 4007 517 4056 rursus
539 3981 724 4050 donaverit
746 3976 903 4064 Calirto,
935 3977 1011 4046 iure
1034 3977 1079 4044 ab
1101 3970 1237 4044 Ottone
1287 3973 1454 4043 concilio:
1482 3987 1516 4046 et
1530 3980 1624 4068 quod
1643 3977 1848 4067 opinaretur
1864 4003 1904 4048 er
1919 4005 1987 4052 usu
2001 3979 2178 4053 Ecclesiae
2190 4005 2259 4060 erse,

251 4088 482 4162 Pontificibus
503 4088 678 4166 detracta,
710 4100 833 4151 eorum
862 4101 1010 4152 numero
1038 4071 1238 4159 habebitur,
1288 4087 1340 4156 ut,
1366 4075 1601 4169 quiaSynodi
1617 4080 1720 4152 toties
1737 4079 1814 4169 cogi
1830 4095 2072 4173 non'possent,
2100 4085 2140 4154 in
2152 4081 2259 4156 Ecclc·
2296 4079 2297 4102 *

250 4193 312 4286 qui
333 4203 475 4280 propter
490 4185 701 4277 imperitiam
719 4183 808 4273 lapsi
832 4180 1001 4250 maximas
1025 4177 1237 4248 calamitates
1288 4177 1339 4245 sia
1359 4189 1463 4266 caput
1486 4193 1593 4264 esset,
1618 4203 1637 4249 a
1663 4205 1734 4274 quo
1760 4183 2039 4268 controversiae,
2065 4209 2155 4280 qnae
2173 4205 2258 4274 saepe

247 4290 472 4370 Christianae
486 4287 688 4356 intulerunt
701 4279 888 4356 Ecclesiae.
1287 4299 1435 4367 ¹¹¹³&ssst
1459 4293 1493 4348 Εἴ
1513 4303 1635 4369 gram
1659 4282 1841 4369 lssssldlffll,
1862 4283 2121 4361 minuerffllllr·
2171 4283 2259 4358 Atti·
2295 4343 2296 4370 ;

355 4389 526 4480 Magnum
544 4387 652 4476 igitur
673 4386 850 4470 laborem,
875 4381 1120 4454 utEceIesiam
1138 4380 1239 4450 iuva·
1288 4380 1349 4472 pio
1380 4380 1474 4448 enim
1505 4376 1653 4452 Ottonis
1681 4383 1886 4476 opinionem
1918 4411 2143 4483 nequaquam
2168 4387 2258 4458 fnisse
2295 4387 2296 4419 ¹

252 4505 325 4580 rep,
351 4490 499 4582 ,umpgtt
513 4489 581 4558 sibi
595 4483 861 4570 Constantinus,
887 4507 1054 4572 magnum
1069 4483 1153 4552 item
1169 4479 1238 4552 Ca·
1289 4504 1386 4565 eam,
1412 4497 1566 4574 quaeest
1582 4482 1805 4570 Pontificum,
1831 4481 1899 4557 hoc
1922 4505 1986 4578 est,
2013 4491 2188 4582 deprecari
2204 4484 2257 4557 ho-

251 4600 368 4680 rolris,
394 4597 454 4663 sed
472 4591 643 4680 minorem
661 4583 749 4658 Otto
763 4607 996 4680 nequaquam.
1048 4581 1237 4654 Nouenim
1289 4585 1403 4652 mines
1424 4584 1511 4652 iram
1528 4585 1685 4656 divinam
1711 4587 1935 4659 invocatione
1954 4605 1988 4661 et
2008 4617 2115 4683 opera
2137 4603 2257 4662 sancto·

250 4701 371 4772 minor
394 4708 444 4764 est
469 4693 599 4775 virtus,
624 4713 730 4782 quam
752 4711 919 4782 quaerere
938 4699 1037 4779 parta
1062 4685 1174 4768 tueri,
1199 4697 1239 4754 ut
1291 4689 1525 4755 rumdebere.
1574 4685 1710 4758 Docere
1727 4685 1811 4760 haec
1826 4703 1993 4782 poterunt
2009 4715 2065 4762 res
2080 4695 2125 4764 ab
2142 4689 2257 4765 Ottnnc
2294 4709 2295 4725 ¹

251 4801 387 4875 illeait.
442 4795 516 4866 lmo
535 4793 565 4860 si
580 4791 779 4862 audiendus
792 4785 1048 4862 Demosthenes
1061 4799 1128 4857 est:
1150 4791 1237 4857 πολ·
1290 4797 1405 4875 gestae
1431 4788 1468 4856 in
1490 4787 1584 4858 bello
1602 4792 1757 4883 quodam
1778 4789 1930 4862 Gallico.
1983 4791 2163 4887 Principes
2177 4793 2255 4863 enim

167 4975 169 4980 ,
251 4899 354 4984 trime
370 4893 474 4973 δοκεῖ
490 4891 565 4994 γὰρ
587 4884 747 4989 φύλαξαι
768 4891 804 4964 τ’
825 4887 956 4992 ἀγαθὰ
970 4893 1040 4962 τοῦ
1060 4883 1239 4961 κτίσαθαι
1290 4885 1480 4984 Gallorum
1507 4893 1652 4961 natione
1674 4887 1865 4979 Germani,
1896 4895 2029 4979 idest,
2064 4895 2201 4978 Franci,
2229 4901 2255 4958 st

249 4995 505 5098 χαλεπώτερον
521 4992 625 5068 εἶναι.
663 4993 741 5066 Hoc
751 5011 814 5082 est,
834 4993 978 5064 maioris
993 5013 1093 5084 saepe
1102 4991 1238 5081 negocii
1291 4991 1614 5084 propinquitatibus
1656 4993 1836 5064 coniuncti
1871 4991 2080 5087 Imperatori
2111 4993 2256 5069 Conrado
2293 4987 2294 5031 ⁴

237 5121 324 5192 ·est,
358 5101 526 5184 retlneri,
559 5121 648 5191 quae
669 5091 847 5170 habentur
875 5097 987 5182 bona,
1021 5112 1127 5188 quam
1151 5111 1240 5186 quac
1291 5089 1450 5176 Franco,
1477 5092 1534 5162 cui
1548 5108 1758 5165 successerat
1774 5090 1951 5166 Henricus
1967 5095 2072 5184 Saxo,
2097 5111 2189 5192 pater
2200 5089 2256 5164 Ot-

251 5229 326 5275 non
341 5201 537 5282 habentur,
565 5219 699 5292 parare.
1290 5193 1386 5262 tonis
1402 5193 1518 5284 primi,
1543 5193 1667 5284 ingens
1686 5197 1865 5282 dicuntur,
1889 5191 1998 5268 fratre
2014 5195 2158 5282 Ottonis
2172 5193 2255 5266 llan-

352 5304 468 5392 Quam
486 5303 604 5392 igitur,
626 5301 656 5368 si
671 5297 805 5366 viveret
819 5293 922 5383 Otto,
947 5295 1054 5367 vellet
1070 5294 1137 5366 sibi
1151 5293 1240 5362 ami·
1291 5295 1364 5362 rico
1380 5308 1500 5386 capto,
1520 5295 1651 5364 bellum
1665 5293 1926 5370 fecisseOttoni
1942 5285 2156 5392 Imperalori,
2176 5291 2255 5392 quod

253 5405 371 5476 citiam
386 5426 457 5472 esse
471 5424 552 5472 cum
568 5397 795 5490 Principibus
809 5409 1012 5468 nostrornm
1029 5411 1244 5492 temporum,
1291 5416 1422 5484 magun
1447 5396 1532 5487 ipsis
1558 5398 1674 5468 dolori
1708 5413 1817 5481 esset,
1859 5401 2035 5493 superiori
2061 5403 2254 5474 Francorum
