4718 5828
101 1071 106 1080 '
233 1069 295 1128 aut
307 1053 447 1124 divinas
462 1053 676 1122 recensenda
695 1063 778 1121 sunt
795 1073 902 1122 aurea
919 1074 1017 1132 vasa,
1044 1049 1175 1144 quibus
1191 1047 1228 1116 in

119 213 159 224 ·’
232 148 308 296 sss
891 199 1162 295 necnon
1192 199 1605 287 caprinoue.
1721 205 1725 230 ·
1952 183 2014 298 ·,
2204 197 2280 282 sss

229 388 279 468 Et
294 387 390 464 baud
411 391 504 474 scio,
529 413 576 462 an
591 381 717 464 noceat
730 387 862 462 nostele
877 373 1088 461 bominibus
1103 399 1228 459 conta-
1279 403 1386 478 quam
1397 379 1580 452 orscolum'
1594 375 1734 451 oonmli
1747 377 1925 468 solebant,
1943 373 2279 476 erqnfflos'poblici

230 491 568 588 giollispanorumz
596 489 681 580 bos,
708 508 748 564 ut
765 515 909 577 vereor,
934 513 1048 562 norae
1066 487 1228 582 discipli·
1279 486 1397 576 legum
1419 482 1523 569 libri,
1554 495 1735 574 praetcrea
1755 481 1917 555 omnium
1939 484 2116 554 bonarum
2129 483 2278 570 artium,

230 621 300 668 nae
322 594 507 688 magistros
533 591 678 668 babent.
738 590 797 664 Ab
817 589 875 664 bis
898 608 1067 688 tanquam
1091 590 1229 663 lanistis
1279 575 1571 658 emendabantsir.
1622 581 1748 678 Neque
1762 607 1846 656 vero
1862 584 1979 659 studia
1994 585 2179 658 literarum
2197 586 2279 656 sine

230 699 421 772 avariciam
439 697 753 792 crudelitatemque
768 697 921 770 discunt.
1280 690 1394 762 literis
1407 711 1448 758 ac
1461 685 1565 756 libris
1582 685 1778 756 emendatis
1793 685 1921 758 llorere
1935 701 2100 780 possunt:
2132 711 2225 782 quae
2244 686 2280 758 si

1280 792 1431 862 extincta
1444 789 1595 874 fuerint,
1620 811 1713 882 quse
1727 788 1927 875 barbaries,
1952 813 2044 884 quoe
2060 791 2279 882 religionum

1281 892 1463 977 confusio,
1489 914 1580 984 quae
1598 889 1781 960 civitatum
1797 893 2018 983 perturbatio
2032 895 2127 985 apud
2150 915 2280 964 omnes

1280 1009 1400 1085 gentes
1417 1007 1581 1063 secutura
1601 991 1677 1061 est?
1713 988 1797 1062 Non
1819 991 1928 1083 igitur
1952 995 1997 1064 ad
2018 1017 2127 1064 unam
2148 995 2281 1066 urbem

1282 1095 1366 1166 haec
1381 1095 1561 1166 calamitas
1575 1093 1741 1186 pertinet,
1758 1095 1821 1164 sed
1834 1096 1878 1164 ad
1897 1119 2022 1166 omnes
2036 1111 2168 1188 gentes,
2186 1119 2281 1191 quae
2347 1149 2348 1152 ,

1280 1200 1432 1269 retinere
1454 1197 1643 1287 religiones
1664 1219 1705 1266 ac
1720 1195 1836 1266 studia
1852 1198 2028 1268 bonarum
2050 1197 2182 1270 artium
2199 1200 2280 1270 sine
2347 1225 2348 1292 g

302 851 385 924 Non
401 850 522 921 minus
536 863 654 920 autem
671 847 891 938 sacrilegium
906 865 968 931 est,
983 837 1229 929 bibliothecas,

233 967 341 1054 'quam
356 947 473 1044 phana
491 952 658 1044 diripere.
712 947 794 1020 Non
812 949 907 1020 enim
931 949 1025 1018 inter
1042 969 1157 1018 sacras
1174 969 1229 1015 res

233 1155 443 1230 ceremoniis
460 1155 589 1224 nostris
603 1154 762 1224 utimur?
788 1167 822 1224 et
836 1177 910 1224 non
926 1155 1132 1222 recensendi
1146 1162 1229 1219 siant

233 1260 332 1344 libri,
353 1257 416 1350 qui
434 1257 594 1328 coelestia
612 1255 765 1339 oracula,
791 1254 853 1348 qui
867 1254 1066 1326 doctrinam
1085 1253 1229 1348 religio-

262 1362 272 1380 .
361 1360 386 1428 l.
444 1353 469 1426 h
1218 1353 1227 1370 .
1279 1297 1455 1372 Romanis
1477 1291 1706 1369 bibliothecis
1728 1313 1988 1390 non-possunt.
2048 1297 2171 1394 Neque
2191 1323 2281 1370 vero

154 1403 158 1418 ·
234 1382 427 1445 ms,a1as
471 1370 610 1428 onestas
633 1369 723 1426 artes
742 1358 915 1430 drvrnrtus
930 1370 1086 1426 ostensas
1108 1377 1228 1446 genera
1282 1403 1292 1420 .

235 1459 408 1546 humano,
425 1460 632 1530 continent?
648 1457 771 1552 Neque
780 1483 863 1530 vero
873 1481 1021 1552 usquam
1036 1451 1229 1526 bibliotlre-
1281 1425 1427 1494 mimae
1449 1401 1518 1520 ‘fit
1541 1397 1859 1518 5⁸¹i⁸.¹³'¹'⁰¹¹ib⁸¹⁸’
1884 1413 1937 1474 ⁸⁰²
1960 1402 2148 1522 ⁸f012¹³f¹¹
2168 1403 2281 1473 ⁰⁰5⁰ss

242 1551 247 1556 '
1282 1515 1541 1596 expugnatione
1557 1503 1658 1570 urbas
1671 1515 1903 1592 perpetrasse.
1943 1501 2052 1574 Videt
2067 1499 2282 1589 baecDeos,
2347 1523 2348 1532 ¹

236 1587 297 1658 ‘ai
314 1561 560 1654 ΙΟΕΠΡΜῙΟηε
577 1573 661 1631 ”¹¹¹¹
677 1561 789 1646 ⁰¹¹³⁰²
812 1586 917 1655 quam
933 1562 1078 1630 fuerunt
1094 1555 1229 1645 ΗΘΜ
1282 1607 1462 1698 inspector
1477 1619 1582 1698 atque
1603 1603 1736 1673 arbiter
1750 1605 1911 1674 omnium
1935 1599 2174 1678 bumanorum
2190 1629 2283 1676 con-

1282 1707 1444 1777 siliorum
1467 1719 1573 1800 atque
1596 1706 1782 1776 laetorum.
1845 1703 1914 1776 llic
1934 1707 2127 1778 ulciscetur
2150 1721 2283 1778 contu·

1284 1809 1425 1878 meliam
1449 1807 1611 1898 templis,
1643 1805 1746 1874 libris
1772 1819 1806 1876 et
1828 1807 2006 1880 similibus
2033 1810 2283 1880 monumentis

1283 1910 1464 2000 religionis
1479 1909 1631 1992 illatam,
1657 1930 1732 1976 non
1749 1908 1853 1980 aliter
1868 1923 1974 2005 atque
1996 1912 2041 1981 de
2059 1909 2159 2002 Rege
2179 1935 2283 2008 assy-1

1282 2015 1336 2082 rio
1352 2012 1565 2102 supplicium
1583 2009 1752 2100 sumpsit,
1773 2009 1836 2104 qui
1855 2033 1953 2082 sacra
1969 2032 2052 2083 rasa
2068 2008 2283 2110 Hierosoly-

238 2174 448 2258 debuerint,
474 2187 591 2242 tamen
615 2172 736 2242 lurore
760 2171 914 2240 militum
938 2169 1055 2264 aliqua
1074 2193 1114 2238 ex
1133 2181 1232 2260 parte
1284 2137 1350 2236 ‘mi
1366 2106 1737 2283 ³¹¹,3iapr⁰ph³ni¹,:¹i'
1788 2107 1989 2256 Quem
2013 2112 2282 2236 ⁷⁰¹B⁸iii⁵i³⁶
2347 2187 2348 2202 ¹

239 2287 403 2366 corrupta
420 2275 600 2347 dicuntur.
651 2270 699 2344 Et
716 2268 809 2342 baud
826 2273 915 2357 scio,
941 2296 986 2341 an
1003 2269 1112 2363 impia
1128 2271 1231 2338 ilam-
1284 2218 1486 2296 ⁰⁰¹⁰³d⁴m'
1521 2237 1627 2308 quem
1687 2235 1789 2282 ⁰¹⁰³*
1813 2229 1917 2286 ‘¹⁰⁰²
1945 2229 1980 2286 ⁸²
2001 2230 2110 2288 ’ΨΜ
2138 2219 2282 2289 ⁰¹V¹b⁰⁸
2347 2279 2348 2284 κ

239 2403 297 2447 ma
318 2401 383 2468 per
399 2377 526 2446 urbem
541 2387 662 2464 vagata
677 2370 924 2445 ‘bibliothecas
939 2375 1044 2444 etiam
1067 2372 1232 2461 attigerit.
1284 2315 1972 2488 zzzesfflffi'effiifflv‘ffiv¹⁸¹⁰¹⁸ib¹¹⁸
1987 2317 2166 2440 ,mimuffn
2188 2343 2281 2410 ⁰⁸⁵²,
2347 2367 2348 2450 3

1767 2429 1854 2489 etur.
1911 2417 2062 2510 Legnm
2086 2443 2205 2513 emm,
2238 2436 2282 2494 ut
2347 2487 2348 2500 ,

239 2475 277 2550 Ο
307 2480 479 2550 iacturam
510 2477 612 2547 nullo
646 2499 805 2570 unquam
840 2476 957 2545 seculo
988 2473 1231 2566 reparabilem.
1284 2521 1432 2613 opinor,
1472 2518 1601 2588 dmm
1630 2515 1834 2608 Baptqspam
1861 2517 1984 2606 ippum,
2020 2523 2200 2609 futurum,
2240 2539 2283 2596 ut

240 2579 339 2671 Quot
353 2579 537 2669 religionis
559 2591 701 2648 nostrae
724 2578 951 2670 interpretes,
976 2577 1039 2671 qui
1055 2589 1233 2668 praeterea
1284 2637 1384 2716 rapta
1399 2621 1560 2714 undique
1575 2611 1804 2712 spoliabmi
1819 2637 2013 2694 mmm
2041 2622 2281 2720 Nequmim
2347 2623 2348 2644 1

240 2705 416 2775 nusquam
430 2693 570 2768 extant,
593 2693 681 2772 quot
696 2679 847 2750 aliarum
862 2679 1079 2768 optimarum
1101 2677 1231 2747 artium
1284 2726 1347 2795 diu
1368 2724 1518 2796 tolerare
1533 2723 1633 2792 Deas
1658 2721 1714 2790 mi
1729 2735 1992 2816 contemptum,
2018 2727 2222 2819 superbiam
2240 2729 2282 2798 in

240 2781 793 2856 ³⁰²⁰r²⁵³mi⁸⁸⁰⁸³rbimm⁰ri
844 2779 935 2870 Qni⁸
951 2803 1024 2848 ¹¹⁰⁰
1043 2773 1234 2898 vehemii
1286 2828 1390 2897 rebus
1423 2825 1606 2908 secundis,
1654 2825 1899 2896 crudelitatem
1934 2826 1974 2898 in
2016 2825 2283 2916 imbecilliores,
2347 2861 2348 2866 ¹

240 2900 295 2958 ter
309 2886 428 2958 doleat
443 2897 494 2954 tot
508 2883 708 2954 seculorum
723 2883 875 2964 labores,
899 2895 952 2952 tot
967 2881 1124 2952 noctium
1139 2903 1234 2969 vrgr-
1310 2942 1398 2998 otest
1449 2925 1641 2997 Nouenim
1680 2921 1873 2996 oaumhic
1888 2927 2006 2998 diem
2115 2931 2182 3000 lm

240 2987 306 3056 lias
330 3010 351 3058 a
374 2980 714 3102 doctishominibus
734 2987 778 3054 ad
802 2983 992 3102 utilitatem
1021 2982 1234 3069 posteritatis
1285 2953 1466 3098 ssificin'am
1482 3030 1520 3097 iu
1536 3041 1609 3100 tom
1625 2949 1713 3098 ufbe
1729 3029 1949 3100 exercuerim
1991 2953 2165 3104 &effipia
2179 2955 2283 3104 effi:

240 3089 459 3206 lucubratos,
486 3109 525 3154 1n
547 3081 639 3155 hanc
661 3087 841 3157 fortunam
860 3085 1054 3203 *incid-asse?
1094 3086 1234 3155 Statuas
1287 3153 1481 3202 memorare
1507 3144 1627 3222 raptas
1649 3153 1669 3198 a
1691 3130 1877 3222 complexu
1902 3083 2089 3224 paganum
2112 3134 2282 3227 virgine&

241 3203 303 3260 aut
327 3200 482 3280 picturas
506 3187 680 3275 elegantes
702 3211 912 3279 magnorum
927 3209 1085 3255 vrromm
1107 3207 1234 3274 magn⁰
1285 3257 1359 3302 non
1382 3233 1571 3304 abstractas
1589 3257 1609 3302 a
1628 3231 1765 3302 maritis
1789 3227 1954 3304 honestas
1980 3250 2176 3324 matronas,
2202 3263 2282 3308 non

242 3315 324 3364 0¹1¹ss
357 3291 481 3360 d⁰l⁰l⁸
514 3303 729 3374 ⁰¹¹¹¹ss¹¹¹¹¹¹⁸⁹
765 3312 852 3383 ‘lum
884 3287 941 3358 Ἴθι
976 3299 1122 3379 Pmpm
1148 3299 1235 3356 πω
1286 3347 1454 3404 mactatos
1469 3357 1568 3404 senes
1581 3358 1622 3404 ac
1640 3335 1847 3404 sacerdotes.
1897 3333 2040 3426 Quanta
2058 3337 2284 3414 enimiuerit

242 3394 456 3468 'mmm’
498 3391 555 3460 vel
585 3405 728 3482 pmpoe‘
758 3411 964 3460 mmmm
992 3413 1115 3458 mrum
1146 3411 1235 3482 ‘3⁰⁰⁸
1285 3437 1324 3505 in
1350 3437 1441 3506 urbe
1462 3436 1604 3507 licentia
1621 3434 1937 3507 audacissimorum
1953 3433 2160 3528 hominum,
2190 3441 2282 3513 inde

1286 3537 1463 3610 aestimari
1492 3550 1625 3631 potest,
1660 3538 1757 3630 quod
1783 3538 1970 3610 duodecim
1998 3541 2126 3612 diebus
2157 3544 2283 3615 nullos

1286 3637 1619 3719 habuitexercitus,
1644 3639 1791 3708 militari
1804 3663 1921 3722 more,
1947 3639 2189 3733 Magistratus.
2235 3645 2282 3716 ln

337 3747 483 3838 Quanto
499 3745 608 3838 magis
622 3747 743 3816 dolere
759 3747 926 3814 debemus
943 3759 995 3814 tot
1010 3745 1233 3834 ingeniorum
1286 3757 1338 3817 tot
1354 3743 1493 3814 dierum
1510 3734 1671 3835 ἀναρχίᾳ
1686 3741 1880 3836 tranquilla
1901 3743 2037 3838 alioqui
2058 3746 2193 3831 civitas,
2218 3749 2282 3818 ni-

136 3937 137 3942 *
243 3851 454 3922 interitum?
490 3873 580 3942 quae
613 3873 686 3918 non
721 3849 826 3915 modo
854 3863 998 3938 propter
1023 3849 1233 3934 scriptorum
1287 3841 1339 3913 hil
1358 3869 1435 3926 non
1455 3845 1540 3914 mali
1568 3845 1614 3913 ab
1640 3841 1776 3913 urbana
1800 3843 2031 3918 multitudine
2061 3849 2281 3941 pertulisset.

243 3947 547 4046 pulchritudinem
568 3949 758 4034 miramur,
783 3949 841 4018 sed
867 3949 974 4018 etiam
998 3959 1144 4040 propter
1164 3947 1234 4016 uti·
1286 3945 1430 4036 Quanto
1447 3946 1620 4016 atrociora
1637 3967 1776 4014 necesse
1788 3945 1858 4016 suit
1870 3947 2047 4036 accidere,
2072 3951 2282 4023 obarmatis

243 4055 379 4126 litatem
400 4051 582 4123 amamus?
613 4049 736 4144 Neque
759 4050 854 4119 enim
880 4049 1025 4118 retineri
1041 4047 1235 4142 Respubli·
1287 4061 1321 4118 et
1347 4047 1565 4118 victoribus?
1599 4042 1662 4118 Est
1685 4046 1781 4116 enim
1803 4047 2026 4126 verissimum
2041 4051 2152 4134 illud,
2179 4055 2281 4148 quod

246 4180 306 4226 cae
331 4154 407 4224 sine
436 4148 663 4225 honestarum
690 4153 821 4224 artium
847 4149 1067 4242 cognitione,
1097 4165 1132 4221 et
1158 4151 1234 4220 siue
1285 4151 1381 4243 apud
1399 4146 1609 4241 Euripidem
1633 4145 1711 4219 Rex
1734 4148 1911 4242 quispiam
1931 4153 2035 4240 dicit,
2071 4155 2174 4226 nullo
2202 4179 2281 4226 non

244 4257 347 4328 libris
365 4269 521 4348 possunt.
569 4251 660 4326 Cum
675 4255 783 4345 igitur
797 4277 891 4323 arma
910 4253 985 4344 geri
1002 4253 1164 4338 debeant,
1188 4255 1234 4322 ad
1286 4252 1451 4321 incendio
1467 4251 1659 4321 saeviorem
1676 4245 1864 4342 ἀναρχίαν
1877 4253 2049 4324 exereitus
2064 4279 2147 4331 esse.
2181 4255 2280 4328 Nus-

244 4359 411 4450 tegendas
427 4380 549 4427 omnes
564 4357 658 4448 pacis
672 4369 780 4436 artes,
805 4355 920 4426 videte
933 4369 1105 4450 quantum
1122 4355 1234 4425 scelus
1285 4377 1392 4444 qnam
1407 4353 1607 4422 audivimus
1623 4366 1684 4424 aut
1696 4351 1845 4441 legimus
1861 4355 1900 4422 in
1915 4355 1988 4426 nlla
2003 4357 2145 4429 civitate
2164 4373 2281 4450 capta,

243 4461 304 4532 isti
325 4463 480 4531 latrones
501 4459 718 4529 admiserint.
770 4455 844 4546 Qui
859 4481 949 4552 quae
966 4457 1073 4526 armis
1091 4457 1233 4526 defendi
1286 4467 1419 4526 tantam
1442 4455 1622 4524 licentiam
1645 4455 1818 4526 exercitus
1841 4455 1987 4528 victoris
2004 4459 2131 4546 luisse,
2161 4474 2201 4531 ut
2215 4475 2279 4536 *tot

243 4563 410 4655 inprimis
438 4561 614 4653 oportuit,
651 4585 690 4631 ea
713 4583 806 4629 nova
830 4572 866 4630 et
893 4559 1052 4628 inaudita
1080 4557 1234 4628 amentia
1286 4556 1410 4627 diebus
1433 4555 1543 4627 nullis
1567 4554 1835 4648 Magistratibus
1856 4573 2036 4650 regeretur
2064 4577 2126 4636 aut
2146 4555 2277 4634 coher-

242 4655 461 4758 dissiparunt
488 4677 593 4757 atque
621 4674 835 4734 everterunt.
886 4657 984 4730 llaec
1007 4685 1086 4730 cum
1110 4660 1149 4728 in
1170 4685 1233 4730 ur·
1284 4673 1434 4732 seretur.
1879 4729 1881 4736 ,
2111 4717 2119 4744 ,

241 4769 347 4842 bibus
363 4767 458 4838 bello
475 4765 604 4858 captis,
629 4789 702 4834 non
720 4763 824 4835 aliter
839 4775 945 4856 atque
963 4762 1110 4852 templa,
1137 4785 1233 4832 sacra
1387 4756 1600 4851 Accepimus
1612 4773 1647 4830 et
1660 4774 1739 4831 aute
1754 4757 1907 4834 Romam
1923 4776 2060 4854 captam
2081 4749 2173 4853 esse,
2200 4769 2278 4858 pri-

240 4871 419 4966 symbola,
445 4891 539 4950 aras,
566 4866 653 4938 boni
678 4864 906 4956 imperatores
932 4883 1069 4955 semper
1089 4887 1233 4934 conser·
1283 4886 1381 4934 mum
1398 4887 1417 4930 a
1437 4859 1574 4944 Gallis,
1597 4863 1726 4932 deinde
1743 4875 1820 4954 post
1837 4863 1949 4934 multa
1965 4867 2082 4936 secula
2107 4867 2277 4945 aGottis.

240 4974 316 5040 vari
338 4971 523 5054 iusserint,
549 4968 606 5040 isti
636 4969 738 5052 odio,
764 4967 890 5052 credo,
923 4963 1106 5054 religionis
1125 4961 1233 5036 Chri·
1285 4963 1436 5048 Verum,
1463 4965 1575 5035 multo
1601 4964 1743 5053 gravius
1769 4958 1837 5034 boc
1857 4983 2013 5058 tempore
2028 4969 2157 5042 afflicta
2175 4969 2277 5041 vide-

240 5073 394 5158 stianae,
427 5097 502 5143 non
525 5069 628 5141 veriti
649 5083 733 5141 sunt
756 5069 874 5160 impiis
897 5068 1061 5138 manibus
1078 5067 1232 5137 lacerare
1282 5080 1352 5138 tur.
1404 5063 1502 5137 Galli
1534 5065 1629 5134 enim
1658 5079 1795 5136 tantum
1828 5067 1867 5138 in
1896 5069 2051 5140 desertas
2073 5075 2176 5144 aedes
2197 5097 2277 5144 sac-

241 5199 281 5244 ac
296 5179 454 5265 perdere.
506 5172 588 5244 Non
611 5186 663 5244 est
684 5185 800 5242 autem
819 5174 1029 5256 obscurum,
1055 5182 1230 5263 quantum
1281 5170 1434 5241 aierunt.
1466 5166 1570 5240 Cives
1586 5167 1713 5258 partim
1731 5167 1770 5238 in
1784 5171 1990 5260 capitolium
2007 5195 2045 5243 se
2060 5191 2277 5268 receperant,

241 5277 447 5349 detrimenti
464 5275 636 5368 acceperit
650 5271 807 5364 Respub.
825 5267 1053 5343 bibliothecis
1070 5273 1141 5342 illis
1157 5273 1230 5342 dis-
1281 5272 1410 5363 partim
1434 5269 1542 5340 Veios
1564 5270 1812 5362 prolugerant,
1841 5273 1969 5345 intenti
1992 5275 2031 5344 in
2052 5279 2275 5350 occasionem

240 5379 382 5472 sipatis,
409 5378 550 5475 quaein
573 5372 812 5450 ecclesiasticis
828 5373 1123 5461 dissensionibus,
1148 5387 1229 5446 tan·
1278 5373 1331 5444 rei
1355 5375 1443 5444 bene
1460 5373 1648 5465 gerendae.
1699 5369 1781 5444 Non
1803 5398 1918 5446 arcem
1934 5377 2038 5465 urbs,
2060 5404 2135 5450 non
2156 5381 2275 5472 impe,

236 1690 314 1738 nae.
365 1659 447 1734 Huc
470 1663 586 1734 omnis
605 1663 745 1752 generis
765 1663 953 1754 scriptores
979 1686 1020 1730 ex
1045 1673 1120 1730 toto
1144 1660 1230 1730 orbe

237 1783 436 1862 terrarum,
454 1787 682 1854 magnacum
698 1765 875 1834 bonorum
890 1763 1120 1840 Pontificum,
1144 1785 1229 1830 con-

139 1899 142 1908 *
237 1870 328 1941 vecti
346 1881 441 1942 sunt.
491 1863 573 1937 Huc
594 1889 710 1958 nuper
725 1868 832 1947 adeo,
858 1865 1027 1960 quicquid
1052 1863 1228 1958 reliquum

212 1971 306 2064 „suit
320 1971 496 2042 literariae
513 1967 741 2060 supellectilis
758 1967 795 2036 in
812 1980 884 2037 tota
902 1964 1070 2048 Graecia,
1096 1965 1230 2057 impor-

238 2087 351 2150 tatum
375 2087 436 2142 est.
495 2067 592 2141 llaec
621 2081 850 2140 monumenta
878 2093 957 2138 cum
984 2081 1124 2136 aeterna
1158 2089 1231 2136 esse

243 3493 570 3586 repraesentabant,
618 3493 648 3561 si
680 3492 757 3562 beri
792 3503 925 3584 posset,
968 3503 1129 3561 aeternas
1163 3512 1234 3558 esse

201 3639 204 3653 ·
242 3607 418 3689 optamus.
479 3664 480 3673 ,
758 3603 760 3610 ’
