4616 5816
116 239 124 258 ’
212 195 286 336 aas
507 187 509 194 ¹
763 241 1694 336 naccon-cusneaonucuaan
2170 264 2239 340 ns

213 443 329 514 natae,
344 419 548 498 cumvelut
561 429 779 510 postratuum
794 415 1011 490 allocuturae
1026 417 1204 512 perituros
1255 442 1397 492 morum
1419 423 1587 501 nocuus
1605 425 1644 498 in
1668 423 1738 502 hoc
1756 452 1861 516 texo,
1889 437 1985 530 apud
2005 437 2159 510 maiores
2178 462 2240 510 no-

211 535 308 608 viros
324 554 345 600 a
363 523 567 598 custodibus
582 521 718 599 aditum
742 521 1004 614 impetrassent,
1030 543 1203 592 carcerem
1255 535 1356 592 stros.
1408 521 1594 598 Caeterum
1616 553 1760 605 omnem
1781 533 1923 608 laudem
1941 527 2115 630 exuperat
2129 541 2241 612 incre·
2300 573 2301 598 ν

212 639 407 726 ingressae,
432 636 715 728 commutataque
738 645 818 694 cum
841 621 977 692 maritis
1002 636 1115 708 veste,
1140 646 1204 714 per
1255 624 1397 710 sititis,
1422 649 1463 696 ac
1483 629 1564 720 plus
1587 653 1694 724 quam
1716 629 1859 708 heroica
1880 639 2100 731 placabilitas
2124 657 2159 714 et
2176 644 2242 712 cle-

213 735 474 812 simulationem
497 724 631 794 doloris
660 725 783 796 velatis
813 723 986 813 capitibus
1015 747 1075 793 eos
1102 723 1202 794 abire
1256 727 1386 796 mentia
1402 721 1606 816 Chunradi,
1626 758 1732 826 quem
1751 759 1832 809 ctam
1851 740 2065 827 consiliarii,
2089 765 2242 814 comme.

213 859 334 935 passae
347 843 447 915 sunt,
471 849 534 896 sua
551 848 699 916 corpora
717 849 783 918 pro
799 825 945 894 illorum
966 827 1095 912 salute,
1119 849 1202 916 sup-
1256 827 1401 900 moratis
1437 821 1712 927 haudquaquam
1748 837 1953 928 vulgaribus
1988 843 2156 930 offensis,
2201 848 2242 916 sd

211 940 320 1036 plicio
343 950 378 1006 et
400 927 576 1024 praesenti
597 927 754 1019 periculo
768 925 972 1012 offerentes,
998 927 1103 1017 digne
1121 927 1202 1020 qui-
1255 929 1482 999 saeviendum
1507 933 1715 1022 invitarent,
1744 943 1947 1030 respoudit,
1977 968 2051 1014 non
2075 946 2148 1016 sibi
2170 948 2243 1037 pla-

212 1047 314 1124 dern,
339 1058 429 1130 quae
443 1033 482 1100 in
500 1053 576 1100 eam
597 1029 766 1099 familiam
782 1027 992 1120 Principum
1014 1031 1201 1110 nuberent,
1255 1053 1332 1098 cere
1347 1031 1430 1100 odio
1457 1045 1492 1104 et
1513 1033 1586 1120 ira,
1611 1039 1673 1106 sed
1696 1041 1815 1130 potius
1829 1043 1958 1134 pietate
1972 1069 2012 1116 sc
2027 1048 2243 1137 benignitate

210 1166 301 1242 qnae
325 1146 516 1216 vetustate,
550 1129 734 1201 nobilitate
761 1142 797 1200 et
826 1131 968 1202 virtutis
1000 1131 1092 1202 lama
1115 1129 1202 1200 olim
1255 1155 1334 1200 cum
1360 1125 1522 1204 hostibus
1542 1150 1695 1225 certare,
1734 1147 2034 1234 quemadmodum
2057 1155 2156 1239 apud
2179 1149 2244 1220 So-

211 1242 404 1324 elarisaima
432 1236 514 1306 fuit.
572 1231 646 1302 Nec
676 1231 793 1302 minus
818 1233 1034 1323 periculoso,
1067 1254 1203 1300 acuon
1256 1226 1416 1322 phoclem
1435 1229 1615 1326 Antigone
1638 1235 1892 1316 humanissime
1912 1247 1978 1318 ait:
2010 1245 2056 1320 οὐ
2083 1246 2180 1345 πρὸς
2202 1248 2243 1323 τὸ

210 1347 318 1442 paulo
339 1335 561 1432 generosiore
583 1333 732 1404 consilio
754 1357 837 1403 suos
858 1334 1002 1404 maritos
1025 1331 1144 1404 Guelb
1168 1346 1203 1402 et
1255 1329 1453 1424 συνέχθειν
1472 1333 1673 1440 ἀλλὰπρὸς
1694 1339 1738 1416 τὸ
1756 1349 1955 1442 συμφιλεῖν
1970 1365 2146 1422 senatum
2162 1375 2243 1436 esse,

211 1449 475 1522 Germanorum
492 1437 660 1525 coniuges
675 1436 886 1506 liberarunt.
923 1433 1000 1504 Hae
1015 1435 1110 1504 enim
1127 1458 1200 1504 non
1255 1435 1303 1504 ita
1317 1431 1531 1508 Chunradus
1547 1459 1779 1532 proposuerat
1799 1447 1866 1518 eibi
1890 1448 2096 1524 inimicitias
2113 1469 2243 1524 mona.

211 1564 388 1627 uocturno
411 1541 495 1610 dolo
518 1533 697 1622 fallentes,
721 1539 783 1606 sed
797 1550 918 1628 aperta
937 1551 971 1606 et
989 1538 1092 1628 plane
1110 1533 1201 1606 Ger·
1254 1537 1322 1620 les,
1345 1537 1517 1608 amicitias
1539 1565 1622 1613 vero
1644 1544 1861 1618 immortales
1882 1573 1955 1620 esse
1973 1553 2116 1624 debere.
2168 1553 2243 1624 Me·

211 1650 349 1727 rnanica
375 1645 525 1720 virtute,
566 1639 682 1723 media
712 1640 790 1710 luce
818 1639 953 1729 palam,
986 1639 1202 1738 inspectante
1254 1637 1323 1706 rito
1341 1640 1565 1730 praedicetur
1585 1645 1781 1718 moderatio
1797 1645 2006 1722 Thrasibuli
2027 1653 2068 1722 in
2084 1655 2244 1740 victoria,

213 1769 288 1836 toto
304 1745 477 1828 exercitu,
502 1755 642 1813 tautum
661 1741 798 1810 lacinus
814 1751 986 1832 tantoque
1002 1765 1082 1810 cum
1106 1739 1201 1830 peri·
1254 1739 1317 1830 qui
1334 1741 1458 1810 urbem
1474 1737 1698 1816 Athenarum
1723 1771 1743 1816 a
1761 1749 1905 1838 triginta
1931 1756 2095 1846 tyrannis
2116 1757 2244 1828 libera-

212 1857 293 1932 culo
316 1871 419 1920 ausae
442 1856 538 1916 suut.
597 1839 723 1910 Varias
749 1842 949 1912 occasiones
971 1843 1202 1912 declarandae
1255 1841 1317 1924 vit,
1343 1843 1437 1932 quod
1456 1843 1609 1916 multum
1623 1848 1759 1918 deiure
1773 1872 1855 1936 suo,
1877 1854 2244 1949 quosinereproheu.

211 1953 353 2032 virtutis
369 1973 409 2020 ac
430 1945 569 2040 pietatis
585 1966 688 2034 saepe
705 1965 804 2014 casus
822 1955 856 2012 et
871 1942 1036 2022 fortuna,
1062 1943 1201 2032 saepius
1254 1941 1352 2010 sione
1368 1955 1408 2012 ut
1424 1943 1536 2014 victor
1550 1947 1603 2016 uti
1617 1949 1796 2039 potuisset,
1820 1953 1973 2024 multum
1993 1957 2036 2026 de
2050 1959 2243 2030 iustissimo

210 2059 321 2133 huius
333 2053 481 2124 miserae
495 2046 587 2118 vitae
602 2044 787 2135 multiplex
804 2043 1010 2114 vicissitudo
1028 2066 1201 2114 acrreces-
1254 2043 1376 2112 dolore
1391 2044 1577 2121 remiserit.
1611 2047 1684 2120 Sed
1699 2052 1809 2140 magis
1825 2053 2124 2145 etiamlaudatur,
2152 2064 2241 2154 quod

211 2155 423 2236 sitasollert,¹
456 2147 640 2241 Quaedam
656 2167 738 2216 suos
754 2157 927 2236 parentes,
951 2169 996 2216 ne
1010 2146 1102 2214 lame
1119 2169 1201 2236 per·
1253 2143 1466 2234 praeclaram
1480 2146 1579 2216 illam
1595 2144 1806 2242 ἀμνηστίαν
1819 2155 1984 2242 sanxerit,
2010 2183 2080 2251 qna
2094 2185 2244 2234 concus-

211 2267 326 2344 irent,
353 2277 434 2326 cum
448 2251 517 2320 alia
534 2248 628 2318 vitae
647 2247 803 2316 subsidia
820 2247 999 2327 deessent,
1024 2246 1097 2316 suis
1112 2247 1201 2316 uhe-
1253 2267 1331 2312 sum
1349 2267 1388 2314 ac
1403 2245 1578 2326 labentem
1592 2250 1745 2322 civitatis
1761 2265 1891 2324 statum
1908 2256 1947 2324 in
1969 2261 2163 2348 pristinum
2182 2258 2244 2332 ba-

211 2367 310 2438 ribus
332 2361 477 2430 lactasse
501 2351 679 2422 dicuntur.
736 2320 1049 2436 Quemadmodum
1072 2349 1117 2416 de
1141 2345 1201 2418 Ci-
1253 2346 1368 2416 bitum
1391 2345 1560 2418 nonnihil
1582 2353 1747 2426 restituit.
1800 2353 1870 2426 Sed
1893 2359 2006 2430 multo
2022 2365 2241 2434 stabiliorem

209 2487 316 2538 mone
332 2459 485 2553 quodam
503 2463 710 2532 memorant,
735 2449 798 2542 qui
814 2450 869 2518 vir
886 2450 955 2518 iarn
973 2471 1121 2536 magnus
1137 2472 1201 2516 na-
1254 2442 1464 2538 ἀμνηστίαν
1486 2450 1600 2530 sanxit
1615 2451 1810 2544 lmperator
1824 2451 2038 2532 Chunradus
2057 2466 2241 2536 clementia

210 2585 269 2652 tn,
296 2587 375 2633 curn
390 2555 514 2648 capitis
531 2559 736 2634 damnatus,
761 2563 866 2642 atque
889 2551 926 2618 in
944 2551 1140 2620 custodiam
1163 2565 1202 2618 ut
1253 2572 1334 2632 sua,
1361 2561 1395 2618 et
1415 2553 1591 2640 parcendo
1613 2553 1897 2650 ignoscendoque
1920 2565 2050 2632 arctius
2071 2567 2145 2636 sibi
2168 2568 2243 2634 ani·

210 2671 265 2749 ibi
278 2668 369 2736 lame
386 2669 588 2740 necaretur,
614 2653 765 2724 traditus
780 2664 880 2735 esset,
905 2651 988 2736 lilia,
1014 2651 1200 2742 impetrato
1254 2673 1329 2718 mos
1345 2643 1531 2720 hominurn
1548 2655 1725 2740 devinxit,
1752 2681 1858 2748 quarn
1874 2660 1965 2730 ullis.
1975 2663 2133 2752 legibus,
2160 2667 2241 2736 viri-

211 2763 453 2844 acustodibus
469 2757 586 2842 aditu,
611 2753 771 2846 quotidie
790 2767 924 2844 patrem
942 2753 1093 2823 invisere
1109 2753 1201 2822 sole-
1253 2753 1337 2835 bus,
1367 2763 1428 2821 aut
1448 2753 1523 2822 ulla
1546 2757 1730 2828 severitate
1753 2757 1936 2848 potuisset.
1993 2761 2073 2835 Hoc
2090 2768 2163 2838 fuit
2181 2770 2241 2838 fir-

210 2877 289 2955 hat‚
315 2869 375 2938 sed
399 2858 545 2932 nonnisi
568 2855 667 2948 prius
689 2877 849 2941 excussa,
876 2877 921 2922 ne
946 2853 1033 2948 quid
1055 2854 1088 2922 ei
1104 2855 1200 2946 quod
1253 2852 1451 2922 missimum
1474 2866 1579 2947 atque
1606 2856 1806 2928 immortale
1829 2860 1972 2944 foedus,
2006 2871 2104 2958 quod
2128 2883 2242 2940 ortum

210 2974 286 3046 esui
310 2980 417 3050 esset,
442 2963 593 3032 afferret.
645 2953 694 3026 At
718 2956 772 3026 illi
792 2957 935 3026 taudem
954 2953 1117 3024 admirati
1144 2979 1201 3024 se-
1253 2978 1273 3023 a
1291 2955 1419 3044 pietate
1436 2968 1469 3024 et
1484 2977 1505 3022 a
1519 2955 1704 3028 clementia
1719 2959 1873 3032 firmavit
1887 2962 2046 3050 iusticia,
2065 2973 2241 3062 adproba-

210 3097 293 3148 nem
316 3087 385 3142 tam
409 3065 473 3135 diu
494 3064 626 3154 absque
648 3058 727 3128 cibo
751 3058 858 3128 vitam
881 3071 1094 3140 sustentare,
1120 3081 1199 3125 cnm
1253 3055 1306 3124 vit
1328 3051 1524 3144 ipseDeus.
1575 3055 1644 3128 Sed
1670 3053 1755 3128 haec
1778 3085 1921 3154 qnoque
1943 3065 2021 3135 laus
2044 3092 2121 3140 non
2141 3071 2241 3140 dissi.

211 3169 457 3253 mulierculam
478 3162 651 3234 curiosius
666 3160 913 3237 observarent,
940 3159 1201 3228 animadverte·
1253 3157 1423 3226 mulanda
1450 3171 1529 3242 cst,
1575 3159 1677 3249 plane
1711 3161 1818 3250 digna
1851 3161 2033 3238 Germano
2068 3169 2241 3262 Principe,

212 3292 298 3352 runt
322 3295 399 3344 eam
422 3279 538 3338 exerta
562 3261 720 3331 mamilla
743 3273 878 3351 patrem
899 3259 988 3330 lacte
1010 3283 1075 3329 suo
1097 3261 1202 3344 alere,
1254 3257 1350 3349 quod
1377 3281 1449 3328 non
1475 3281 1595 3347 passus
1618 3275 1670 3330 est
1691 3261 1750 3330 illa
1769 3263 1898 3339 callida
1919 3269 2170 3342 conditionum
2188 3275 2240 3340 in·

211 3374 435 3474 perculsique
450 3381 521 3438 tam
539 3363 712 3434 mirabilis
725 3361 915 3453 spectaculi
933 3360 1101 3445 novitate,
1126 3385 1199 3429 rem
1255 3359 1524 3446 terpretatione,
1551 3375 1584 3432 et
1599 3363 1756 3450 specioso
1772 3364 1860 3436 iuris
1878 3381 2059 3456 praetextu
2082 3373 2153 3442 sibi
2177 3376 2239 3442 im-

211 3479 389 3554 iudicibus
421 3495 460 3542 ac
486 3464 751 3556 Magistratibus
774 3462 952 3546 iudicant,
993 3461 1055 3553 qui
1085 3474 1201 3532 tantae
1255 3457 1350 3550 poni.
1401 3455 1455 3528 Ea
1480 3485 1551 3552 quo
1574 3463 1675 3532 facile
1698 3467 1864 3556 adparet,
1890 3481 2109 3563 quantopere
2133 3474 2239 3544 nostri

111 3579 115 3587 ’
212 3581 335 3680 pietati
349 3599 435 3646 eum
457 3568 630 3642 honorem
654 3559 874 3646 hahuerunt,
898 3575 938 3634 ut
958 3577 1093 3656 patrem
1109 3563 1202 3632 filiae
1254 3560 1403 3628 maiores
1421 3575 1554 3648 veteres
1569 3559 1741 3634 Germani
1755 3565 1918 3640 delectati
1932 3570 2005 3640 siut
2020 3574 2239 3666 simplicitate

212 3683 466 3758 condonarent.
516 3667 633 3758 Quem
649 3691 723 3738 nou
739 3679 959 3737 commoveat
978 3666 1043 3735 ista
1060 3687 1201 3735 omnem
1255 3675 1290 3732 et
1313 3663 1508 3752 probitate,
1540 3688 1716 3760 quamque
1739 3666 1844 3756 longe
1867 3670 2048 3745 abluerint
2069 3679 2116 3746 ab
2139 3673 2246 3746 buius·

211 3785 353 3858 laudem
376 3801 417 3848 ac
440 3770 737 3866 praedicationem
767 3789 961 3859 exuperans
984 3759 1202 3860 ἅντιπελάρ-
1254 3763 1450 3833 calamitosi
1477 3778 1510 3834 et
1538 3766 1662 3855 tragici
1676 3765 1785 3836 seculi
1802 3765 1939 3840 versuta
1957 3787 1991 3842 et
2007 3777 2171 3868 perplexa
2188 3801 2237 3846 sa-

212 3883 340 3988 γησιςῖ
391 3875 441 3950 At
463 3885 623 3956 nostrae,
647 3894 736 3963 quae
760 3869 906 3938 maritos
927 3881 963 3938 et
985 3867 1116 3937 liberos
1139 3890 1203 3958 per
1255 3864 1403 3956 pientia:
1439 3867 1597 3955 placebat
1621 3867 1692 3934 illis
1718 3871 1815 3940 nuda
1840 3885 1873 3941 et
1899 3869 2078 3946 Germana
2104 3881 2237 3959 veritas,

212 3987 329 4060 media
344 3979 500 4054 hostium
514 3995 612 4043 arma
626 3971 846 4054 extulerunt,
870 3969 1012 4062 siquod
1029 3967 1097 4038 tale
1112 3983 1202 4038 tem·
1255 3965 1399 4049 callida,
1425 3965 1612 4052 insidiosa,
1638 3969 1822 4062 fucataque
1838 3975 1958 4042 omnia
1981 3979 2080 4068 peius
2094 3985 2237 4050 oderant

212 4113 279 4184 pus
302 4083 498 4158 incidisset,
523 4071 621 4146 haud
643 4073 750 4144 dubie
772 4071 931 4154 nullum,
957 4072 1052 4163 quod
1071 4065 1203 4140 abhu-
1255 4091 1359 4160 quam
1384 4080 1532 4136 mortem
1556 4082 1590 4138 et
1611 4069 1804 4144 infernum.
1852 4069 1902 4144 Et
1920 4083 2237 4152 cumvoravirtute

184 4214 318 4262 ·mana
341 4197 457 4258 mente
477 4174 624 4268 cogitari
650 4173 784 4264 potuit,
816 4173 947 4244 amoris
972 4186 1034 4242 aut
1063 4170 1202 4260 pietatis
1255 4171 1470 4253 niterentur,
1497 4163 1564 4238 hoc
1586 4171 1703 4242 studio
1727 4167 1925 4260 habebant,
1951 4192 1992 4248 ut
2011 4205 2086 4252 non
2099 4185 2156 4268 vi,
2181 4183 2233 4252 sed

214 4291 368 4364 officium
384 4307 449 4378 pro
463 4277 669 4352 redimenda
681 4298 825 4346 suorum
840 4275 952 4344 salute
972 4285 1201 4344 recusassent.
1256 4269 1461 4354 clementia,
1487 4295 1559 4340 non
1576 4288 1691 4356 melu,
1719 4277 1778 4344 sed
1800 4275 1887 4361 fide,
1913 4303 2050 4368 amore,
2075 4307 2117 4354 ac
2134 4289 2234 4354 bene-
2300 4275 2301 4354 l

214 4395 305 4466 Nam
323 4387 448 4481 siquis
471 4383 581 4472 ipsam
603 4378 767 4468 pietatem
786 4376 928 4466 pingere
944 4375 1070 4456 vellet,
1096 4397 1202 4467 quarn
1256 4371 1411 4440 volentia
1437 4371 1567 4440 civium
1599 4375 1799 4446 stabilirent
1828 4377 2036 4468 imperium,
2070 4385 2233 4476 sapientia

214 4497 319 4567 aliam
337 4491 413 4560 eius
430 4483 617 4572 imaginem
632 4479 726 4569 apud
742 4479 901 4548 animum
918 4477 1102 4566 concipere
1123 4498 1203 4566 pos·
1255 4473 1423 4542 illiserat
1447 4473 1564 4542 omnia
1589 4474 1627 4542 in
1650 4476 1832 4559 meliorem
1853 4495 1986 4568 partem
2006 4485 2234 4577 interpretari,

213 4613 266 4670 sot
283 4595 475 4687 aptiorem,
501 4607 607 4676 quam
622 4581 654 4650 si
667 4593 886 4662 matronam,
910 4579 1043 4646 liberos
1061 4591 1095 4650 et
1118 4600 1203 4646 cou-
1256 4597 1329 4642 non
1346 4575 1562 4644 calumniose
1579 4590 1610 4644 et
1632 4577 1726 4646 vaire
1743 4577 1929 4656 invertere.
1971 4582 2019 4654 At
2034 4581 2122 4666 haec
2138 4587 2233 4659 unica
2300 4613 2301 4668 t

213 4703 330 4792 iugero
350 4717 412 4786 per
429 4687 542 4758 media
556 4680 711 4754 hostiurn
727 4703 823 4750 arma
842 4693 995 4768 excepta
1013 4679 1101 4748 urbe
1121 4677 1204 4746 effe·
1256 4671 1325 4744 hoc
1341 4689 1497 4765 tempure
1514 4677 1649 4766 ingenii
1663 4679 1740 4747 lans
1756 4694 1825 4764 est,
1852 4683 1882 4753 si
1897 4683 1978 4776 quis
1993 4691 2090 4780 quod
2105 4689 2233 4780 simpli·

214 4815 350 4874 rentem
368 4787 552 4888 pingeret?
580 4783 797 4856 ltaAencam
815 4779 1104 4870 suumVirgilius
1119 4802 1205 4846 con·
1257 4777 1343 4846 citer
1364 4799 1404 4844 ac
1426 4791 1518 4850 recte
1548 4777 1880 4852 sactum'dictumve
1902 4801 1972 4871 est,
2005 4803 2079 4858 arte
2101 4805 2233 4861 contor-

213 4881 344 4974 lectum
359 4894 457 4968 senio
474 4901 654 4984 parentem
669 4907 713 4954 ex
728 4884 871 4952 incensa
887 4883 976 4950 urbe
993 4883 1034 4951 in
1047 4876 1205 4952 humeris
1258 4901 1381 4971 qnare,
1407 4893 1441 4954 et
1463 4879 1635 4948 malitiose
1658 4895 1865 4976 versutoque
1891 4887 2155 4981 interpretando
2177 4901 2232 4959 de-

214 5011 457 5094 exportantcm
480 4992 598 5078 fingit,
630 5009 712 5056 cum
735 4980 832 5053 hunc
857 4977 953 5052 haud
976 4985 1083 5053 dubie
1099 5003 1206 5064 ‚sum-
1257 5003 1405 5070 pravare
1436 4981 1555 5064 novit,
1588 4981 1696 5074 idque
1721 5007 1763 5052 eo
1788 4985 1977 5076 indignius
1999 5006 2050 5062 est
2077 4993 2169 5078 fieri,
2198 5013 2232 5058 ac

214 5128 313 5176 raum
335 5095 476 5191 pietatis
497 5092 646 5182 gradum
668 5087 703 5155 ei
721 5086 877 5158 tribuere
892 5085 1011 5157 vellet.
1058 5081 1206 5174 Praedi-
1259 5105 1367 5172 prope
1391 5082 1548 5173 iampro
1569 5081 1699 5152 virtute
1721 5077 1866 5172 haberi,
1890 5089 1927 5158 in
1947 5107 2127 5182 eagente,
2152 5114 2231 5186 qnae

215 5221 269 5278 cat
291 5203 395 5272 etiarn
412 5193 558 5269 Tacitus
582 5190 750 5262 virtutem
772 5185 1056 5256 acconstantiam
1080 5180 1206 5272 [perni—
1258 5205 1395 5272 semper
1414 5181 1598 5266 candoris,
1625 5185 1810 5273 probitatis
1835 5211 1875 5258 sc
1901 5191 2072 5284 simplicis
2087 5193 2232 5266 veritatis
2300 5195 2301 5206 ’

216 5327 342 5377 narum
371 5295 685 5374 Germanicarum,
724 5302 829 5380 atque
860 5309 901 5356 ex
919 5281 987 5356 hoc
1008 5285 1099 5363 iacto
1123 5285 1206 5356 setis
1257 5283 1367 5355 amica
1382 5283 1507 5367 fuerit,
1530 5308 1675 5378 eamque
1690 5286 1831 5361 laudern
1852 5315 1934 5380 prae
1951 5296 2118 5368 omuibus
2133 5296 2231 5366 totius

217 5415 380 5500 apparet,
407 5420 497 5490 quae
513 5393 621 5464 fuerit
637 5391 809 5480 gravius,
834 5387 963 5478 pietas,
977 5386 1150 5485 *vitaeque
1167 5408 1207 5456 ac
1256 5383 1354 5454 orbis
1374 5384 1595 5495 nationibus,
1611 5387 1705 5470 ‚inde
1720 5411 1857 5482 usque,
1882 5395 1927 5468 ab
1940 5397 2094 5490 antiquis
2108 5411 2232 5490 tempo·
