4646 5824
79 281 150 360 idi
671 267 837 350 unc-1„
867 253 954 349 'DE
985 256 1533 351 VlTils'HiERONYMl.²
2044 269 2132 344 75'4.

80 449 186 524 cemit
201 439 301 524 missi
316 450 362 522 ab
376 451 447 535 eo,
477 461 513 521 et
536 435 730 542 sapientise
761 433 967 530 divinae'et
986 467 1072 538 ope-
1121 443 1415 536 estingeniurum
1432 433 1646 535 petulaniis,
1672 465 1764 540 quse
1785 445 1992 536 praesertim
2017 458 2117 538 pust·

80 551 370 626 mmdiviuonsm
384 551 669 624 consideratione
680 573 754 622 una
768 573 850 621 cum
864 548 916 622 eis
929 547 1072 623 lruitur.
1121 571 1228 642 quam
1250 541 1403 617 Lutlseri
1425 565 1609 616 censuram
1635 547 1750 616 vereri
1772 547 1954 634 desinent,
1980 547 2118 620 ‘maiori

173 654 408 726 Meminimus
426 665 560 747 qssama
579 677 660 724 cum
678 653 860 743 voluptate
873 645 1071 743 Propheta·
1119 649 1268 725 audacia
1283 647 1484 730 doctrinam
1502 661 1594 720 recte
1611 650 1776 731 traditam
1794 663 2034 744 corrumpent.

80 780 152 828 mm
168 757 351 849 politiam,
374 755 542 841 consilia,
566 754 742 848 pericula,
762 752 992 826 liberationes
1013 775 1071 822 re-
1220 745 1319 822 llaec
1337 749 1430 820 mala
1455 763 1496 822 ut
1510 745 1609 824 Deus
1629 765 1784 838 avertat,
1808 751 2051 842 diligentiores
2065 751 2117 822 si-

79 860 218 943 citabat,
245 871 282 929 et
297 879 403 952 qsssm
418 857 558 928 erudite
573 857 694 927 omnia
712 852 891 928 Ecclesiae
914 868 1070 947 tempora
1119 875 1199 942 mus
1215 852 1254 922 in
1268 851 1431 942 regendis
1446 851 1607 946 moribus
1621 867 1655 924 ct
1671 853 1811 940 studiis,
1835 877 2042 949 semperque
2056 855 2116 924 in·

79 960 296 1045 conferebat,
322 973 363 1030 ut
382 959 531 1050 flagrare
556 979 593 1030 sc
613 955 760 1029 illorum
779 979 999 1028 summorum
1016 954 1071 1024 vi·
1119 954 1223 1049 fixam
1240 949 1333 1024 hanc
1347 953 1556 1026 senteutiam
1574 955 1703 1026 animis
1719 969 1917 1042 teneamus,
1943 956 2116 1049 tantisper

79 1083 194 1132 rorum
208 1059 387 1132 desiderio
403 1081 476 1130 non
492 1060 630 1151 vulgari
648 1060 870 1152 significaret.
1120 1055 1234 1128 donec
1266 1079 1391 1148 puram
1421 1049 1610 1146 Evangelii
1641 1058 1841 1130 doctrinam
1872 1057 2117 1146 retinebimus,

174 1159 253 1234 Hos
275 1185 374 1232 nunc
397 1161 662 1256 complectitur,
689 1175 723 1234 et
745 1164 873 1253 gaudet
888 1157 989 1234 vivas
1005 1181 1071 1230 au·
1118 1157 1322 1244 audiemus,
1346 1153 1535 1244 discemus,
1558 1159 1770 1246 amabimus,
1795 1160 1871 1230 lore
1887 1155 2033 1232 nosDei
2048 1161 2116 1232 do-
2188 1165 2192 1173 “

79 1264 167 1349 dire,
191 1275 226 1334 et
250 1265 398 1335 reddere
418 1287 534 1334 voces·
584 1262 635 1335 Hi
657 1259 755 1334 hunc
777 1287 880 1334 suum
906 1282 1071 1359 συμφοι-
1118 1259 1293 1330 micilium
1311 1272 1345 1328 et
1359 1253 1573 1346 Ecclesiam,
1598 1261 1688 1333 sicut
1709 1259 1828 1356 inquit
1847 1261 1941 1332 lilius
1956 1257 2043 1333 Dei:
2073 1261 2115 1334 si

79 1360 184 1460 τητὴν
214 1365 301 1437 lacti
328 1365 502 1451 salutant,
539 1379 574 1437 et
597 1389 670 1436 una
693 1365 821 1458 gratias
842 1364 920 1438 Deo
947 1376 1070 1457 egunt,
1119 1362 1199 1458 quis
1217 1359 1334 1453 diligit
1346 1365 1648 1446 me,⁰sermonem
1664 1387 1780 1432 meum
1797 1365 1968 1449 servabit,
1994 1380 2028 1437 et
2046 1363 2116 1436 Pe-

79 1467 253 1557 colligenti
270 1479 306 1540 et
322 1465 479 1538 servanti
495 1461 703 1542 Ecclesiam.
1118 1481 1173 1537 ter
1186 1487 1288 1536 meus
1303 1461 1430 1554 diliget
1442 1485 1536 1550 eum,
1561 1477 1595 1534 et
1609 1465 1654 1536 ad
1668 1488 1751 1536 eum
1766 1463 1949 1536 veniemus
1964 1477 1999 1537 et
2011 1489 2116 1538 man·

172 1565 294 1662 lpsum
312 1567 422 1659 igitur
435 1563 635 1640 Lutherum
655 1571 798 1641 beatum
814 1592 889 1640 esse
911 1591 987 1640 non
1000 1569 1071 1638 du·
1117 1565 1257 1638 sionem
1273 1567 1366 1657 apud
1384 1589 1468 1636 eum
1485 1565 1667 1638 iaciemus.
1718 1563 1795 1636 Hac
1811 1590 1877 1637 nus
1898 1568 2115 1660 amplissima
2214 1593 2220 1602 ·

80 1671 235 1742 bitcmns.
287 1668 417 1742 Nostra
440 1693 525 1740 vero
542 1671 694 1741 orbitate
711 1694 899 1761 augemur:
927 1685 961 1742 et
976 1693 1069 1764 qno·
1117 1665 1353 1762 promissione
1387 1667 1432 1736 ad
1468 1665 1671 1738 discendam
1702 1667 1902 1739 doctrinam
1929 1669 2115 1742 coelestem

79 1771 168 1842 niam
181 1769 250 1844 Dei
262 1773 461 1858 voluntati,
485 1785 675 1866 postquam
690 1795 772 1844 eum
794 1767 881 1842 binc
897 1771 1070 1855 evocavit,
1117 1771 1369 1854 accendamus,
1391 1782 1426 1840 et
1440 1768 1590 1842 sciamus
1612 1784 1754 1864 propter
1767 1763 1961 1842 Ecclesiam
1981 1773 2115 1844 servari

80 1895 139 1943 uos
158 1895 302 1973 quoque
320 1875 564 1968 obtemperare
584 1887 810 1955 peccassem,
833 1875 984 1946 sciamus
1001 1868 1070 1942 boc
1117 1893 1227 1961 genus
1241 1866 1441 1944 humanum
1455 1883 1491 1941 et
1505 1872 1668 1963 politias,
1692 1885 1728 1944 et
1751 1871 1851 1943 illam
1871 1874 2114 1949 aeternitatem

80 1999 211 2069 quoquc
225 1977 320 2046 velle
333 1975 462 2056 Deum,
487 1988 529 2048 ut
542 1967 752 2047 memoriam
767 1976 941 2048 virtutum
957 1974 1069 2068 ipsius
1116 1975 1272 2046 luturem
1296 1971 1477 2044 mentibus
1500 1973 1724 2060 intueamur,
1748 1974 1916 2070 adquam
1939 2000 2005 2048 nos
2017 1975 2115 2047 Deus

80 2077 372 2148 etbeneliciorum
388 2077 616 2150 retineamus.
653 2075 693 2148 ld
708 2077 779 2148 iam
794 2077 950 2149 officium
965 2099 1070 2169 pcae-
1117 2073 1272 2146 vocavit:
1308 2071 1384 2164 Qui
1405 2073 1551 2170 quidem
1575 2070 1641 2148 nee
1662 2075 1793 2146 irustra
1818 2090 1944 2148 setam
1964 2077 2114 2148 illustri-

81 2191 211 2253 stemus.
254 2177 500 2269 Agnoscamus
515 2202 598 2250 eum
612 2179 722 2251 fuisse
738 2201 912 2270 organum
928 2177 998 2252 Dei
1013 2201 1070 2248 sa·
1116 2177 1185 2248 bus
1210 2175 1420 2247 testimoniis
1441 2179 1623 2268 patefecit,
1650 2201 1716 2248 nec
1732 2177 1864 2248 frustra
1879 2178 1993 2250 lilium
2008 2179 2115 2262 misit,

80 2279 203 2362 lutere,
229 2296 266 2354 et
282 2282 358 2352 eius
373 2281 573 2352 doctrinam
588 2281 745 2353 studiose
757 2283 946 2356 discamus.
983 2279 1070 2350 Vir·
1116 2279 1178 2350 sed
1199 2301 1281 2348 vcre
1302 2276 1421 2368 diligit
1443 2290 1479 2351 et
1507 2295 1606 2356 curat
1634 2275 1720 2352 baec
1742 2279 1913 2353 beneficia
1940 2281 2115 2372 magnilo-

81 2392 163 2450 tutes
183 2382 288 2453 etiam
305 2381 411 2456 nubis
431 2383 644 2454 necessarias
657 2405 722 2476 pro
740 2397 860 2454 nostra
876 2382 1070 2454 mediocri·
1116 2379 1259 2456 cientes.
1309 2375 1407 2452 Dixi.

81 2494 143 2550 tate
156 2482 355 2556 imitemur:
382 2483 547 2554 timorem
561 2481 644 2570 Dei,
668 2486 774 2555 fidem
791 2498 826 2556 et
847 2488 1016 2556 ardorem'
1028 2485 1068 2556 in

81 2581 316 2668 invocatione,
349 2585 587 2676 iutegritatem
608 2585 649 2655 in
673 2586 893 2674 ministerio,
927 2587 1069 2660 castita·

80 2695 161 2768 tem,
185 2686 410 2780 diligentiam
426 2687 562 2758 vitandi
584 2688 750 2758 seditiosa
773 2689 939 2773 consilia,
965 2689 1068 2781 cupi-

81 2784 213 2856 ditatem
227 2789 402 2863 discendi.
454 2787 573 2882 thue
588 2791 632 2858 de
647 2789 795 2860 caeteris
809 2791 877 2882 piis
890 2791 1067 2880 guberna·
1115 2779 1183 2852 No·
1207 2779 1270 2853 90·

81 2887 207 2961 toribus
221 2888 420 2976 Ecclesiae,
445 2913 599 2986 quorum
615 2904 735 2962 estant
750 2885 937 2979 historiae,
964 2917 1067 2986 saepe
1117 2875 1258 2907 w-
1894 2880 2107 2922 ”⁶⁹⁹

80 2989 293 3087 multumque
306 2992 532 3082 cogitandum
546 3005 608 3076 est,
634 2995 680 3063 de
696 2990 855 3079 lercmia,
879 2997 924 3064 de
938 2993 1066 3088 Bapti·
1399 2979 1509 3069 Vt'la
1534 2983 1826 3100 Hieronymi.

80 3101 142 3174 sta,
171 3095 215 3163 de
235 3094 449 3178 Paulo‚·ite
471 3117 575 3184 saepe
600 3087 708 3165 huius
724 3095 792 3164 viri
809 3097 1008 3168 doctrinam
1030 3109 1066 3168 et
1184 3151 1216 3208 ,n
1237 3151 1323 3210 ”w
1355 3151 1498 3210 nem
1525 3153 1551 3208 T
1577 3155 1616 3210 m
1687 3157 1721 3213 71
1836 3157 1846 3214 3
1884 3157 1936 3216 ser
1986 3159 2101 3216 'Tm

81 3211 211 3264 cursum
240 3194 522 3280 consideremus,
548 3207 583 3266 et
608 3196 799 3286 gratiarum
826 3197 1002 3267 actionem
1030 3211 1065 3268 et
1214 3191 1453 3344 pensionis.
1467 3195 1517 3282 ni.
1530 3175 1700 3282 tt'rtosliil'to
1714 3176 1881 3298 didicis
1896 3179 2112 3302 mministis:

80 3294 308 3376 precationem
329 3294 583 3386 adiungamus,
614 3298 712 3388 quod
740 3319 838 3367 nunc
859 3321 1002 3391 quoque
1024 3297 1064 3367 in
1242 3290 1421 3363 ·¹¹¹·e·⁷²⁸·
1765 3321 1772 3330 ·
1976 3313 1979 3324 ¹

80 3385 138 3463 hac
150 3396 348 3490 frequentia
362 3397 439 3466 fieri
454 3399 567 3470 decet.
602 3395 744 3470 Mecum
761 3397 872 3490 igitur
888 3422 970 3470 vera
985 3399 1064 3491 pie·

80 3502 142 3564 tete
154 3498 353 3569 animorum
371 3495 491 3574 dicite.

168 3595 311 3674 Gratias
325 3599 463 3690 agimus
477 3599 545 3670 tibi
556 3600 784 3693 omnipotens
792 3599 1063 3688 Deus‚·eetcrne

78 3688 173 3809 Eater
185 3696 334 3772 Domini
356 3701 469 3772 nostri
486 3700 566 3772 lesu
580 3697 735 3788 Christi,
758 3703 924 3774 conditor
937 3701 1063 3775 Eccle-
1113 3683 1213 3774 cum
1230 3725 1295 3794 per
1308 3724 1384 3772 sese
1398 3697 1541 3776 honesti
1556 3720 1640 3780 sunt
1661 3701 1701 3777 lsi
1722 3731 1950 3799 congressus,
1975 3711 2110 3784 doctri-

78 3815 142 3865 ssae
156 3814 246 3890 tuae,
271 3826 344 3874 una
358 3827 440 3874 cum
453 3803 527 3874 lilio
542 3817 605 3874 tuo
620 3817 807 3875 coaeterno
821 3800 980 3876 Domino
994 3831 1062 3875 no·
1113 3828 1180 3876 nae
1202 3818 1237 3876 et
1260 3801 1470 3898 disciplinae
1497 3831 1601 3880 causa
1625 3805 1799 3898 instituti,
1830 3825 1907 3886 tum
1933 3837 2017 3886 vero
2041 3809 2109 3888 hoc

79 3907 144 3966 stro
158 3897 234 3974 lesu
243 3899 401 3990 Christo,
421 3919 457 3974 et
472 3903 610 3997 Spiritu
624 3919 758 3986 sancto,
780 3906 931 4000 sapiens,
957 3908 1062 3994 bone,
1113 3920 1271 4000 tempore
1311 3907 1528 3979 levationem
1566 3910 1723 4005 aliquam
1761 3914 1963 3986 moesticiae
2003 3917 2108 3990 bonis

78 3996 292 4085 misericors,¹
303 4005 410 4076 iudex
426 4030 545 4091 veras,
570 4007 673 4079 sortis
686 4021 720 4080 et
735 4006 937 4094 liberrime,
962 4012 1060 4103 quod
1111 4009 1292 4080 mentibus
1305 4010 1483 4091 adferunt,
1501 4014 1599 4105 quod
1612 4013 1734 4086 multis
1746 4017 1790 4086 de
1805 4017 1920 4088 causis
1933 4017 1981 4092 fis
2014 4017 2108 4090 Nam

79 4097 205 4192 colligis
227 4107 303 4176 lilio
326 4120 390 4180 tuo
408 4102 661 4180 haereditatem
684 4133 727 4180 ex
744 4131 872 4200 genere
887 4105 1061 4197 humano,
1111 4123 1319 4203 conspectus
1332 4111 1409 4202 ipse
1423 4111 1769 4186 bonorumvirorum
1784 4132 1904 4207 gratus
1916 4133 1984 4192 est:
1999 4119 2108 4192 ¹dein--

77 4211 109 4268 et
128 4223 242 4280 servas
261 4201 448 4298 Evangelii
466 4208 724 4296 ministerium,
749 4223 782 4282 ct
804 4235 900 4282 nunc
916 4235 1060 4308 quoque
1111 4211 1156 4282 de
1176 4209 1352 4281 sermonis
1382 4213 1657 4286 communicatio
1682 4218 1941 4307 aegritudinem
1966 4222 2108 4295 animo-

78 4299 334 4384 terLutberum
348 4309 568 4382 instaurasti:
594 4334 635 4380 ec
649 4313 857 4384 ardentibus
870 4316 961 4386 votis
977 4338 1060 4405 pre-
1111 4335 1191 4383 rum
1208 4311 1315 4397 lenit,
1340 4325 1375 4382 et
1391 4315 1526 4384 mutuis
1546 4318 1713 4409 exemplis
1729 4323 1936 4395 accenditur
1959 4325 2111 4397 invoca-

77 4419 207 4494 cemur,
232 4425 275 4483 ut
296 4411 464 4502 deinceps
484 4408 680 4484 Ecclesiam
701 4426 735 4484 et
758 4435 876 4486 serves
893 4429 927 4487 et
946 4437 1059 4506 regas,
1110 4413 1173 4490 tio.
1226 4411 1335 4504 Quod
1353 4414 1462 4505 igitur
1475 4429 1510 4488 et
1525 4419 1712 4512 praecipue
1726 4415 1961 4496 necessarium
1978 4441 2047 4514 est,
2071 4445 2106 4503 et

78 4505 284 4620 eluissignes
304 4511 344 4582 in
369 4513 475 4584 nobis
497 4537 615 4584 veram
638 4515 860 4607 doctrinam,
889 4516 980 4587 sicut
1001 4515 1058 4588 le-
1109 4515 1262 4587 maxime
1276 4515 1380 4608 erigit
1394 4517 1543 4606 suimus,
1568 4521 1785 4612 primumsit
1800 4525 1839 4596 iu
1856 4517 1924 4598 hoc
1938 4553 2104 4620 congres-

77 4621 157 4676 sases
171 4611 214 4682 de
228 4613 302 4684 suis
318 4613 501 4706 discipulis
517 4628 690 4708 precetur.
716 4631 753 4688 et
768 4633 907 4690 nostras
920 4631 1057 4692 mentes
1109 4641 1164 4705 su,
1186 4616 1353 4690 videlicet
1366 4631 1408 4690 ut
1420 4619 1529 4691 simul
1544 4635 1624 4693 vote
1639 4624 1821 4713 faciamus,
1845 4645 1885 4700 ut
1898 4626 1994 4700 Deus
2010 4647 2104 4722 regat

78 4695 204 4793 Spiritu
227 4730 347 4787 sancto
369 4728 432 4787 tuo
456 4717 640 4798 accendas,
673 4729 714 4790 ut
742 4731 776 4788 te
796 4733 892 4792 recte
911 4719 1057 4792 invoce-
1109 4733 1278 4792 accenset
1291 4715 1485 4791 Ecclesiam
1510 4736 1546 4794 et
1564 4719 1741 4813 scholam,
1767 4742 1802 4800 et
1818 4724 2013 4822 hospitium
2034 4728 2102 4806 lsoc

79 4822 148 4876 mus
164 4827 197 4884 et
211 4839 327 4887 mores
342 4831 482 4888 nostros
498 4817 556 4909 pie
568 4842 744 4906 regamus.
1109 4837 1283 4908 nostrum,
1301 4835 1335 4892 ct
1350 4817 1417 4894 hos
1431 4824 1582 4914 parietes
1596 4827 1657 4920 qui
1674 4830 1948 4903 adolescentiam
1963 4833 2102 4904 discen-

167 4909 303 4988 Deinde
317 4919 401 5012 quia
414 4941 624 5008 magnorum
640 4921 918 5009 gubernatorum
929 4922 1057 4992 interi-
1108 4939 1179 4996 tem
1193 4923 1362 4996 literas-ct
1375 4925 1576 4996 doctrinam
1592 4930 1790 5012 coelestem,
1812 4945 1848 5002 et
1862 4946 2001 5004 nostras
2015 4941 2102 5006 con·

78 5013 128 5076 1¹¹⁸
147 5034 244 5110 saepe
267 5019 486 5092 denuncient
511 5022 709 5113 posteritati
732 5047 882 5115 poenas,
909 5047 972 5094 vos
987 5025 1056 5096 ob-
1107 5026 1207 5115 iuges
1232 5040 1267 5096 et
1289 5049 1418 5116 parvos
1442 5025 1576 5100 liberos
1597 5047 1737 5104 nostros
1756 5046 1897 5124 tegunt,
1921 5035 2102 5111 defendat.

78 5115 246 5206 testamur,
277 5135 313 5193 et
335 5145 458 5192 omnes
479 5123 610 5216 quibus
630 5123 781 5194 docendi
804 5147 934 5196 munus
956 5148 1055 5196 eom-
1106 5125 1180 5196 Nec
1208 5125 1354 5199 inanem
1378 5149 1452 5198 esse
1477 5131 1715 5219 precationem
1741 5149 1899 5205 nostram
1923 5136 2101 5210 existime-

78 5215 268 5322 meudatum
282 5235 355 5308 est,
379 5236 420 5295 ut
435 5225 479 5294 de
499 5223 665 5316 periculis
681 5226 780 5298 orbis
800 5239 976 5297 terrarum
992 5249 1054 5297 eo-
1106 5249 1197 5303 mus.
1239 5227 1331 5301 Cum
1347 5229 1443 5300 enim
1459 5228 1539 5302 ideo
1555 5237 1709 5304 exerceri
1722 5233 1818 5308 Deus
1832 5231 2026 5313 Ecclesiam
2044 5242 2101 5312 iu-

78 5315 191 5393 sstctis.
240 5320 343 5395 Alibi
364 5322 476 5396 Turci
499 5339 723 5416 grassantur,
758 5327 845 5400 alibi
867 5328 1054 5400 minantur
1105 5329 1271 5418 gentibus
1284 5329 1452 5422 periculis
1465 5333 1580 5419 siuet,
1605 5350 1645 5406 ut
1668 5337 1896 5411 liberationes
1911 5343 2105 5419 ostendent

1114 3403 2111 3552 Oratiosleus‘tult.HieronymiStriclossensis,

1277 3557 1446 3627 cecitate
1473 3577 1499 3627 cs
1524 3561 1706 3631 Ioanne
1730 3561 1947 3658 Stigelio.

79 5404 160 5488 bella
177 5423 365 5500 domestica
386 5422 448 5497 alii
473 5419 607 5514 hostes,
637 5429 766 5519 passim
789 5431 895 5502 etiam
925 5453 1051 5522 magua
1075 5383 1080 5512 l
1104 5427 1172 5502 Dei
1193 5429 1428 5526 praesentiam
1453 5435 1491 5504 in
1505 5432 1685 5525 Ecclesia,
1710 5439 1787 5512 vult
1803 5461 1839 5514 se
1856 5441 2035 5531 invocari,
2061 5462 2101 5520 ut
