4688 5826
263 277 336 354 1⁶9

255 453 326 524 ocii
349 451 663 541 voluptatumque,
688 467 764 514 non
780 443 902 512 volent
917 438 1102 510 formicam
1119 435 1255 522 audire,

256 570 363 650 atque
385 551 539 636 imitari,
563 551 608 618 ad
631 571 739 640 quam
762 543 871 616 aDeo
891 557 1062 636 tanquam
1078 542 1124 610 ad
1140 539 1254 628 magi-

256 651 349 728 stros
370 653 468 722 missi
492 664 594 734 sunt,
618 644 659 717 hi
680 649 793 719 sciant
815 671 854 718 se
873 642 1098 746 gravissimas
1121 663 1254 733 poenas

257 767 478 846 contemptae
514 751 720 842 magistrae,
765 749 839 818 imo
870 744 1066 836 contempti
1094 743 1255 812 coelestis

256 857 421 929 mandari
436 857 678 939 daturosessc,
700 851 775 922 odit
791 851 885 920 enirn
902 850 1020 920 ocium
1028 843 1134 930 Deus,
1153 845 1255 914 idco-

257 985 326 1056 que
347 981 422 1030 non
447 981 560 1028 uuum
579 954 786 1026 calamitatis
804 975 915 1044 genus
930 974 970 1022 er
988 949 1066 1018 ocio
1084 947 1255 1019 nascitur.

936 263 1099 342 auct.
1132 260 1211 337 DE
1242 257 1620 336 DIALECTlCA.

2224 261 2284 334 160

1305 433 1452 507 versari.
1508 429 1620 504 Vetus
1635 426 1723 502 baec
1737 429 1933 502 multorum
1948 429 2127 502 bonorum
2143 432 2284 504 virorum

1306 536 1449 632 querela
1471 547 1541 619 est,
1565 535 1627 604 sed
1650 532 1820 626 quoniam
1841 527 1911 602 boc
1927 545 2086 624 tempore
2100 533 2242 604 velutin
2255 561 2285 606 re

1305 636 1485 732 praesenti
1514 635 1610 720 vidi,
1640 657 1748 729 quarn
1778 634 1955 706 inutiliter
1986 635 2124 708 discant
2146 637 2285 730 quidam,

1306 735 1535 812 vehementer
1557 737 1659 808 dolui
1682 735 1795 806 vicem
1810 750 1982 824 vestram,
2007 761 2117 831 quare
2130 738 2214 808 duxi
2229 735 2285 810 boc

1307 843 1346 912 in
1360 844 1439 912 loco
1456 864 1519 912 vos
1533 863 1607 910 csse
1622 839 1679 910 vel
1692 839 1955 922 admonendos,
1981 841 2039 910 vel
2053 840 2160 910 etiam
2175 841 2285 912 obiero

1306 945 1453 1036 gendos.
1505 941 1599 1012 Nam
1627 951 1846 1012 monuerunt
1875 965 1940 1012 vos
1969 935 2037 1012 hac
2064 943 2108 1012 de
2138 965 2175 1012 re
2197 957 2284 1014 antc-

1306 1070 1409 1140 saepe
1440 1055 1686 1138 praeceptores
1717 1041 1846 1127 vestri,
1871 1043 1933 1112 sed
1964 1043 2083 1116 nescio
2114 1069 2183 1137 quo
2205 1047 2283 1116 mala

1306 1150 1379 1220 fato
1401 1147 1480 1232 fiat,
1505 1158 1545 1216 ut
1570 1169 1686 1238 neque
1705 1143 1895 1215 autoritate
1916 1144 2081 1231 illorum,
2106 1169 2217 1239 neque
2237 1159 2295 1216 ve·‘

1308 1263 1399 1320 strae
1420 1248 1586 1322 utilitatis
1608 1259 1771 1338 respectu
1792 1245 2020 1321 moveamini.
2073 1243 2189 1334 Quam
2205 1249 2284 1318 euim

1308 1353 1499 1424 utilitatem
1516 1363 1577 1419 aut
1592 1372 1655 1418 vos
1671 1349 1758 1439 ipsi,
1782 1360 1844 1418 aut
1859 1345 2018 1440 Respub.
2037 1373 2079 1418 er
2095 1345 2162 1420 hoc
2177 1371 2286 1439 genere

1237 1518 1247 1539 ,
1308 1456 1491 1524 doctrinae
1509 1451 1641 1543 capiet,
1666 1451 1763 1543 quod
1782 1450 1882 1544 sequi
1899 1450 2038 1536 soletis,
2061 1450 2101 1520 in
2116 1475 2185 1544 quo
2202 1453 2287 1522 nrdla

573 1701 650 1786 Dc
681 1697 942 1812 dialectica.
1050 1687 1056 1694 ’

327 1885 412 1957 apat
433 1884 507 1938 Crat.
525 1877 596 1951 Myl.
611 1895 645 2000 p.
659 1875 710 1930 tot
728 1893 802 2000 sqq,
826 1873 855 1926 in
869 1873 1024 1931 Declamat.
1049 1872 1084 1928 Τ.
1097 1869 1119 1928 Ι.
1145 1889 1171 1942 p.
1186 1871 1257 1940 too,

361 1957 391 2010 iu
403 1955 521 2010 Serreat.
536 1951 558 2006 l.
571 1966 598 2018 p.
629 1947 689 2008 46..
713 1943 748 1998 Rr
784 1943 841 2000 ard.
855 1943 875 1997 l.
889 1961 916 2012 p.
930 1943 989 1998 226.

144 2213 149 2219 .
258 2153 389 2226 Oratio
416 2141 578 2220 lucebi
604 2133 820 2213 Milichie·
853 2135 901 2206 de
926 2135 1153 2221 dialectico,
1188 2131 1256 2204 laa-

276 2255 357 2329 bitu
375 2257 416 2324 in
429 2249 661 2342 pronsotione
679 2243 971 2336 Magistromm,
1005 2259 1105 2310 anno
1127 2235 1236 2310 1528.

258 2451 357 2540 Cum
382 2451 524 2526 scholae
546 2445 766 2520 consuetudo
790 2442 892 2512 vobis
914 2453 997 2510 nota
1020 2440 1084 2526 sit,
1109 2463 1181 2508 non
1200 2462 1259 2508 ar-

257 2564 417 2636 bitrabar
433 2549 524 2624 mihi
538 2575 627 2642 opus
643 2571 717 2618 esse
733 2545 840 2634 longa
856 2543 1079 2626 defensione,
1107 2565 1170 2610 cur
1187 2535 1258 2610 hnc

258 2669 304 2740 ad
327 2660 519 2732 dicendum
543 2648 758 2723 accesserim.
818 2643 976 2736 lmponit
999 2639 1090 2712 mihi
1115 2643 1258 2712 dicendi

258 2764 498 2840 necessitatem
521 2779 598 2825 mos
621 2749 804 2844 publicus,
833 2747 892 2816 cui
915 2746 945 2814 si
960 2746 1082 2826 {nolim
1097 2744 1258 2838 obsequi,

258 2895 334 2942 non
350 2865 434 2938 satis
449 2857 647 2948 intelligere
663 2852 804 2930 videar,
825 2849 912 2942 quid
932 2850 976 2918 ad
993 2849 1082 2918 boni
1096 2847 1164 2916 viri
1179 2847 1257 2916 ofli-

259 2976 356 3048 cium
377 2963 562 3060 pertineat.
615 2952 735 3048 Atque
750 2953 887 3022 utinam
905 2950 1074 3044 quoniam
1091 2973 1166 3019 non
1181 2972 1259 3018 sus-

260 3075 339 3168 cepi
361 3067 429 3140 hoc
452 3063 608 3136 officium
634 3059 773 3149 privato
797 3053 965 3138 consilio,
992 3053 1053 3122 sed
1069 3051 1208 3142 legibus
1225 3063 1258 3120 et

260 3170 435 3250 institutis
458 3161 803 3257 sapientissimorum
826 3151 1034 3238 hominum,
1066 3153 1129 3246 qni
1153 3153 1258 3222 nobis

261 3301 324 3374 per
356 3292 482 3342 manus
513 3261 610 3336 hunc
642 3284 780 3330 morem
810 3257 1054 3340 tradiderunt,
1098 3267 1258 3337 coactus,

259 3381 341 3475 plus
362 3368 562 3445 autoritatis
581 3366 626 3434 ad
645 3387 707 3432 vos
724 3361 837 3432 oratio
854 3385 931 3462 mea
945 3355 1093 3442 habeat,
1119 3383 1191 3450 quo
1205 3355 1258 3424 fa-

261 3482 365 3555 cilius
400 3475 438 3544 id
467 3469 563 3565 qnod
595 3467 697 3546 volo,
743 3465 955 3554 persuadere
985 3458 1088 3528 vobis
1114 3459 1258 3550 possim.

197 3605 242 3654 ο
260 3585 398 3653 Verum
423 3589 475 3646 est
492 3571 585 3641 illud
606 3563 894 3638 veterisPoie'tae:
920 3559 1057 3632 Eadem
1078 3561 1191 3630 oratio
1213 3561 1258 3628 ab

262 3690 415 3760 obscuro
432 3691 467 3747 et
483 3672 598 3744 nobili
614 3670 727 3752 dicta,
750 3666 934 3735 nunidem
950 3665 1052 3736 valet.
1105 3661 1178 3734 Vos
1194 3685 1258 3730 an-

262 3805 333 3860 tem
348 3775 563 3854 ‚iudicabitis
580 3768 673 3841 hanc
692 3793 765 3837 non
782 3781 853 3836 tam
865 3789 1002 3867 meam,
1026 3788 1132 3856 quam
1149 3763 1259 3834 totius

176 3947 179 3956 .
264 3901 406 3960 senatus
423 3875 653 3956 Academiae,
678 3871 752 3938 imo
768 3869 885 3958 legum
901 3887 1023 3934 vocem
1042 3888 1127 3937 esse.

368 4017 434 4089 Est
456 4013 552 4085 euim
575 4003 666 4079 mihi
693 4005 886 4075 dicendum
907 4002 951 4069 de
976 4000 1113 4070 ratione
1136 4024 1177 4070 ac
1201 4000 1259 4070 via

265 4119 442 4204 discendi,
475 4141 515 4184 ac
537 4111 758 4205 perniciosus
781 4104 1006 4200 quorundam
1032 4126 1132 4171 error
1156 4101 1260 4172 casti-

265 4227 420 4321 gandus,
444 4217 506 4312 qui
521 4215 684 4285 ordinem
700 4212 740 4279 in
756 4207 924 4278 discendo
938 4217 1163 4296 pervertunt,
1190 4227 1259 4296 qua

265 4335 304 4402 in
335 4351 373 4395 re
404 4319 561 4414 profecto
587 4329 621 4385 et
646 4313 807 4384 omnium
831 4322 1099 4406 praeceptorum
1124 4319 1260 4376 vestro-

264 4455 365 4514 rum,
388 4439 422 4494 et
445 4421 641 4491 multorum
663 4417 849 4484 doctorum
871 4405 1058 4480 hominum
1074 4407 1260 4493 sententia,

265 4535 323 4606 vel
347 4524 489 4623 querela
511 4519 650 4612 potius,
676 4538 754 4584 mea
777 4527 946 4604 tanquam
971 4511 1155 4602 praeconis
1175 4533 1259 4578 voce

266 4633 369 4706 vobis
395 4623 601 4718 exponenda
627 4632 688 4688 est.
739 4612 845 4686 Scitis
869 4613 998 4702 gradus
1016 4635 1104 4705 quos
1122 4625 1260 4692 vocant,

267 4767 286 4810 a
304 4729 483 4804 veteribus
500 4723 680 4792 institutos
697 4739 789 4800 esse,
811 4727 851 4784 ut
866 4728 1109 4806 praeceptores
1125 4715 1168 4782 de
1185 4727 1260 4784 stu-

267 4839 336 4911 diis
362 4825 557 4904 iuventutis
581 4822 685 4892 certis
707 4817 927 4908 temporibus
950 4817 1146 4906 periculum
1168 4816 1261 4884 face-

266 4953 367 5022 rent,
393 4947 427 5002 ει
442 4943 483 5000 ut
498 4925 631 4996 iudicio
647 4932 913 5014 praeceptorum
928 4912 983 5000 hi,
1008 4941 1161 5010 quorum
1176 4941 1261 5008 pro-

268 5048 379 5114 fectus
402 5029 642 5127 probabatur,
667 5023 706 5092 in
727 5023 813 5091 alias
835 5020 960 5088 classes
980 5019 1261 5092 traducerentur.

266 5145 342 5214 Nos
367 5140 486 5228 itaque
514 5133 599 5201 dum
625 5121 694 5194 hoc
717 5137 876 5213 tempore
899 5115 1028 5192 horum
1055 5120 1263 5190 adolescen-

268 5248 379 5324 tium,
400 5237 529 5334 quibus
542 5226 740 5319 Magisterii
756 5225 898 5294 titulum
914 5225 1166 5303 concedemus,
1187 5236 1262 5292 stn-

240 5383 244 5390 ·
268 5350 328 5418 dia
343 5337 604 5430 cognoscimus,
629 5324 942 5399 animadvertimus
955 5347 1119 5412 magnam
1136 5325 1262 5394 iuven-

269 5448 354 5522 tutis
379 5454 536 5536 partem,
562 5435 637 5504 sine
660 5429 797 5501 ratione
821 5440 925 5520 atque
949 5427 1076 5496 ordine
1099 5427 1136 5494 in
1150 5427 1261 5496 literis

1308 1556 1421 1626 solida
1435 1580 1476 1626 ac
1491 1555 1592 1624 firma
1607 1552 1762 1624 eruditio
1780 1552 1890 1636 inest,
1917 1565 1952 1624 et
1967 1565 2007 1624 ut
2022 1553 2066 1622 de
2081 1553 2214 1644 privata
2227 1555 2287 1624 uti·

1308 1659 1407 1728 litate
1430 1680 1505 1728 uon
1529 1655 1663 1738 dicam,
1688 1670 1740 1726 est
1761 1653 1856 1724 euim
1875 1654 2034 1724 liberalis
2050 1655 2201 1744 ingenii,
2225 1671 2287 1726 stu-

1308 1761 1367 1830 dia
1384 1783 1448 1832 sua
1464 1760 1509 1828 ad
1527 1757 1707 1849 publicam
1726 1757 1917 1828 utilitatem
1933 1757 2115 1842 conferre,
2140 1759 2221 1852 quid
2238 1783 2287 1828 er·

1309 1876 1447 1954 pectere
1475 1861 1534 1930 vel
1562 1858 1723 1939 consilii,
1757 1859 1814 1928 vel
1845 1859 1940 1952 opis,
1974 1855 2136 1952 Respub.
2159 1861 2202 1930 ab
2224 1860 2288 1930 istis

1308 1977 1433 2056 potest,
1460 1963 1523 2056 qui
1540 1985 1621 2032 curn
1634 1961 1710 2030 siue
1729 1961 1879 2050 perfecta
1895 1961 2059 2032 doctrina
2076 1961 2217 2032 titulum
2233 1963 2287 2031 do-

1308 2067 1444 2136 ctrinae
1467 2079 1586 2136 tamen
1609 2057 1781 2146 habeant,
1807 2062 1894 2156 quid
1916 2061 2015 2132 aliud
2038 2086 2146 2156 quam
2168 2087 2287 2154 purpu-

1307 2181 1403 2238 ratae
1428 2166 1551 2236 simiae
1567 2165 1638 2234 dici
1656 2163 1810 2258 queant?
1862 2163 1914 2234 lle
1930 2164 2093 2234 maximis
2111 2166 2230 2248 rebus,
2251 2168 2287 2234 de

1308 2271 1406 2355 iure,
1432 2271 1476 2338 de
1498 2267 1670 2356 religione
1687 2279 1900 2357 provocatur
1917 2267 1962 2334 ad
1978 2265 2151 2338 iudicium
2169 2291 2288 2349 eorum,

1308 2371 1371 2464 qui
1393 2361 1489 2440 docti
1503 2380 1687 2438 vocantur.
1740 2364 1839 2454 Quid
1856 2381 1975 2438 autem
1990 2367 2165 2440 iudicabit
2179 2371 2221 2438 de
2234 2371 2288 2438 ob
2324 2397 2325 2404 ¹

1308 2471 1518 2542 scurissimis
1541 2467 1792 2540 controversiis
1816 2469 1864 2549 is,
1896 2469 1958 2562 qui
1983 2493 2058 2538 nou
2083 2471 2221 2562 penitus
2241 2471 2288 2538 iu-

1307 2573 1478 2666 trospexit
1508 2573 1622 2642 bonas
1653 2585 1767 2655 artes,
1800 2572 1860 2640 sed
1889 2571 2007 2642 obiter
2028 2573 2222 2662 degustavit
2240 2595 2288 2642 eas

1307 2677 1466 2767 fugiens,
1499 2674 1598 2744 velut
1628 2696 1732 2742 canes
1753 2697 1772 2740 e
1794 2671 1878 2742 Nilo
1901 2673 2056 2744 bibunt?
2107 2671 2173 2746 Est
2194 2675 2287 2764 igitur

1308 2777 1469 2848 discendi
1492 2775 1584 2846 ratio
1608 2775 1688 2846 talis
1713 2773 1951 2860 instituenda,
1977 2799 2040 2865 per
2057 2799 2165 2870 quam
2182 2801 2286 2848 earum
2324 2795 2325 2867 ι

1308 2881 1457 2962 artium,
1487 2880 1532 2948 ad
1557 2901 1645 2969 quas
1669 2877 1886 2948 contulimus
1908 2877 2085 2964 studium,
2115 2880 2287 2970 perfectam

1308 2982 1491 3052 scientiam
1523 3001 1795 3072 consequamur:
1838 2979 1874 3048 id
1904 2979 1952 3048 ita
1979 2979 2055 3066 fiet,
2087 2981 2119 3050 si
2142 2982 2287 3052 ordinem

1308 3085 1487 3178 quendam
1510 3081 1548 3150 iu
1572 3082 1742 3150 discendo
1765 3080 1961 3152 servabitis.
2012 3079 2195 3154 Praeclare
2214 3083 2288 3152 dixit

1308 3179 1513 3276 Xenophon
1544 3183 1583 3251 in
1607 3177 1871 3267 Oeconomico,
1903 3177 1997 3252 nihil
2028 3185 2157 3254 ordine
2187 3209 2287 3276 neque

1308 3283 1513 3370 honestius,
1547 3308 1662 3378 neque
1687 3283 1811 3354 utilius
1830 3307 1914 3356 esse.
1974 3283 2086 3356 Cuius
2112 3288 2288 3356 sententiae

1308 3390 1382 3458 vim
1403 3413 1484 3458 cum
1506 3387 1546 3455 in
1568 3385 1737 3456 omnibus
1758 3385 1839 3456 aliis
1859 3385 1966 3458 rebus
1983 3387 2204 3478 experimur,
2225 3401 2287 3458 tum

1308 3489 1459 3560 maxime
1488 3489 1527 3558 in
1555 3487 1682 3560 studiis
1704 3488 1900 3558 literarum.
1953 3485 2046 3558 Vide
2070 3491 2166 3560 enim
2189 3513 2288 3582 quan·

1308 3609 1385 3664 tum
1398 3606 1622 3683 praepostera
1638 3589 1799 3659 discendi
1817 3589 1908 3658 ratio
1924 3583 2052 3660 habeat
2068 3592 2287 3664 incommodi:

1309 3695 1407 3786 prius
1437 3687 1671 3781 Theologiam
1694 3706 1755 3762 aut
1773 3689 1833 3762 lus
1855 3691 1959 3760 civile
1982 3692 2126 3764 discunt
2147 3695 2288 3787 quidam,

1309 3820 1416 3888 quam
1447 3806 1592 3862 teneant
1615 3792 1859 3876 Dialecticen,
1895 3806 1929 3862 et
1956 3791 2024 3863 alia
2049 3789 2288 3886 Philosophiae

1309 3899 1499 3966 elementa:
1535 3893 1604 3964 Hic
1634 3895 1757 3986 plane,
1794 3909 1835 3964 ut
1861 3892 1985 3966 Cicero
2015 3897 2154 3988 inquit,
2185 3897 2288 3970 claudi

1308 4021 1407 4069 more
1433 3996 1543 4088 pilam
1567 4009 1701 4070 tenent.
1753 3994 1922 4066 Tractare
1945 4019 2003 4066 eas
2025 4012 2137 4082 artes,
2162 4000 2199 4068 in
2220 4001 2289 4093 qui·

1309 4101 1376 4172 bus
1391 4113 1595 4179 versantur,
1621 4098 1723 4168 nullo
1740 4100 1846 4168 modo
1862 4112 2027 4190 possunt,
2053 4124 2225 4196 nusquam
2241 4127 2288 4172 ar-

1310 4203 1399 4274 tium
1416 4202 1531 4270 fontes
1548 4201 1744 4292 pervidere,
1767 4225 1842 4270 nou
1859 4223 1948 4294 qnae
1962 4197 2186 4288 cohaereant,
2211 4225 2288 4298 quae

1310 4303 1520 4374 dissentiant
1541 4303 1635 4372 inter
1657 4325 1712 4383 sc,
1740 4317 1900 4372 cernunt
1952 4299 2002 4372 Hi
2029 4329 2110 4374 cum
2128 4309 2289 4398 prodeunt

1310 4405 1349 4476 in
1380 4405 1566 4497 publicum
1591 4417 1625 4474 et
1648 4405 1831 4474 doctrinae
1853 4404 2060 4496 opinionem
2084 4409 2288 4498 magnificam

1310 4531 1427 4580 secum
1442 4507 1627 4592 adferunt,
1646 4500 1705 4576 hic
1721 4507 1875 4596 primum
1890 4501 2220 4598 deprehenduntur,
2241 4507 2290 4578 hic

1310 4609 1489 4680 inscitiam
1512 4610 1692 4700 produnt,
1717 4609 1856 4702 siquid
1875 4623 1926 4680 est
1940 4609 2200 4694 deliniendum,
2227 4637 2290 4680 non

1310 4713 1436 4782 vident
1462 4709 1527 4779 ubi
1559 4711 1621 4791 sit,
1657 4711 1686 4778 si
1719 4711 1881 4803 quidest
1905 4711 2150 4800 partiendum,
2183 4715 2290 4784 omnia

1311 4812 1543 4905 unuspulvis,
1558 4813 1586 4881 si
1596 4815 1693 4906 quod
1703 4813 1916 4884 nectendum
1927 4831 2182 4903 argumentum,
2197 4840 2291 4911 quam

1312 4928 1510 4986 monstrosa
1527 4915 1641 4984 forma
1658 4915 1851 5008 syllogismi
1867 4914 1936 4985 sit?
1960 4914 2098 5007 siquod
2117 4943 2291 5008 argumen-

1312 5033 1389 5088 tum
1404 5017 1671 5087 dissolvendum
1687 5029 1748 5100 est,
1774 5015 1826 5086 ibi
1841 5040 1937 5100 vero,
1961 5017 2034 5086 nisi
2048 5019 2123 5088 sola
2136 5043 2171 5088 se
2186 5021 2292 5112 impu·

1312 5119 1433 5190 dentia
1449 5131 1633 5197 tueantur,
1648 5117 1796 5188 abiecto
1811 5119 1934 5212 clypeo
1951 5119 2102 5209 fugiunt.
2145 5120 2213 5192 Hic
2225 5123 2291 5218 pri-

1312 5245 1411 5292 mum
1428 5221 1586 5313 poenitet
1600 5243 1660 5290 eos
1674 5219 1852 5308 neglectae
1867 5217 2093 5308 Dialectices,
2119 5249 2207 5315 quae
2221 5249 2290 5296 cum

1312 5325 1358 5394 sit
1371 5347 1446 5402 ars,
1471 5335 1511 5391 ut
1525 5319 1626 5390 Plato
1642 5321 1709 5406 ait,
1734 5323 1898 5394 tradendi
1912 5337 1947 5394 et
1961 5325 2156 5413 accipiendi
2171 5350 2293 5396 sermo·

1313 5449 1387 5506 ues,
1412 5445 1485 5496 una
1500 5423 1609 5494 tradit
1624 5425 1719 5496 viam
1735 5437 1770 5494 et
1782 5438 1879 5498 ‚recte
1895 5425 2056 5498 discendi
2073 5441 2108 5498 et
2122 5429 2293 5520 perspicue
