4646 5824
209 261 284 340 sss
437 273 441 284 ·
644 233 1810 356 uncnnas'runusnrasuarchauces.
1909 293 1918 304 -
2175 263 2247 336 mo

211 441 299 512 item
328 433 542 517 sentcntiae,
575 428 704 524 quibus
732 426 896 496 mirabile
927 428 1067 518 poodm
1098 427 1204 496 inest:
1254 429 1494 519 cognitionem
1521 429 1701 522 adpetant.
1768 429 1915 522 Quanto
1942 434 2055 524 magis
2084 447 2244 506 aeternae

212 545 383 638 pleraque
411 536 506 606 enim
530 557 571 602 ex
594 525 810 622 propheticis
833 529 973 620 scriptis
995 530 1204 620 deprompta
1253 529 1454 602 foelicitatis
1481 555 1522 602 ac
1544 532 1669 603 salutis
1690 555 1774 604 cora
1796 559 1862 604 nos
1882 537 2031 608 incitare
2050 537 2177 619 debet,
2209 551 2247 608 nt

213 657 313 728 sunt,
336 661 447 734 eaque
467 633 671 706 incredibili
693 645 799 725 atque
823 629 1028 700 inimitabili
1047 631 1155 700 verbo
1170 643 1205 699 et
1254 631 1415 724 lingnam
1444 633 1605 704 omnium
1633 634 1897 722 dulcissimam,
1930 651 2068 710 etcum
2096 651 2149 708 tot
2171 639 2247 730 pul.
2313 633 2314 724 ζ

213 750 291 818 luce
306 755 410 836 atque
425 733 585 830 emphasi
601 735 758 819 reddita,
784 745 818 802 et
834 746 905 802 tota
923 731 1077 825 denique
1091 733 1204 802 oratio
1254 729 1511 805 cherrimarum
1543 735 1675 806 artium
1698 737 1923 828 magistram,
1956 753 2032 810 tum
2056 763 2144 810 vero
2171 765 2248 810 coe·
2313 733 2314 758 ¹

212 849 323 941 spirat
350 841 567 914 reconditam
599 839 777 932 quandam
809 859 848 904 ac
880 835 1037 902 divinam
1061 834 1204 926 sapien·
1255 836 1353 908 lestis
1381 837 1565 907 doctrinae
1596 839 1784 924 naucum,
1816 865 1857 910 ac
1886 854 2049 912 aeterme
2070 843 2197 912 salutis
2217 857 2249 913 et
2313 841 2314 850 ’

211 952 316 1022 tiam:
342 969 418 1014 non
438 941 631 1032 vulgariter
652 951 744 1008 certe
764 936 924 1006 eruditus
943 933 1205 1006 Grammaticus
1254 953 1435 1010 tantorum
1460 939 1709 1010 beneficiorum
1732 941 1939 1014 divinorum
1962 943 2247 1022 conciliatricem,

213 1079 234 1124 a
249 1073 306 1120 me
321 1046 539 1126 censebitur,
566 1041 628 1136 qui
643 1063 776 1110 novum
790 1037 1059 1108 Testamentum
1075 1037 1205 1129 poterit
1255 1040 1531 1134 amplectamur?
2032 1051 2035 1056 ·

212 1155 336 1225 saltem
364 1145 610 1239 grammatice,
644 1145 764 1212 dextre
790 1163 830 1208 ac
853 1153 945 1210 recte
969 1139 1205 1230 interpretari,
1356 1141 1439 1212 Non
1460 1143 1593 1236 absque
1612 1143 1786 1233 singulari
1808 1145 1957 1216 consilio
1975 1145 2102 1216 divino
2118 1147 2247 1216 smum

214 1255 376 1341 atillam
406 1247 579 1320 sermonis
600 1245 672 1313 vim
695 1259 801 1336 atque
824 1242 1002 1332 energiam
1024 1254 1205 1334 utcunque
1256 1257 1327 1324 est,
1360 1245 1457 1338 quod
1483 1239 1668 1334 Evangelii
1699 1245 1879 1331 doctrina,
1912 1261 1949 1318 et
1978 1248 2008 1316 si
2039 1271 2103 1339 per
2138 1263 2247 1318 totum

117 1353 121 1362 ’
213 1354 422 1448 explicando
447 1348 593 1443 assequi.
645 1344 726 1414 Huc
747 1344 897 1427 accedit,
923 1344 1019 1436 quod
1038 1337 1123 1412 haec
1140 1365 1205 1412 ua-
1255 1345 1379 1414 orbem
1405 1345 1522 1438 spargi
1547 1346 1690 1430 debuit,
1723 1359 1842 1417 umen
1864 1343 1971 1420 huius
1990 1349 2105 1440 gentis
2130 1351 2247 1439 lingua

212 1461 264 1533 tio
294 1469 415 1548 postea
438 1475 597 1546 quoqne,
632 1448 766 1540 primae
787 1442 965 1514 Ecclesiae
988 1467 1028 1513 ac
1050 1443 1205 1536 purioris
1255 1447 1412 1538 primum
1426 1471 1466 1516 ac
1483 1447 1705 1538 potissimum
1723 1449 1915 1540 descripta,
1940 1463 2045 1543 atque
2058 1452 2107 1522 ita
2124 1453 2172 1519 ad
2190 1475 2248 1540 po-

213 1560 402 1636 doctrinae,
412 1557 572 1626 doctores
587 1565 690 1643 atque
704 1549 913 1638 interpretes
927 1546 1127 1638 complures
1141 1539 1205 1614 ha-
1255 1561 1366 1618 steros
1386 1548 1589 1618 transmissa
1611 1562 1673 1618 est.
1723 1545 1814 1619 Com
1830 1551 1924 1620 euim
1940 1538 2166 1642 barolingus
2183 1555 2248 1620 iam
2314 1559 2315 1570 ¹

211 1664 291 1736 huit
315 1661 393 1752 pios
414 1681 453 1727 ac
477 1667 634 1738 sanctos,
660 1651 721 1744 qui
745 1673 824 1718 cum
847 1643 1033 1718 historiam
1049 1647 1203 1739 primum
1256 1661 1338 1719 ante
1359 1650 1558 1720 doctrinam
1579 1673 1739 1732 morum,
1764 1651 1973 1743 disciplinae
1995 1651 2248 1725 etbumauita-

210 1761 388 1836 nascentis
419 1755 596 1828 Ecclesiae
627 1752 779 1822 fideliter
808 1751 1086 1840 descripserunt,
1130 1763 1204 1818 tum
1255 1752 1320 1836 tis,
1341 1746 1411 1821 hoc
1427 1764 1497 1830 est,
1524 1751 1611 1840 legis
1628 1751 1790 1836 divinae,
1814 1754 2030 1840 contineret,
2055 1777 2141 1824 cnm
2160 1755 2248 1847 opti.

211 1891 297 1937 vero
311 1862 459 1934 eruditis
475 1854 826 1948 interpretationibus
842 1853 990 1921 eandem
1005 1849 1204 1920 doctrinam
1254 1875 1393 1922 marum
1414 1853 1565 1936 artium,
1592 1852 1754 1946 vitaeque
1774 1849 1951 1925 humanae
1972 1879 2109 1926 summe
2130 1879 2248 1928 neces-

173 2045 177 2054 ,
212 1991 347 2042 sacram
368 1963 504 2034 utiliter
527 1960 763 2028 illustrarunt.
821 1951 1073 2023 Destitonntur
1097 1950 1206 2041 igitur
1256 1953 1428 2024 sariacum
1450 1952 1615 2042 magistra
1639 1971 1749 2039 esset,
1774 1979 1855 2025 cum
1877 1959 1996 2026 rerum
2020 1971 2202 2048 gestarum
2219 1971 2249 2027 et

213 2087 248 2143 et
264 2067 424 2139 fontibus
442 2062 542 2156 ipsis,
567 2073 601 2130 et
619 2057 809 2126 sinceriore
826 2055 1059 2148 explicatione
1073 2053 1204 2123 multa·
1256 2051 1425 2126 historiae
1456 2055 1583 2124 mundi
1610 2056 1779 2146 ταμεῖονε
1812 2056 1927 2128 voluit
1957 2055 2056 2130 Deus
2083 2072 2119 2128 et
2156 2055 2248 2127 hum

211 2195 293 2244 rum
321 2165 429 2238 huius
457 2163 639 2233 doctrinae
670 2159 845 2251 partium,
880 2157 943 2250 qni
973 2179 1040 2248 ope
1063 2155 1205 2244 linguae
1255 2151 1461 2229 thesaumm
1484 2179 1550 2247 per
1573 2157 1729 2226 eiusdem
1751 2157 1895 2246 linguae
1917 2159 2161 2231 ministerium
2184 2155 2247 2228 hu-

213 2273 369 2345 Graecae
397 2267 650 2338 destituuntur.
708 2259 799 2330 Nam
826 2260 921 2352 quod
952 2257 1205 2328 adversiones
1254 2283 1362 2328 mano
1379 2259 1499 2348 generi
1517 2257 1712 2349 impertiri,
1738 2273 1778 2329 ut
1792 2261 1995 2330 ostenderet
2005 2262 2102 2331 inter
2114 2275 2248 2332 caetera

211 2376 353 2454 attinet,
389 2370 543 2440 vidimus
565 2380 696 2459 quanta
718 2361 859 2430 miseria
881 2361 944 2445 sit,
976 2359 1005 2428 si
1027 2360 1108 2452 quis
1132 2358 1206 2428 illis
1254 2359 1425 2430 beneficia
1448 2382 1509 2428 sua
1531 2353 1599 2430 hoc
1615 2359 1843 2446 beneficium,
1869 2363 1925 2430 vel
1941 2363 2132 2454 praecipue
2149 2385 2249 2454 expe-

210 2478 295 2548 solis
323 2473 391 2544 niti
421 2483 577 2562 cogatur.
629 2465 721 2535 Nam
747 2473 994 2556 praeterquam
1022 2461 1117 2553 qnod
1145 2460 1205 2530 vix
1255 2464 1405 2532 tendum
1421 2476 1528 2555 atque
1543 2461 1826 2552 amplectendum
1841 2484 1926 2535 ease.

209 2579 288 2650 lieri
310 2587 444 2669 potest,
468 2585 507 2641 ut
529 2569 702 2639 sententia
723 2565 857 2657 ubique
878 2564 999 2632 eadem
1015 2561 1204 2634 foelicitate
1357 2559 1603 2656 Quapropter,
1629 2563 1659 2631 si
1678 2561 1755 2633 fieri
1769 2577 1906 2654 posset,
1932 2565 2133 2655 optandum
2148 2565 2249 2648 foret,

210 2705 251 2752 ac
265 2675 515 2774 perspicuitate
528 2671 567 2740 in
581 2671 733 2740 alienam
746 2667 905 2756 lingnam
919 2664 1203 2736 transfundatur:
1253 2679 1295 2736 ut
1306 2687 1431 2734 omnes
1447 2663 1614 2734 mortales
1628 2662 1722 2734 banc
1738 2664 1898 2754 linguam
1912 2665 2047 2736 discere
2063 2689 2105 2736 ac
2119 2680 2249 2749 tenere,
2315 2669 2316 2732 l

209 2784 322 2854 multa
347 2779 452 2849 etiam
475 2773 544 2844 alia
569 2770 795 2842 incommoda
817 2765 1125 2858 interpretationes
1148 2788 1205 2834 se·
1255 2779 1422 2860 tantaque
1437 2765 1687 2836 commoditate
1702 2767 1837 2858 perfrui
1853 2779 2005 2858 possent.
2047 2765 2120 2838 Sed
2136 2792 2249 2861 qnan-
2315 2749 2316 2790 ³

211 2898 389 2982 quuutur,
415 2881 522 2971 litque
544 2897 646 2966 saepe
666 2886 707 2943 ut
722 2871 779 2941 vel
792 2872 885 2938 inter
899 2869 1123 2938 reddendum
1139 2891 1204 2936 na·
1255 2871 1302 2938 do
1323 2868 1360 2938 id
1384 2868 1443 2937 vix
1456 2866 1533 2936 beri
1551 2879 1684 2958 potest,
1710 2867 1764 2936 illi
1780 2881 1873 2938 certe
1889 2892 1978 2962 qnos
1990 2865 2090 2939 Deus
2105 2869 2150 2940 ad
2172 2869 2249 2940 lite-

209 2987 304 3058 tivus
327 3004 448 3052 sensus
470 2981 699 3055 obscuretur,
732 2973 789 3041 vel
811 2972 850 3039 in
871 2971 977 3038 aliam
1000 2969 1101 3062 quasi
1123 2991 1204 3061 spe·
1254 2993 1376 3040 rarum
1398 2993 1439 3038 ac
1461 2967 1644 3038 doctrinae
1664 2967 1821 3039 studium
1846 2969 2044 3055 sevocavit,
2074 2965 2148 3041 boc
2171 2984 2247 3040 tan·

211 3089 301 3159 ciem
322 3084 609 3162 transformetur,
633 3090 738 3169 atque
758 3074 806 3143 ita
821 3083 1065 3164 pervertatur,
1088 3082 1131 3140 nt
1144 3071 1204 3139 vix
1255 3085 1332 3142 tum
1352 3069 1563 3140 beneficium
1587 3069 1752 3139 divinum
1768 3071 1975 3164 nentiquam
1990 3072 2173 3162 negligere
2190 3073 2249 3140 de·

212 3190 370 3262 eundum
391 3203 577 3273 agnoscere
600 3179 732 3270 possis,
757 3190 792 3247 et
814 3195 889 3242 non
910 3195 991 3242 raro
1011 3193 1080 3242 nso
1096 3170 1205 3256 venit,
1254 3174 1350 3243 bent.
1401 3169 1485 3242 Non
1503 3171 1635 3240 mirum
1651 3170 1747 3240 enim
1763 3186 1833 3252 est,
1859 3172 2073 3244 infoeliciter
2088 3197 2152 3243 eos
2167 3174 2248 3242 alias

210 3306 253 3363 ut
284 3289 402 3359 verius
432 3277 752 3373 metamorphosin,
804 3297 911 3369 qnam
941 3274 1204 3366 interpretatio-
1255 3275 1434 3346 doctrinas
1455 3285 1623 3356 tractare,
1648 3271 1711 3366 qui
1731 3267 1798 3342 hac
1819 3274 1898 3344 lnce
1920 3275 2067 3359 amissa,
2094 3275 2135 3344 in
2154 3289 2247 3345 tene-

210 3417 311 3478 uem,
340 3391 444 3460 talem
459 3385 657 3454 versionem
674 3379 791 3452 dicere
807 3378 935 3470 possis3
962 3377 1001 3446 id
1016 3377 1113 3469 quod
1128 3397 1203 3445 non
1255 3377 1329 3446 bris
1344 3375 1477 3444 versari
1491 3373 1642 3444 malunt.

210 3497 326 3568 solnm
348 3493 387 3560 in
407 3487 514 3558 sacris
537 3485 671 3569 literis,
697 3485 757 3553 sed
780 3481 820 3550 in
841 3480 921 3550 aliis
937 3501 1079 3572 quoque
1097 3477 1203 3548 disci-
1356 3475 1447 3546 Nam
1469 3475 1585 3548 videte
1600 3473 1800 3544 mirabilem
1818 3473 2082 3546 clementissimi
2100 3474 2168 3546 Dei
2187 3477 2247 3544 bo·
2316 3463 2317 3474 ¹

209 3599 320 3691 plinis
335 3593 492 3664 accidere
506 3587 605 3658 solet.
1255 3578 1422 3659 nitatem,
1454 3577 1735 3668 providentiam,
1761 3599 1802 3646 ac
1822 3577 2053 3666 cupiditatem
2076 3577 2246 3666 largiendi

315 3695 432 3786 Quam
455 3689 557 3760 dulce
574 3687 768 3778 igiturest,
794 3684 966 3752 imovero
983 3693 1115 3774 quanta
1128 3681 1204 3749 foe·
1255 3683 1348 3751 bona
1365 3703 1428 3750 sua
1443 3673 1650 3748 bominibus
1664 3677 1952 3752 inenarrabilem.
1999 3677 2074 3766 Qoi
2088 3692 2131 3748 nt
2145 3702 2244 3771 quam

210 3803 325 3872 licitas
347 3809 416 3878 est,
442 3815 543 3885 posse
564 3813 644 3860 cum
666 3787 740 3854 filio
757 3783 843 3865 Dei,
871 3808 951 3852 cum
969 3779 1205 3872 Evangelistis
1256 3781 1429 3874 plurimos
1443 3777 1607 3850 homines
1624 3781 1669 3849 ad
1685 3773 1779 3849 hanc
1795 3780 1953 3870 linguam
1971 3778 2178 3850 discendam
2192 3781 2245 3848 in·

211 3918 245 3974 et
265 3897 448 3992 Apostolis
471 3893 576 3986 ipsis,
602 3913 683 3960 cum
704 3888 788 3956 divo
804 3884 917 3956 Paulo
940 3886 1072 3976 absque
1093 3885 1204 3952 inter-
1256 3883 1400 3968 vitaret,
1426 3883 1549 3952 multis
1570 3905 1647 3950 eam
1671 3879 1865 3965 illecebris,
1889 3881 2014 3950 multis
2032 3880 2245 3950 invitamen-

210 4018 308 4098 prete
332 3999 448 4094 loqui,
481 4010 515 4066 et
537 4015 637 4064 veras
657 3990 827 4082 vivasque
850 3987 973 4056 audire
995 4009 1035 4054 ac
1057 3986 1205 4054 reddere
1255 3986 1301 4057 tis
1329 3985 1490 4076 undique
1519 3981 1724 4055 cumulavit.
1774 3980 1937 4053 Primum
1964 3982 2061 4051 enirn
2082 3981 2242 4052 nonalia

212 4104 342 4176 voces?
1250 4088 1376 4176 lingua
1389 4085 1530 4155 dulcior
1543 4097 1615 4169 eat,
1641 4107 1716 4153 non
1733 4083 1801 4152 alia
1818 4083 1982 4154 suaviore
1999 4106 2087 4152 sono
2102 4083 2243 4152 auribus

314 4204 422 4294 Quod
444 4203 473 4270 si
489 4211 626 4269 tautum
643 4192 835 4265 tribuimus
850 4213 1110 4284 nonnunquam
1125 4212 1204 4279 gra·
1255 4188 1428 4258 illabitur.
1485 4183 1564 4256 Etsi
1588 4209 1713 4254 verum
1737 4198 1806 4269 est,
1840 4187 1937 4279 quod
1961 4183 2168 4254 Herodotus
2188 4184 2243 4264 ait,

213 4311 282 4381 tiae
297 4331 336 4376 ac
349 4305 463 4374 favori
477 4302 627 4372 alicuius
641 4297 733 4387 regis
749 4307 809 4364 aut
825 4293 1014 4386 principis,
1042 4307 1082 4364 ut
1094 4291 1205 4382 ipsius
1256 4289 1427 4362 Animum
1443 4289 1482 4357 in
1498 4287 1644 4357 auribus
1660 4282 1829 4369 habitare,
1852 4311 1926 4356 uon
1941 4287 2011 4356 alia
2028 4299 2121 4356 certe
2136 4285 2242 4354 maio-

213 4433 334 4492 causa,
360 4421 464 4499 atque
483 4419 523 4475 ut
538 4403 671 4494 absque
688 4400 880 4489 interprete
896 4419 975 4464 cum
992 4417 1031 4464 eo
1048 4393 1205 4486 colloqui
1255 4415 1331 4462 rem
1352 4392 1424 4460 vim
1446 4385 1594 4459 habebit
1614 4389 1660 4458 ad
1679 4389 1934 4459 demulcendos
1949 4411 1989 4456 ac
2007 4387 2242 4478 percellendos

211 4513 408 4607 possimus,
446 4503 665 4576 barbaricam
695 4501 852 4594 aliquam
884 4498 1043 4587 linguam
1070 4495 1205 4564 discere
1255 4495 1393 4565 animos
1409 4488 1608 4561 hominum.

212 4639 289 4685 non
310 4611 531 4682 dubitemus:
557 4607 628 4674 imo
643 4627 727 4673 vero
743 4603 772 4671 si
784 4599 899 4692 turpis
915 4600 1005 4669 laseri
1021 4621 1082 4689 spe
1092 4619 1206 4689 saepe,
1358 4591 1498 4664 Deinde
1518 4591 1639 4684 pueris
1658 4602 1700 4660 ut
1719 4588 1873 4658 crustula
1895 4589 2020 4657 blandi
2043 4589 2131 4658 dant
2147 4609 2240 4680 prae-

212 4741 287 4788 nou
308 4737 381 4785 una
405 4708 587 4781 barbarica
611 4707 750 4796 lingua,
773 4727 854 4772 cum
877 4700 1013 4792 ingenti
1035 4699 1205 4789 temporis
1256 4711 1431 4789 ceptores,
1459 4709 1500 4765 nt
1520 4693 1667 4782 benigni
1688 4703 1852 4783 parentes
1874 4713 1913 4758 ac
1928 4689 2140 4782 propinqui,
2165 4688 2239 4758 dnl-

213 4821 364 4902 iactura,
390 4835 455 4882 nec
473 4812 550 4879 sine
568 4809 659 4878 vitae
676 4805 835 4898 periculo
852 4805 1010 4874 discitur.
1063 4800 1205 4890 Quoda
1256 4800 1393 4878 ciariis,
1426 4797 1575 4888 aliisque
1610 4795 1645 4863 id
1679 4813 1789 4882 genus
1811 4792 2032 4861 munusculis
2052 4814 2179 4881 pueros
2199 4789 2238 4857 ad

179 4973 184 4978 -
212 4917 468 4991 mercatoribus
485 4912 562 4982 fieri
577 4910 756 4990 videmus,
781 4907 844 4999 qui
859 4907 988 4974 liberos
1004 4927 1087 4975 suos
1104 4927 1205 4996 pere-
1256 4925 1292 4972 se
1315 4901 1468 4970 invitare
1493 4899 1625 4977 solent,
1651 4919 1726 4964 nou
1747 4893 1853 4962 aliam
1874 4894 2019 4985 quidem
2035 4895 2239 4969 cheensem,

214 5025 332 5114 grisias
354 5020 495 5107 linguas
516 5030 637 5085 tenere
656 5009 803 5092 volunt,
830 5031 904 5078 non
928 5009 1034 5077 aliam
1056 5007 1104 5076 ob
1120 5029 1205 5075 cau·
1256 5005 1327 5074 nisi
1349 5002 1433 5096 quia
1453 5024 1512 5069 ros
1530 5013 1668 5080 amant,
1691 5009 1727 5065 et
1740 4994 1896 5064 vicissim
1912 4997 1958 5064 ab
1973 4995 2023 5063 eis
2038 4993 2167 5076 amam,
2192 5003 2238 5060 at·

214 5149 306 5204 sam,
333 5145 438 5214 quam
453 5133 494 5189 ut
509 5139 588 5186 cum
605 5113 677 5182 illis
692 5111 873 5201 gentibus,
898 5123 1018 5200 postca
1032 5131 1206 5178 commer-
1257 5129 1325 5200 qne
1347 5103 1434 5197 ipsis
1456 5103 1661 5172 benefacere
1678 5097 1846 5189 cupiunt,
1871 5091 1941 5166 hoc
1954 5097 2028 5166 illis
2043 5095 2171 5186 volupe
2184 5105 2238 5172 est,

214 5227 268 5296 cia
284 5220 415 5292 habere
434 5220 589 5313 possint,
613 5216 710 5284 unde
726 5213 862 5304 aliquid
879 5212 970 5282 lucri
987 5235 1205 5281 accessurum
1257 5205 1325 5278 hoc
1359 5205 1510 5276 maxime
1546 5204 1712 5272 delectat:
1759 5199 1810 5270 ita
1842 5195 1939 5268 Dotis
1974 5196 2237 5288 benignissimus

216 5337 374 5418 sperauit
400 5325 449 5391 ita
463 5323 558 5388 leves
574 5339 675 5408 saepe
689 5337 811 5384 causae
828 5313 1019 5403 impellunt
1033 5307 1207 5393 homines,
1257 5325 1376 5404 pater,
1412 5305 1617 5377 multifariis
1647 5301 1934 5373 dulcissimarum
1963 5301 2094 5369 artium
2122 5295 2236 5368 condi·

244 5443 254 5468 t
279 5425 384 5494 etiam
410 5424 635 5491 indoctarum
660 5430 694 5486 et
715 5413 980 5484 barbaricarum
1003 5415 1205 5510 linguarum
1258 5412 1385 5482 retentis
1409 5405 1502 5478 hanc
1525 5407 1684 5496 linguam
1707 5403 1862 5474 refarsit:
1895 5415 1940 5473 ut
1959 5403 2045 5472 dum
2066 5400 2145 5470 illas
2166 5397 2235 5467 ille-
