<?xml version="1.0" encoding="UTF-8"?>
<!DOCTYPE html PUBLIC "-//W3C//DTD XHTML 1.0 Transitional//EN"
    "http://www.w3.org/TR/xhtml1/DTD/xhtml1-transitional.dtd">
<html xmlns="http://www.w3.org/1999/xhtml" xml:lang="en" lang="en">
 <head>
  <title>
</title>
<meta http-equiv="Content-Type" content="text/html;charset=utf-8" />
  <meta name='ocr-system' content='tesseract 3.04.00' />
  <meta name='ocr-capabilities' content='ocr_page ocr_carea ocr_par ocr_line ocrx_word'/>
</head>
<body>
  <div class='ocr_page' id='page_1' title='image "./corpusreformato23melagoog/corpusreformato23melagoog_0192.png"; bbox 0 0 4616 5816; ppageno 0'>
   <div class='ocr_carea' id='block_1_1' title="bbox 61 259 2087 366">
    <p class='ocr_par' dir='ltr' id='par_1_1' title="bbox 61 259 2087 366">
     <span class='ocr_line' id='line_1_1' title="bbox 61 259 2087 366; baseline 0.001 -4"><span class='ocrx_word' id='word_1_1' title='bbox 61 289 122 362; x_wconf 84' lang='lat' dir='ltr'><strong>sn</strong></span> <span class='ocrx_word' id='word_1_2' title='bbox 605 281 766 362; x_wconf 77' lang='lat' dir='ltr'><strong>unca.</strong></span> <span class='ocrx_word' id='word_1_3' title='bbox 816 281 891 360; x_wconf 83' lang='lat' dir='ltr'><strong>nu</strong></span> <span class='ocrx_word' id='word_1_4' title='bbox 922 277 1263 360; x_wconf 78' lang='lat' dir='ltr'><strong>nreurnarn</strong></span> <span class='ocrx_word' id='word_1_5' title='bbox 1293 259 1547 357; x_wconf 73' lang='lat' dir='ltr'><strong>cneum</strong></span> <span class='ocrx_word' id='word_1_6' title='bbox 2009 283 2087 366; x_wconf 80' lang='lat' dir='ltr'><strong>ata</strong></span> 
     </span>
    </p>
   </div>
   <div class='ocr_carea' id='block_1_2' title="bbox 57 447 2207 5146">
    <p class='ocr_par' dir='ltr' id='par_1_2' title="bbox 57 447 2207 5146">
     <span class='ocr_line' id='line_1_2' title="bbox 60 447 2207 556; baseline -0 -27"><span class='ocrx_word' id='word_1_7' title='bbox 60 482 143 543; x_wconf 88' lang='lat' dir='ltr'><strong>nun,</strong></span> <span class='ocrx_word' id='word_1_8' title='bbox 167 455 375 548; x_wconf 69' lang='lat' dir='ltr'><strong>dissipantis</strong></span> <span class='ocrx_word' id='word_1_9' title='bbox 383 456 544 528; x_wconf 79' lang='lat' dir='ltr'><strong>divinam</strong></span> <span class='ocrx_word' id='word_1_10' title='bbox 557 459 833 550; x_wconf 86' lang='lat' dir='ltr'><strong>ordinationem,</strong></span> <span class='ocrx_word' id='word_1_11' title='bbox 861 459 911 530; x_wconf 90' lang='lat' dir='ltr'><strong>sic</strong></span> <span class='ocrx_word' id='word_1_12' title='bbox 925 459 1038 530; x_wconf 87' lang='lat' dir='ltr'><strong>sciant</strong></span> <span class='ocrx_word' id='word_1_13' title='bbox 1086 453 1237 544; x_wconf 77' lang='lat' dir='ltr'><strong>Quoties</strong></span> <span class='ocrx_word' id='word_1_14' title='bbox 1261 453 1415 526; x_wconf 85' lang='lat' dir='ltr'><strong>allinitas</strong></span> <span class='ocrx_word' id='word_1_15' title='bbox 1437 453 1569 547; x_wconf 77' lang='lat' dir='ltr'><strong>decipit</strong></span> <span class='ocrx_word' id='word_1_16' title='bbox 1597 447 1789 524; x_wconf 82' lang='lat' dir='ltr'><strong>homines?</strong></span> <span class='ocrx_word' id='word_1_17' title='bbox 1831 451 1880 528; x_wconf 93' lang='lat' dir='ltr'><strong>Ut</strong></span> <span class='ocrx_word' id='word_1_18' title='bbox 1903 449 1971 527; x_wconf 89' lang='lat' dir='ltr'><strong>hnc</strong></span> <span class='ocrx_word' id='word_1_19' title='bbox 1996 469 2089 528; x_wconf 77' lang='lat' dir='ltr'><strong>tem·</strong></span> <span class='ocrx_word' id='word_1_20' title='bbox 2205 549 2207 556; x_wconf 21' lang='grc' dir='ltr'>Ι</span> 
     </span>
     <span class='ocr_line' id='line_1_3' title="bbox 60 557 2088 656; baseline -0.002 -24"><span class='ocrx_word' id='word_1_21' title='bbox 60 583 167 632; x_wconf 89' lang='lat' dir='ltr'><strong>omnes</strong></span> <span class='ocrx_word' id='word_1_22' title='bbox 199 559 318 650; x_wconf 82' lang='lat' dir='ltr'><strong>legum</strong></span> <span class='ocrx_word' id='word_1_23' title='bbox 350 574 630 654; x_wconf 71' lang='lat' dir='ltr'>contemptores,</span> <span class='ocrx_word' id='word_1_24' title='bbox 655 585 701 632; x_wconf 67' lang='lat' dir='ltr'><strong>‘se</strong></span> <span class='ocrx_word' id='word_1_25' title='bbox 727 559 871 633; x_wconf 82' lang='lat' dir='ltr'><strong>Diaboli</strong></span> <span class='ocrx_word' id='word_1_26' title='bbox 903 584 1037 652; x_wconf 87' lang='lat' dir='ltr'><strong>organa</strong></span> <span class='ocrx_word' id='word_1_27' title='bbox 1086 581 1174 650; x_wconf 90' lang='lat' dir='ltr'><strong>pore</strong></span> <span class='ocrx_word' id='word_1_28' title='bbox 1189 583 1296 653; x_wconf 88' lang='lat' dir='ltr'><strong>qnam</strong></span> <span class='ocrx_word' id='word_1_29' title='bbox 1312 557 1464 650; x_wconf 75' lang='lat' dir='ltr'><strong>turpiter</strong></span> <span class='ocrx_word' id='word_1_30' title='bbox 1478 557 1694 656; x_wconf 81' lang='lat' dir='ltr'><strong>praetexitur</strong></span> <span class='ocrx_word' id='word_1_31' title='bbox 1709 557 1898 642; x_wconf 79' lang='lat' dir='ltr'><strong>interesse,</strong></span> <span class='ocrx_word' id='word_1_32' title='bbox 1915 557 2088 630; x_wconf 78' lang='lat' dir='ltr'><strong>immani-</strong></span> 
     </span>
     <span class='ocr_line' id='line_1_4' title="bbox 60 659 2152 762; baseline -0.001 -28"><span class='ocrx_word' id='word_1_33' title='bbox 60 685 137 747; x_wconf 85' lang='lat' dir='ltr'><strong>esse,</strong></span> <span class='ocrx_word' id='word_1_34' title='bbox 158 675 192 732; x_wconf 90' lang='lat' dir='ltr'><strong>et</strong></span> <span class='ocrx_word' id='word_1_35' title='bbox 205 663 353 733; x_wconf 86' lang='lat' dir='ltr'><strong>daturos</strong></span> <span class='ocrx_word' id='word_1_36' title='bbox 368 660 446 733; x_wconf 87' lang='lat' dir='ltr'><strong>Deo</strong></span> <span class='ocrx_word' id='word_1_37' title='bbox 459 687 603 756; x_wconf 89' lang='lat' dir='ltr'><strong>poenas,</strong></span> <span class='ocrx_word' id='word_1_38' title='bbox 628 664 721 736; x_wconf 85' lang='lat' dir='ltr'><strong>sicut</strong></span> <span class='ocrx_word' id='word_1_39' title='bbox 735 667 840 736; x_wconf 85' lang='lat' dir='ltr'><strong>toties</strong></span> <span class='ocrx_word' id='word_1_40' title='bbox 856 665 951 734; x_wconf 87' lang='lat' dir='ltr'><strong>Dens</strong></span> <span class='ocrx_word' id='word_1_41' title='bbox 966 664 1037 732; x_wconf 81' lang='lat' dir='ltr'><strong>nri·</strong></span> <span class='ocrx_word' id='word_1_42' title='bbox 1087 663 1153 731; x_wconf 91' lang='lat' dir='ltr'><strong>bus</strong></span> <span class='ocrx_word' id='word_1_43' title='bbox 1170 661 1298 742; x_wconf 88' lang='lat' dir='ltr'><strong>usuris,</strong></span> <span class='ocrx_word' id='word_1_44' title='bbox 1316 661 1497 730; x_wconf 80' lang='lat' dir='ltr'><strong>interdum</strong></span> <span class='ocrx_word' id='word_1_45' title='bbox 1513 659 1603 738; x_wconf 82' lang='lat' dir='ltr'><strong>falso</strong></span> <span class='ocrx_word' id='word_1_46' title='bbox 1618 673 1801 750; x_wconf 87' lang='lat' dir='ltr'><strong>praetextu</strong></span> <span class='ocrx_word' id='word_1_47' title='bbox 1818 659 2005 747; x_wconf 88' lang='lat' dir='ltr'><strong>societatis,</strong></span> <span class='ocrx_word' id='word_1_48' title='bbox 2029 662 2089 732; x_wconf 79' lang='lat' dir='ltr'><strong>in—</strong></span> <span class='ocrx_word' id='word_1_49' title='bbox 2143 750 2152 762; x_wconf 64' lang='lat'><strong>.</strong></span> 
     </span>
     <span class='ocr_line' id='line_1_5' title="bbox 59 762 2088 859; baseline 0 -25"><span class='ocrx_word' id='word_1_50' title='bbox 59 779 169 844; x_wconf 86' lang='lat' dir='ltr'><strong>natur,</strong></span> <span class='ocrx_word' id='word_1_51' title='bbox 211 777 247 834; x_wconf 90' lang='lat' dir='ltr'><strong>et</strong></span> <span class='ocrx_word' id='word_1_52' title='bbox 278 778 454 836; x_wconf 88' lang='lat' dir='ltr'><strong>testantur</strong></span> <span class='ocrx_word' id='word_1_53' title='bbox 486 768 645 859; x_wconf 81' lang='lat' dir='ltr'><strong>exempla</strong></span> <span class='ocrx_word' id='word_1_54' title='bbox 681 769 844 838; x_wconf 91' lang='lat' dir='ltr'><strong>omnium</strong></span> <span class='ocrx_word' id='word_1_55' title='bbox 872 779 1038 839; x_wconf 86' lang='lat' dir='ltr'><strong>aetatum.</strong></span> <span class='ocrx_word' id='word_1_56' title='bbox 1087 765 1226 834; x_wconf 77' lang='lat' dir='ltr'><strong>tendum</strong></span> <span class='ocrx_word' id='word_1_57' title='bbox 1246 763 1422 833; x_wconf 89' lang='lat' dir='ltr'><strong>simulatis</strong></span> <span class='ocrx_word' id='word_1_58' title='bbox 1439 762 1679 854; x_wconf 88' lang='lat' dir='ltr'><strong>emptionibus</strong></span> <span class='ocrx_word' id='word_1_59' title='bbox 1694 765 1881 853; x_wconf 88' lang='lat' dir='ltr'><strong>voragines</strong></span> <span class='ocrx_word' id='word_1_60' title='bbox 1895 787 2088 836; x_wconf 85' lang='lat' dir='ltr'><strong>usurarum</strong></span> 
     </span>
     <span class='ocr_line' id='line_1_6' title="bbox 58 859 2088 961; baseline 0 -23"><span class='ocrx_word' id='word_1_61' title='bbox 58 864 275 938; x_wconf 85' lang='lat' dir='ltr'><strong>Cernitllens</strong></span> <span class='ocrx_word' id='word_1_62' title='bbox 289 869 450 937; x_wconf 89' lang='lat' dir='ltr'><strong>omnium</strong></span> <span class='ocrx_word' id='word_1_63' title='bbox 469 869 618 954; x_wconf 85' lang='lat' dir='ltr'><strong>vindex,</strong></span> <span class='ocrx_word' id='word_1_64' title='bbox 643 870 746 941; x_wconf 86' lang='lat' dir='ltr'><strong>etvel</strong></span> <span class='ocrx_word' id='word_1_65' title='bbox 764 868 1037 961; x_wconf 88' lang='lat' dir='ltr'><strong>Magistratuum</strong></span> <span class='ocrx_word' id='word_1_66' title='bbox 1087 877 1266 954; x_wconf 87' lang='lat' dir='ltr'><strong>teguntur.</strong></span> <span class='ocrx_word' id='word_1_67' title='bbox 1314 863 1411 936; x_wconf 88' lang='lat' dir='ltr'><strong>Haec</strong></span> <span class='ocrx_word' id='word_1_68' title='bbox 1427 859 1647 957; x_wconf 89' lang='lat' dir='ltr'><strong>deprehendi</strong></span> <span class='ocrx_word' id='word_1_69' title='bbox 1664 877 1698 935; x_wconf 91' lang='lat' dir='ltr'><strong>et</strong></span> <span class='ocrx_word' id='word_1_70' title='bbox 1714 865 1897 936; x_wconf 86' lang='lat' dir='ltr'><strong>emendari</strong></span> <span class='ocrx_word' id='word_1_71' title='bbox 1912 866 1989 935; x_wconf 88' lang='lat' dir='ltr'><strong>sine</strong></span> <span class='ocrx_word' id='word_1_72' title='bbox 2005 891 2088 938; x_wconf 88' lang='lat' dir='ltr'><strong>eru·</strong></span> 
     </span>
     <span class='ocr_line' id='line_1_7' title="bbox 59 966 2088 1063; baseline 0.001 -25"><span class='ocrx_word' id='word_1_73' title='bbox 59 968 226 1038; x_wconf 87' lang='lat' dir='ltr'><strong>sententiis</strong></span> <span class='ocrx_word' id='word_1_74' title='bbox 249 971 394 1060; x_wconf 85' lang='lat' dir='ltr'><strong>praebet</strong></span> <span class='ocrx_word' id='word_1_75' title='bbox 418 971 618 1061; x_wconf 86' lang='lat' dir='ltr'><strong>puniendos</strong></span> <span class='ocrx_word' id='word_1_76' title='bbox 648 973 850 1063; x_wconf 89' lang='lat' dir='ltr'><strong>improbos,</strong></span> <span class='ocrx_word' id='word_1_77' title='bbox 884 971 940 1040; x_wconf 88' lang='lat' dir='ltr'><strong>vel</strong></span> <span class='ocrx_word' id='word_1_78' title='bbox 963 971 1038 1063; x_wconf 90' lang='lat' dir='ltr'><strong>ipse</strong></span> <span class='ocrx_word' id='word_1_79' title='bbox 1087 967 1244 1053; x_wconf 84' lang='lat' dir='ltr'><strong>ditione,</strong></span> <span class='ocrx_word' id='word_1_80' title='bbox 1269 967 1450 1052; x_wconf 87' lang='lat' dir='ltr'><strong>doctrina,</strong></span> <span class='ocrx_word' id='word_1_81' title='bbox 1479 991 1553 1036; x_wconf 93' lang='lat' dir='ltr'><strong>non</strong></span> <span class='ocrx_word' id='word_1_82' title='bbox 1579 981 1740 1060; x_wconf 90' lang='lat' dir='ltr'><strong>possunt.</strong></span> <span class='ocrx_word' id='word_1_83' title='bbox 1794 966 1896 1058; x_wconf 86' lang='lat' dir='ltr'><strong>Quae</strong></span> <span class='ocrx_word' id='word_1_84' title='bbox 1918 969 2088 1041; x_wconf 79' lang='lat' dir='ltr'><strong>tenebrae</strong></span> 
     </span>
     <span class='ocr_line' id='line_1_8' title="bbox 59 1065 2089 1165; baseline 0.001 -24"><span class='ocrx_word' id='word_1_85' title='bbox 59 1070 126 1141; x_wconf 86' lang='lat' dir='ltr'><strong>aliis</strong></span> <span class='ocrx_word' id='word_1_86' title='bbox 146 1065 335 1142; x_wconf 87' lang='lat' dir='ltr'><strong>horrendis</strong></span> <span class='ocrx_word' id='word_1_87' title='bbox 356 1073 483 1165; x_wconf 87' lang='lat' dir='ltr'><strong>poenis</strong></span> <span class='ocrx_word' id='word_1_88' title='bbox 500 1095 559 1156; x_wconf 81' lang='lat' dir='ltr'><strong>eos</strong></span> <span class='ocrx_word' id='word_1_89' title='bbox 577 1077 765 1148; x_wconf 87' lang='lat' dir='ltr'><strong>excruciat.</strong></span> <span class='ocrx_word' id='word_1_90' title='bbox 818 1072 899 1143; x_wconf 88' lang='lat' dir='ltr'><strong>Non</strong></span> <span class='ocrx_word' id='word_1_91' title='bbox 918 1071 1038 1164; x_wconf 89' lang='lat' dir='ltr'><strong>Magi·</strong></span> <span class='ocrx_word' id='word_1_92' title='bbox 1088 1083 1205 1140; x_wconf 78' lang='lat' dir='ltr'><strong>essent</strong></span> <span class='ocrx_word' id='word_1_93' title='bbox 1231 1069 1465 1155; x_wconf 88' lang='lat' dir='ltr'><strong>iudiciorum,</strong></span> <span class='ocrx_word' id='word_1_94' title='bbox 1492 1093 1582 1163; x_wconf 90' lang='lat' dir='ltr'><strong>quae</strong></span> <span class='ocrx_word' id='word_1_95' title='bbox 1610 1069 1792 1151; x_wconf 86' lang='lat' dir='ltr'><strong>conlusio,</strong></span> <span class='ocrx_word' id='word_1_96' title='bbox 1819 1072 1946 1140; x_wconf 88' lang='lat' dir='ltr'><strong>sinon</strong></span> <span class='ocrx_word' id='word_1_97' title='bbox 1971 1086 2089 1144; x_wconf 86' lang='lat' dir='ltr'><strong>essent</strong></span> 
     </span>
     <span class='ocr_line' id='line_1_9' title="bbox 58 1167 2087 1269; baseline 0.001 -28"><span class='ocrx_word' id='word_1_98' title='bbox 58 1185 170 1242; x_wconf 87' lang='lat' dir='ltr'><strong>stratus</strong></span> <span class='ocrx_word' id='word_1_99' title='bbox 186 1167 374 1244; x_wconf 82' lang='lat' dir='ltr'><strong>cohercere</strong></span> <span class='ocrx_word' id='word_1_100' title='bbox 388 1171 557 1246; x_wconf 90' lang='lat' dir='ltr'><strong>Clodium</strong></span> <span class='ocrx_word' id='word_1_101' title='bbox 572 1189 757 1269; x_wconf 87' lang='lat' dir='ltr'><strong>poterant,</strong></span> <span class='ocrx_word' id='word_1_102' title='bbox 782 1175 876 1246; x_wconf 89' lang='lat' dir='ltr'><strong>Milo</strong></span> <span class='ocrx_word' id='word_1_103' title='bbox 893 1177 1036 1246; x_wconf 92' lang='lat' dir='ltr'><strong>tandem</strong></span> <span class='ocrx_word' id='word_1_104' title='bbox 1087 1185 1162 1242; x_wconf 88' lang='lat' dir='ltr'><strong>arte</strong></span> <span class='ocrx_word' id='word_1_105' title='bbox 1186 1172 1316 1243; x_wconf 88' lang='lat' dir='ltr'><strong>tradita</strong></span> <span class='ocrx_word' id='word_1_106' title='bbox 1339 1171 1546 1242; x_wconf 89' lang='lat' dir='ltr'><strong>discrimina</strong></span> <span class='ocrx_word' id='word_1_107' title='bbox 1567 1173 1776 1244; x_wconf 84' lang='lat' dir='ltr'><strong>actionum?</strong></span> <span class='ocrx_word' id='word_1_108' title='bbox 1814 1172 1903 1262; x_wconf 86' lang='lat' dir='ltr'><strong>Quis</strong></span> <span class='ocrx_word' id='word_1_109' title='bbox 1926 1173 2003 1244; x_wconf 91' lang='lat' dir='ltr'><strong>sine</strong></span> <span class='ocrx_word' id='word_1_110' title='bbox 2020 1176 2087 1244; x_wconf 91' lang='lat' dir='ltr'><strong>do-</strong></span> 
     </span>
     <span class='ocr_line' id='line_1_10' title="bbox 58 1270 2087 1371; baseline 0.001 -27"><span class='ocrx_word' id='word_1_111' title='bbox 58 1270 241 1344; x_wconf 82' lang='lat' dir='ltr'><strong>cohercuit:</strong></span> <span class='ocrx_word' id='word_1_112' title='bbox 275 1299 350 1345; x_wconf 91' lang='lat' dir='ltr'><strong>non</strong></span> <span class='ocrx_word' id='word_1_113' title='bbox 365 1272 568 1350; x_wconf 85' lang='lat' dir='ltr'><strong>Antonium</strong></span> <span class='ocrx_word' id='word_1_114' title='bbox 584 1281 688 1371; x_wconf 88' lang='lat' dir='ltr'><strong>leges,</strong></span> <span class='ocrx_word' id='word_1_115' title='bbox 714 1303 788 1348; x_wconf 93' lang='lat' dir='ltr'><strong>non</strong></span> <span class='ocrx_word' id='word_1_116' title='bbox 803 1279 955 1350; x_wconf 90' lang='lat' dir='ltr'><strong>Senatus</strong></span> <span class='ocrx_word' id='word_1_117' title='bbox 973 1301 1039 1348; x_wconf 93' lang='lat' dir='ltr'><strong>au·</strong></span> <span class='ocrx_word' id='word_1_118' title='bbox 1088 1274 1201 1344; x_wconf 80' lang='lat' dir='ltr'><strong>ctrina</strong></span> <span class='ocrx_word' id='word_1_119' title='bbox 1218 1275 1371 1360; x_wconf 87' lang='lat' dir='ltr'><strong>videret,</strong></span> <span class='ocrx_word' id='word_1_120' title='bbox 1398 1299 1461 1344; x_wconf 89' lang='lat' dir='ltr'><strong>cur</strong></span> <span class='ocrx_word' id='word_1_121' title='bbox 1481 1299 1500 1344; x_wconf 91' lang='lat' dir='ltr'><strong>a</strong></span> <span class='ocrx_word' id='word_1_122' title='bbox 1520 1275 1573 1344; x_wconf 87' lang='lat' dir='ltr'><strong>rei</strong></span> <span class='ocrx_word' id='word_1_123' title='bbox 1588 1275 1828 1345; x_wconf 79' lang='lat' dir='ltr'><strong>vindicatione</strong></span> <span class='ocrx_word' id='word_1_124' title='bbox 1855 1275 2087 1366; x_wconf 87' lang='lat' dir='ltr'><strong>publicanum</strong></span> 
     </span>
     <span class='ocr_line' id='line_1_11' title="bbox 57 1371 2087 1472; baseline 0.001 -25"><span class='ocrx_word' id='word_1_125' title='bbox 57 1378 182 1457; x_wconf 87' lang='lat' dir='ltr'><strong>toritas,</strong></span> <span class='ocrx_word' id='word_1_126' title='bbox 217 1399 293 1446; x_wconf 92' lang='lat' dir='ltr'><strong>non</strong></span> <span class='ocrx_word' id='word_1_127' title='bbox 316 1379 458 1448; x_wconf 82' lang='lat' dir='ltr'><strong>foedera</strong></span> <span class='ocrx_word' id='word_1_128' title='bbox 489 1381 708 1452; x_wconf 87' lang='lat' dir='ltr'><strong>sanctissima</strong></span> <span class='ocrx_word' id='word_1_129' title='bbox 734 1381 888 1453; x_wconf 87' lang='lat' dir='ltr'><strong>retinere</strong></span> <span class='ocrx_word' id='word_1_130' title='bbox 911 1393 1038 1472; x_wconf 88' lang='lat' dir='ltr'><strong>potue·</strong></span> <span class='ocrx_word' id='word_1_131' title='bbox 1087 1376 1259 1467; x_wconf 85' lang='lat' dir='ltr'><strong>distingui</strong></span> <span class='ocrx_word' id='word_1_132' title='bbox 1279 1377 1464 1469; x_wconf 76' lang='lat' dir='ltr'><strong>oporteat?</strong></span> <span class='ocrx_word' id='word_1_133' title='bbox 1498 1371 1615 1447; x_wconf 91' lang='lat' dir='ltr'><strong>ethoc</strong></span> <span class='ocrx_word' id='word_1_134' title='bbox 1632 1399 1742 1467; x_wconf 87' lang='lat' dir='ltr'><strong>genus</strong></span> <span class='ocrx_word' id='word_1_135' title='bbox 1758 1377 1826 1446; x_wconf 90' lang='lat' dir='ltr'><strong>alia</strong></span> <span class='ocrx_word' id='word_1_136' title='bbox 1842 1377 1979 1448; x_wconf 87' lang='lat' dir='ltr'><strong>multa?</strong></span> <span class='ocrx_word' id='word_1_137' title='bbox 2011 1375 2087 1450; x_wconf 87' lang='lat' dir='ltr'><strong>Res</strong></span> 
     </span>
     <span class='ocr_line' id='line_1_12' title="bbox 57 1479 2087 1577; baseline 0.001 -29"><span class='ocrx_word' id='word_1_138' title='bbox 57 1492 145 1563; x_wconf 91' lang='lat' dir='ltr'><strong>runt,</strong></span> <span class='ocrx_word' id='word_1_139' title='bbox 166 1502 238 1573; x_wconf 89' lang='lat' dir='ltr'><strong>quo</strong></span> <span class='ocrx_word' id='word_1_140' title='bbox 254 1479 374 1550; x_wconf 88' lang='lat' dir='ltr'><strong>minus</strong></span> <span class='ocrx_word' id='word_1_141' title='bbox 390 1482 483 1550; x_wconf 89' lang='lat' dir='ltr'><strong>bella</strong></span> <span class='ocrx_word' id='word_1_142' title='bbox 499 1483 618 1552; x_wconf 89' lang='lat' dir='ltr'><strong>civilia</strong></span> <span class='ocrx_word' id='word_1_143' title='bbox 637 1489 807 1558; x_wconf 83' lang='lat' dir='ltr'><strong>moveret.</strong></span> <span class='ocrx_word' id='word_1_144' title='bbox 843 1481 966 1576; x_wconf 90' lang='lat' dir='ltr'><strong>ltaque</strong></span> <span class='ocrx_word' id='word_1_145' title='bbox 982 1497 1037 1577; x_wconf 87' lang='lat' dir='ltr'><strong>ty·</strong></span> <span class='ocrx_word' id='word_1_146' title='bbox 1088 1479 1198 1568; x_wconf 88' lang='lat' dir='ltr'><strong>igitur</strong></span> <span class='ocrx_word' id='word_1_147' title='bbox 1213 1481 1306 1569; x_wconf 81' lang='lat' dir='ltr'><strong>cogit</strong></span> <span class='ocrx_word' id='word_1_148' title='bbox 1322 1480 1444 1564; x_wconf 89' lang='lat' dir='ltr'><strong>fateri,</strong></span> <span class='ocrx_word' id='word_1_149' title='bbox 1469 1481 1703 1549; x_wconf 88' lang='lat' dir='ltr'><strong>necessariam</strong></span> <span class='ocrx_word' id='word_1_150' title='bbox 1729 1499 1804 1560; x_wconf 83' lang='lat' dir='ltr'><strong>esse</strong></span> <span class='ocrx_word' id='word_1_151' title='bbox 1819 1493 1931 1550; x_wconf 87' lang='lat' dir='ltr'><strong>artem</strong></span> <span class='ocrx_word' id='word_1_152' title='bbox 1955 1493 1988 1551; x_wconf 92' lang='lat' dir='ltr'><strong>et</strong></span> <span class='ocrx_word' id='word_1_153' title='bbox 2004 1503 2087 1550; x_wconf 84' lang='lat' dir='ltr'><strong>eru·</strong></span> 
     </span>
     <span class='ocr_line' id='line_1_13' title="bbox 57 1581 2087 1676; baseline 0 -25"><span class='ocrx_word' id='word_1_154' title='bbox 57 1604 176 1651; x_wconf 88' lang='lat' dir='ltr'><strong>rannus</strong></span> <span class='ocrx_word' id='word_1_155' title='bbox 192 1584 337 1651; x_wconf 90' lang='lat' dir='ltr'><strong>tandem</strong></span> <span class='ocrx_word' id='word_1_156' title='bbox 354 1605 428 1651; x_wconf 91' lang='lat' dir='ltr'><strong>non</strong></span> <span class='ocrx_word' id='word_1_157' title='bbox 449 1583 634 1676; x_wconf 87' lang='lat' dir='ltr'><strong>impetrata</strong></span> <span class='ocrx_word' id='word_1_158' title='bbox 650 1585 721 1654; x_wconf 86' lang='lat' dir='ltr'><strong>vita</strong></span> <span class='ocrx_word' id='word_1_159' title='bbox 743 1608 763 1655; x_wconf 93' lang='lat' dir='ltr'><strong>a</strong></span> <span class='ocrx_word' id='word_1_160' title='bbox 778 1586 930 1666; x_wconf 88' lang='lat' dir='ltr'><strong>victore,</strong></span> <span class='ocrx_word' id='word_1_161' title='bbox 956 1609 1037 1654; x_wconf 90' lang='lat' dir='ltr'><strong>cnm</strong></span> <span class='ocrx_word' id='word_1_162' title='bbox 1089 1581 1256 1650; x_wconf 89' lang='lat' dir='ltr'><strong>ditiorem</strong></span> <span class='ocrx_word' id='word_1_163' title='bbox 1270 1582 1480 1667; x_wconf 83' lang='lat' dir='ltr'><strong>doctrinam,</strong></span> <span class='ocrx_word' id='word_1_164' title='bbox 1507 1584 1551 1652; x_wconf 91' lang='lat' dir='ltr'><strong>ad</strong></span> <span class='ocrx_word' id='word_1_165' title='bbox 1567 1582 1795 1653; x_wconf 89' lang='lat' dir='ltr'><strong>diiudicanda</strong></span> <span class='ocrx_word' id='word_1_166' title='bbox 1810 1582 1901 1653; x_wconf 88' lang='lat' dir='ltr'><strong>iusta</strong></span> <span class='ocrx_word' id='word_1_167' title='bbox 1917 1597 1951 1654; x_wconf 90' lang='lat' dir='ltr'><strong>et</strong></span> <span class='ocrx_word' id='word_1_168' title='bbox 1963 1605 2087 1676; x_wconf 85' lang='lat' dir='ltr'><strong>aequa,</strong></span> 
     </span>
     <span class='ocr_line' id='line_1_14' title="bbox 58 1679 2087 1780; baseline 0.001 -28"><span class='ocrx_word' id='word_1_169' title='bbox 58 1684 151 1752; x_wconf 87' lang='lat' dir='ltr'><strong>miser</strong></span> <span class='ocrx_word' id='word_1_170' title='bbox 176 1682 325 1756; x_wconf 88' lang='lat' dir='ltr'><strong>vidisset</strong></span> <span class='ocrx_word' id='word_1_171' title='bbox 353 1685 510 1774; x_wconf 89' lang='lat' dir='ltr'><strong>reginam</strong></span> <span class='ocrx_word' id='word_1_172' title='bbox 536 1683 758 1780; x_wconf 79' lang='lat' dir='ltr'><strong>Cleopatram</strong></span> <span class='ocrx_word' id='word_1_173' title='bbox 790 1687 860 1757; x_wconf 90' lang='lat' dir='ltr'><strong>sibi</strong></span> <span class='ocrx_word' id='word_1_174' title='bbox 887 1699 1036 1756; x_wconf 90' lang='lat' dir='ltr'><strong>mortem</strong></span> <span class='ocrx_word' id='word_1_175' title='bbox 1087 1705 1235 1776; x_wconf 91' lang='lat' dir='ltr'><strong>eamque</strong></span> <span class='ocrx_word' id='word_1_176' title='bbox 1258 1684 1483 1776; x_wconf 86' lang='lat' dir='ltr'><strong>praecipuam</strong></span> <span class='ocrx_word' id='word_1_177' title='bbox 1507 1705 1581 1754; x_wconf 88' lang='lat' dir='ltr'><strong>esse</strong></span> <span class='ocrx_word' id='word_1_178' title='bbox 1605 1697 1741 1777; x_wconf 89' lang='lat' dir='ltr'><strong>partem</strong></span> <span class='ocrx_word' id='word_1_179' title='bbox 1758 1683 1904 1754; x_wconf 90' lang='lat' dir='ltr'><strong>moralis</strong></span> <span class='ocrx_word' id='word_1_180' title='bbox 1919 1679 2087 1755; x_wconf 86' lang='lat' dir='ltr'><strong>Philoso-</strong></span> 
     </span>
     <span class='ocr_line' id='line_1_15' title="bbox 59 1779 2085 1881; baseline 0.002 -27"><span class='ocrx_word' id='word_1_181' title='bbox 59 1784 333 1871; x_wconf 89' lang='lat' dir='ltr'><strong>consciscentem,</strong></span> <span class='ocrx_word' id='word_1_182' title='bbox 352 1786 489 1876; x_wconf 79' lang='lat' dir='ltr'><strong>ingenti</strong></span> <span class='ocrx_word' id='word_1_183' title='bbox 508 1789 632 1859; x_wconf 91' lang='lat' dir='ltr'><strong>dolore</strong></span> <span class='ocrx_word' id='word_1_184' title='bbox 654 1801 690 1860; x_wconf 90' lang='lat' dir='ltr'><strong>et</strong></span> <span class='ocrx_word' id='word_1_185' title='bbox 707 1787 782 1880; x_wconf 84' lang='lat' dir='ltr'><strong>ipse</strong></span> <span class='ocrx_word' id='word_1_186' title='bbox 800 1808 874 1859; x_wconf 88' lang='lat' dir='ltr'><strong>sese</strong></span> <span class='ocrx_word' id='word_1_187' title='bbox 889 1789 1036 1878; x_wconf 89' lang='lat' dir='ltr'><strong>iugulat.</strong></span> <span class='ocrx_word' id='word_1_188' title='bbox 1087 1779 1201 1877; x_wconf 89' lang='lat' dir='ltr'><strong>phiae.</strong></span> <span class='ocrx_word' id='word_1_189' title='bbox 1252 1781 1355 1856; x_wconf 90' lang='lat' dir='ltr'><strong>Nihil</strong></span> <span class='ocrx_word' id='word_1_190' title='bbox 1381 1799 1434 1857; x_wconf 89' lang='lat' dir='ltr'><strong>est</strong></span> <span class='ocrx_word' id='word_1_191' title='bbox 1454 1786 1638 1878; x_wconf 78' lang='lat' dir='ltr'><strong>indignius</strong></span> <span class='ocrx_word' id='word_1_192' title='bbox 1660 1781 1808 1856; x_wconf 89' lang='lat' dir='ltr'><strong>homine</strong></span> <span class='ocrx_word' id='word_1_193' title='bbox 1826 1787 1949 1872; x_wconf 90' lang='lat' dir='ltr'><strong>docto,</strong></span> <span class='ocrx_word' id='word_1_194' title='bbox 1974 1809 2085 1881; x_wconf 90' lang='lat' dir='ltr'><strong>quarn</strong></span> 
     </span>
     <span class='ocr_line' id='line_1_16' title="bbox 58 1880 2083 1981; baseline 0.001 -25"><span class='ocrx_word' id='word_1_195' title='bbox 58 1885 127 1956; x_wconf 87' lang='lat' dir='ltr'><strong>Non</strong></span> <span class='ocrx_word' id='word_1_196' title='bbox 148 1881 234 1957; x_wconf 90' lang='lat' dir='ltr'><strong>haec</strong></span> <span class='ocrx_word' id='word_1_197' title='bbox 258 1909 341 1958; x_wconf 86' lang='lat' dir='ltr'><strong>caso</strong></span> <span class='ocrx_word' id='word_1_198' title='bbox 364 1889 460 1969; x_wconf 89' lang='lat' dir='ltr'><strong>lieri,</strong></span> <span class='ocrx_word' id='word_1_199' title='bbox 488 1886 760 1975; x_wconf 85' lang='lat' dir='ltr'><strong>Adolescentes,</strong></span> <span class='ocrx_word' id='word_1_200' title='bbox 785 1891 1037 1976; x_wconf 86' lang='lat' dir='ltr'><strong>existimemus,</strong></span> <span class='ocrx_word' id='word_1_201' title='bbox 1086 1880 1271 1959; x_wconf 87' lang='lat' dir='ltr'><strong>artis&#39;suae</strong></span> <span class='ocrx_word' id='word_1_202' title='bbox 1286 1889 1428 1958; x_wconf 91' lang='lat' dir='ltr'><strong>laudem</strong></span> <span class='ocrx_word' id='word_1_203' title='bbox 1445 1911 1574 1978; x_wconf 85' lang='lat' dir='ltr'><strong>augere</strong></span> <span class='ocrx_word' id='word_1_204' title='bbox 1588 1889 1739 1960; x_wconf 88' lang='lat' dir='ltr'><strong>aliarum</strong></span> <span class='ocrx_word' id='word_1_205' title='bbox 1755 1888 1885 1960; x_wconf 86' lang='lat' dir='ltr'><strong>artium</strong></span> <span class='ocrx_word' id='word_1_206' title='bbox 1901 1887 2083 1981; x_wconf 85' lang='lat' dir='ltr'><strong>vitupera-</strong></span> 
     </span>
     <span class='ocr_line' id='line_1_17' title="bbox 58 1988 2084 2087; baseline 0.001 -29"><span class='ocrx_word' id='word_1_207' title='bbox 58 1990 108 2058; x_wconf 88' lang='lat' dir='ltr'><strong>sed</strong></span> <span class='ocrx_word' id='word_1_208' title='bbox 126 1989 352 2060; x_wconf 85' lang='lat' dir='ltr'><strong>ordinatione</strong></span> <span class='ocrx_word' id='word_1_209' title='bbox 374 1989 460 2076; x_wconf 90' lang='lat' dir='ltr'><strong>Dei,</strong></span> <span class='ocrx_word' id='word_1_210' title='bbox 493 1993 556 2087; x_wconf 91' lang='lat' dir='ltr'><strong>qni</strong></span> <span class='ocrx_word' id='word_1_211' title='bbox 577 1992 628 2062; x_wconf 90' lang='lat' dir='ltr'><strong>sic</strong></span> <span class='ocrx_word' id='word_1_212' title='bbox 641 1992 825 2064; x_wconf 88' lang='lat' dir='ltr'><strong>ulciscitur</strong></span> <span class='ocrx_word' id='word_1_213' title='bbox 849 1989 1034 2064; x_wconf 86' lang='lat' dir='ltr'><strong>hominum</strong></span> <span class='ocrx_word' id='word_1_214' title='bbox 1086 1989 1202 2077; x_wconf 90' lang='lat' dir='ltr'><strong>tione;</strong></span> <span class='ocrx_word' id='word_1_215' title='bbox 1237 2003 1322 2060; x_wconf 91' lang='lat' dir='ltr'><strong>sunt</strong></span> <span class='ocrx_word' id='word_1_216' title='bbox 1355 1988 1449 2062; x_wconf 89' lang='lat' dir='ltr'><strong>enim</strong></span> <span class='ocrx_word' id='word_1_217' title='bbox 1483 2015 1607 2062; x_wconf 90' lang='lat' dir='ltr'><strong>omnes</strong></span> <span class='ocrx_word' id='word_1_218' title='bbox 1641 1991 1847 2062; x_wconf 82' lang='lat' dir='ltr'><strong>excellentia</strong></span> <span class='ocrx_word' id='word_1_219' title='bbox 1868 1989 1943 2062; x_wconf 79' lang='lat' dir='ltr'><strong>,Dei</strong></span> <span class='ocrx_word' id='word_1_220' title='bbox 1969 1994 2084 2077; x_wconf 89' lang='lat' dir='ltr'><strong>dona,</strong></span> 
     </span>
     <span class='ocr_line' id='line_1_18' title="bbox 59 2089 2082 2185; baseline 0.002 -25"><span class='ocrx_word' id='word_1_221' title='bbox 59 2089 217 2172; x_wconf 78' lang='lat' dir='ltr'><strong>intorem,</strong></span> <span class='ocrx_word' id='word_1_222' title='bbox 252 2092 315 2184; x_wconf 91' lang='lat' dir='ltr'><strong>qui</strong></span> <span class='ocrx_word' id='word_1_223' title='bbox 347 2092 442 2182; x_wconf 86' lang='lat' dir='ltr'><strong>leges</strong></span> <span class='ocrx_word' id='word_1_224' title='bbox 469 2107 721 2180; x_wconf 89' lang='lat' dir='ltr'><strong>contemnunt,</strong></span> <span class='ocrx_word' id='word_1_225' title='bbox 748 2108 783 2165; x_wconf 92' lang='lat' dir='ltr'><strong>et</strong></span> <span class='ocrx_word' id='word_1_226' title='bbox 812 2091 1036 2166; x_wconf 85' lang='lat' dir='ltr'><strong>harmoniam</strong></span> <span class='ocrx_word' id='word_1_227' title='bbox 1087 2115 1196 2185; x_wconf 89' lang='lat' dir='ltr'><strong>quare</strong></span> <span class='ocrx_word' id='word_1_228' title='bbox 1230 2115 1354 2162; x_wconf 89' lang='lat' dir='ltr'><strong>omnes</strong></span> <span class='ocrx_word' id='word_1_229' title='bbox 1376 2093 1539 2164; x_wconf 87' lang='lat' dir='ltr'><strong>venerari</strong></span> <span class='ocrx_word' id='word_1_230' title='bbox 1572 2093 1610 2166; x_wconf 88' lang='lat' dir='ltr'><strong>et</strong></span> <span class='ocrx_word' id='word_1_231' title='bbox 1633 2117 1751 2163; x_wconf 87' lang='lat' dir='ltr'><strong>amare</strong></span> <span class='ocrx_word' id='word_1_232' title='bbox 1776 2095 1957 2168; x_wconf 89' lang='lat' dir='ltr'><strong>debemus.</strong></span> <span class='ocrx_word' id='word_1_233' title='bbox 2008 2091 2082 2165; x_wconf 91' lang='lat' dir='ltr'><strong>Sed</strong></span> 
     </span>
     <span class='ocr_line' id='line_1_19' title="bbox 59 2188 2082 2288; baseline 0.001 -26"><span class='ocrx_word' id='word_1_234' title='bbox 59 2193 216 2266; x_wconf 80' lang='lat' dir='ltr'><strong>societatis</strong></span> <span class='ocrx_word' id='word_1_235' title='bbox 242 2188 422 2264; x_wconf 90' lang='lat' dir='ltr'><strong>humanae</strong></span> <span class='ocrx_word' id='word_1_236' title='bbox 442 2197 488 2266; x_wconf 94' lang='lat' dir='ltr'><strong>ab</strong></span> <span class='ocrx_word' id='word_1_237' title='bbox 503 2197 579 2288; x_wconf 90' lang='lat' dir='ltr'><strong>ipso</strong></span> <span class='ocrx_word' id='word_1_238' title='bbox 595 2197 793 2269; x_wconf 91' lang='lat' dir='ltr'><strong>institutam</strong></span> <span class='ocrx_word' id='word_1_239' title='bbox 810 2198 1036 2269; x_wconf 88' lang='lat' dir='ltr'><strong>conturbant.</strong></span> <span class='ocrx_word' id='word_1_240' title='bbox 1088 2193 1239 2265; x_wconf 85' lang='lat' dir='ltr'><strong>comsit</strong></span> <span class='ocrx_word' id='word_1_241' title='bbox 1255 2195 1466 2270; x_wconf 85' lang='lat' dir='ltr'><strong>admirabile</strong></span> <span class='ocrx_word' id='word_1_242' title='bbox 1485 2219 1575 2288; x_wconf 90' lang='lat' dir='ltr'><strong>opus</strong></span> <span class='ocrx_word' id='word_1_243' title='bbox 1590 2193 1657 2266; x_wconf 91' lang='lat' dir='ltr'><strong>Dei</strong></span> <span class='ocrx_word' id='word_1_244' title='bbox 1673 2196 1713 2266; x_wconf 92' lang='lat' dir='ltr'><strong>in</strong></span> <span class='ocrx_word' id='word_1_245' title='bbox 1733 2196 1862 2266; x_wconf 90' lang='lat' dir='ltr'><strong>animis</strong></span> <span class='ocrx_word' id='word_1_246' title='bbox 1879 2190 2082 2278; x_wconf 87' lang='lat' dir='ltr'><strong>bominum,</strong></span> 
     </span>
     <span class='ocr_line' id='line_1_20' title="bbox 61 2291 2082 2392; baseline 0.002 -28"><span class='ocrx_word' id='word_1_247' title='bbox 61 2291 166 2384; x_wconf 85' lang='lat' dir='ltr'><strong>Quare</strong></span> <span class='ocrx_word' id='word_1_248' title='bbox 179 2319 257 2366; x_wconf 91' lang='lat' dir='ltr'><strong>non</strong></span> <span class='ocrx_word' id='word_1_249' title='bbox 271 2309 411 2366; x_wconf 88' lang='lat' dir='ltr'><strong>tantum</strong></span> <span class='ocrx_word' id='word_1_250' title='bbox 427 2321 469 2368; x_wconf 82' lang='lat' dir='ltr'><strong>es</strong></span> <span class='ocrx_word' id='word_1_251' title='bbox 485 2293 644 2370; x_wconf 89' lang='lat' dir='ltr'><strong>historiis</strong></span> <span class='ocrx_word' id='word_1_252' title='bbox 659 2299 818 2392; x_wconf 90' lang='lat' dir='ltr'><strong>exempla</strong></span> <span class='ocrx_word' id='word_1_253' title='bbox 834 2300 1034 2392; x_wconf 85' lang='lat' dir='ltr'><strong>quaerenda</strong></span> <span class='ocrx_word' id='word_1_254' title='bbox 1086 2317 1190 2366; x_wconf 87' lang='lat' dir='ltr'><strong>nosse</strong></span> <span class='ocrx_word' id='word_1_255' title='bbox 1208 2319 1377 2369; x_wconf 87' lang='lat' dir='ltr'><strong>numeros</strong></span> <span class='ocrx_word' id='word_1_256' title='bbox 1399 2311 1434 2368; x_wconf 91' lang='lat' dir='ltr'><strong>et</strong></span> <span class='ocrx_word' id='word_1_257' title='bbox 1455 2299 1637 2384; x_wconf 86' lang='lat' dir='ltr'><strong>ordinem,</strong></span> <span class='ocrx_word' id='word_1_258' title='bbox 1661 2299 1758 2368; x_wconf 90' lang='lat' dir='ltr'><strong>unde</strong></span> <span class='ocrx_word' id='word_1_259' title='bbox 1774 2297 1929 2368; x_wconf 89' lang='lat' dir='ltr'><strong>existunt</strong></span> <span class='ocrx_word' id='word_1_260' title='bbox 1948 2297 2082 2370; x_wconf 89' lang='lat' dir='ltr'><strong>multae</strong></span> 
     </span>
     <span class='ocr_line' id='line_1_21' title="bbox 60 2395 2085 2494; baseline 0.001 -26"><span class='ocrx_word' id='word_1_261' title='bbox 60 2411 147 2482; x_wconf 85' lang='lat' dir='ltr'><strong>sunt,</strong></span> <span class='ocrx_word' id='word_1_262' title='bbox 191 2399 257 2468; x_wconf 89' lang='lat' dir='ltr'><strong>sed</strong></span> <span class='ocrx_word' id='word_1_263' title='bbox 291 2421 459 2490; x_wconf 89' lang='lat' dir='ltr'><strong>praesens</strong></span> <span class='ocrx_word' id='word_1_264' title='bbox 493 2401 567 2472; x_wconf 87' lang='lat' dir='ltr'><strong>vita</strong></span> <span class='ocrx_word' id='word_1_265' title='bbox 600 2401 802 2494; x_wconf 89' lang='lat' dir='ltr'><strong>suppeditat</strong></span> <span class='ocrx_word' id='word_1_266' title='bbox 835 2402 1035 2473; x_wconf 87' lang='lat' dir='ltr'><strong>innumera.</strong></span> <span class='ocrx_word' id='word_1_267' title='bbox 1087 2411 1198 2484; x_wconf 89' lang='lat' dir='ltr'><strong>artes,</strong></span> <span class='ocrx_word' id='word_1_268' title='bbox 1229 2395 1464 2470; x_wconf 88' lang='lat' dir='ltr'><strong>Aritbmetica</strong></span> <span class='ocrx_word' id='word_1_269' title='bbox 1489 2414 1526 2471; x_wconf 90' lang='lat' dir='ltr'><strong>et</strong></span> <span class='ocrx_word' id='word_1_270' title='bbox 1548 2398 1760 2485; x_wconf 89' lang='lat' dir='ltr'><strong>Dialectica,</strong></span> <span class='ocrx_word' id='word_1_271' title='bbox 1792 2423 1857 2470; x_wconf 89' lang='lat' dir='ltr'><strong>cnr</strong></span> <span class='ocrx_word' id='word_1_272' title='bbox 1879 2423 1956 2470; x_wconf 93' lang='lat' dir='ltr'><strong>non</strong></span> <span class='ocrx_word' id='word_1_273' title='bbox 1977 2400 2085 2471; x_wconf 89' lang='lat' dir='ltr'><strong>etiam</strong></span> 
     </span>
     <span class='ocr_line' id='line_1_22' title="bbox 60 2496 2085 2598; baseline 0.003 -30"><span class='ocrx_word' id='word_1_274' title='bbox 60 2496 164 2587; x_wconf 83' lang='lat' dir='ltr'><strong>Quare</strong></span> <span class='ocrx_word' id='word_1_275' title='bbox 184 2501 303 2570; x_wconf 86' lang='lat' dir='ltr'><strong>vereri</strong></span> <span class='ocrx_word' id='word_1_276' title='bbox 325 2501 419 2590; x_wconf 86' lang='lat' dir='ltr'><strong>leges</strong></span> <span class='ocrx_word' id='word_1_277' title='bbox 441 2515 476 2574; x_wconf 91' lang='lat' dir='ltr'><strong>et</strong></span> <span class='ocrx_word' id='word_1_278' title='bbox 497 2527 615 2574; x_wconf 88' lang='lat' dir='ltr'><strong>amare</strong></span> <span class='ocrx_word' id='word_1_279' title='bbox 635 2504 796 2598; x_wconf 88' lang='lat' dir='ltr'><strong>tuerique</strong></span> <span class='ocrx_word' id='word_1_280' title='bbox 812 2504 1037 2595; x_wconf 92' lang='lat' dir='ltr'><strong>disciplinam</strong></span> <span class='ocrx_word' id='word_1_281' title='bbox 1086 2499 1306 2571; x_wconf 89' lang='lat' dir='ltr'><strong>admiramur</strong></span> <span class='ocrx_word' id='word_1_282' title='bbox 1321 2501 1401 2571; x_wconf 91' lang='lat' dir='ltr'><strong>illas</strong></span> <span class='ocrx_word' id='word_1_283' title='bbox 1416 2503 1585 2588; x_wconf 84' lang='lat' dir='ltr'><strong>noticias,</strong></span> <span class='ocrx_word' id='word_1_284' title='bbox 1612 2525 1702 2598; x_wconf 89' lang='lat' dir='ltr'><strong>quae</strong></span> <span class='ocrx_word' id='word_1_285' title='bbox 1717 2501 1925 2573; x_wconf 88' lang='lat' dir='ltr'><strong>discernunt</strong></span> <span class='ocrx_word' id='word_1_286' title='bbox 1940 2502 2031 2574; x_wconf 89' lang='lat' dir='ltr'><strong>iusta</strong></span> <span class='ocrx_word' id='word_1_287' title='bbox 2048 2515 2085 2574; x_wconf 91' lang='lat' dir='ltr'><strong>et</strong></span> 
     </span>
     <span class='ocr_line' id='line_1_23' title="bbox 60 2601 2084 2698; baseline 0.002 -28"><span class='ocrx_word' id='word_1_288' title='bbox 60 2601 237 2688; x_wconf 83' lang='lat' dir='ltr'><strong>diseamus,</strong></span> <span class='ocrx_word' id='word_1_289' title='bbox 273 2613 310 2672; x_wconf 87' lang='lat' dir='ltr'><strong>et</strong></span> <span class='ocrx_word' id='word_1_290' title='bbox 331 2604 483 2674; x_wconf 89' lang='lat' dir='ltr'><strong>sciamus</strong></span> <span class='ocrx_word' id='word_1_291' title='bbox 505 2629 565 2674; x_wconf 89' lang='lat' dir='ltr'><strong>eos</strong></span> <span class='ocrx_word' id='word_1_292' title='bbox 588 2604 651 2698; x_wconf 90' lang='lat' dir='ltr'><strong>qni</strong></span> <span class='ocrx_word' id='word_1_293' title='bbox 681 2629 754 2675; x_wconf 93' lang='lat' dir='ltr'><strong>non</strong></span> <span class='ocrx_word' id='word_1_294' title='bbox 780 2607 1037 2696; x_wconf 87' lang='lat' dir='ltr'><strong>obtemperant,</strong></span> <span class='ocrx_word' id='word_1_295' title='bbox 1086 2603 1240 2688; x_wconf 86' lang='lat' dir='ltr'><strong>iniusta,</strong></span> <span class='ocrx_word' id='word_1_296' title='bbox 1267 2627 1307 2672; x_wconf 90' lang='lat' dir='ltr'><strong>ac</strong></span> <span class='ocrx_word' id='word_1_297' title='bbox 1321 2605 1466 2696; x_wconf 91' lang='lat' dir='ltr'><strong>pariunt</strong></span> <span class='ocrx_word' id='word_1_298' title='bbox 1482 2604 1680 2676; x_wconf 88' lang='lat' dir='ltr'><strong>doctrinam</strong></span> <span class='ocrx_word' id='word_1_299' title='bbox 1693 2604 1808 2674; x_wconf 80' lang='lat' dir='ltr'><strong>iuris?</strong></span> <span class='ocrx_word' id='word_1_300' title='bbox 1838 2601 1917 2674; x_wconf 88' lang='lat' dir='ltr'><strong>Hae</strong></span> <span class='ocrx_word' id='word_1_301' title='bbox 1930 2605 2084 2676; x_wconf 87' lang='lat' dir='ltr'><strong>noticiae</strong></span> 
     </span>
     <span class='ocr_line' id='line_1_24' title="bbox 60 2701 2085 2799; baseline 0.002 -28"><span class='ocrx_word' id='word_1_302' title='bbox 60 2725 120 2772; x_wconf 91' lang='lat' dir='ltr'><strong>non</strong></span> <span class='ocrx_word' id='word_1_303' title='bbox 134 2716 273 2774; x_wconf 83' lang='lat' dir='ltr'><strong>tantmn</strong></span> <span class='ocrx_word' id='word_1_304' title='bbox 288 2727 368 2776; x_wconf 88' lang='lat' dir='ltr'><strong>com</strong></span> <span class='ocrx_word' id='word_1_305' title='bbox 384 2701 611 2793; x_wconf 88' lang='lat' dir='ltr'><strong>hominibus,</strong></span> <span class='ocrx_word' id='word_1_306' title='bbox 635 2710 696 2778; x_wconf 89' lang='lat' dir='ltr'><strong>sed</strong></span> <span class='ocrx_word' id='word_1_307' title='bbox 712 2731 793 2778; x_wconf 90' lang='lat' dir='ltr'><strong>cum</strong></span> <span class='ocrx_word' id='word_1_308' title='bbox 807 2708 884 2780; x_wconf 91' lang='lat' dir='ltr'><strong>Deo</strong></span> <span class='ocrx_word' id='word_1_309' title='bbox 902 2729 1037 2799; x_wconf 89' lang='lat' dir='ltr'><strong>pugna-</strong></span> <span class='ocrx_word' id='word_1_310' title='bbox 1087 2717 1170 2776; x_wconf 88' lang='lat' dir='ltr'><strong>snnt</strong></span> <span class='ocrx_word' id='word_1_311' title='bbox 1193 2707 1365 2799; x_wconf 87' lang='lat' dir='ltr'><strong>quaedam</strong></span> <span class='ocrx_word' id='word_1_312' title='bbox 1387 2708 1502 2798; x_wconf 89' lang='lat' dir='ltr'><strong>imago</strong></span> <span class='ocrx_word' id='word_1_313' title='bbox 1527 2705 1615 2792; x_wconf 92' lang='lat' dir='ltr'><strong>Dei,</strong></span> <span class='ocrx_word' id='word_1_314' title='bbox 1638 2721 1673 2778; x_wconf 90' lang='lat' dir='ltr'><strong>et</strong></span> <span class='ocrx_word' id='word_1_315' title='bbox 1689 2705 1800 2797; x_wconf 88' lang='lat' dir='ltr'><strong>magis</strong></span> <span class='ocrx_word' id='word_1_316' title='bbox 1818 2721 1946 2797; x_wconf 79' lang='lat' dir='ltr'><strong>regum</strong></span> <span class='ocrx_word' id='word_1_317' title='bbox 1961 2707 2085 2792; x_wconf 82' lang='lat' dir='ltr'><strong>vitam,</strong></span> 
     </span>
     <span class='ocr_line' id='line_1_25' title="bbox 60 2803 2085 2902; baseline 0.001 -27"><span class='ocrx_word' id='word_1_318' title='bbox 60 2827 105 2890; x_wconf 85' lang='lat' dir='ltr'><strong>rc,</strong></span> <span class='ocrx_word' id='word_1_319' title='bbox 127 2819 159 2876; x_wconf 88' lang='lat' dir='ltr'><strong>et</strong></span> <span class='ocrx_word' id='word_1_320' title='bbox 171 2819 380 2891; x_wconf 85' lang='lat' dir='ltr'><strong>concutere,</strong></span> <span class='ocrx_word' id='word_1_321' title='bbox 403 2810 505 2902; x_wconf 89' lang='lat' dir='ltr'><strong>quasi</strong></span> <span class='ocrx_word' id='word_1_322' title='bbox 524 2811 671 2881; x_wconf 71' lang='lat' dir='ltr'><strong>dorum</strong></span> <span class='ocrx_word' id='word_1_323' title='bbox 687 2809 860 2882; x_wconf 87' lang='lat' dir='ltr'><strong>divinitus</strong></span> <span class='ocrx_word' id='word_1_324' title='bbox 884 2811 1037 2880; x_wconf 80' lang='lat' dir='ltr'><strong>fabrica-</strong></span> <span class='ocrx_word' id='word_1_325' title='bbox 1087 2830 1194 2900; x_wconf 89' lang='lat' dir='ltr'><strong>quam</strong></span> <span class='ocrx_word' id='word_1_326' title='bbox 1212 2806 1302 2876; x_wconf 81' lang='lat' dir='ltr'><strong>aliae</strong></span> <span class='ocrx_word' id='word_1_327' title='bbox 1317 2809 1469 2878; x_wconf 86' lang='lat' dir='ltr'><strong>noticiae</strong></span> <span class='ocrx_word' id='word_1_328' title='bbox 1484 2833 1546 2880; x_wconf 91' lang='lat' dir='ltr'><strong>seu</strong></span> <span class='ocrx_word' id='word_1_329' title='bbox 1561 2810 1659 2880; x_wconf 89' lang='lat' dir='ltr'><strong>ideae</strong></span> <span class='ocrx_word' id='word_1_330' title='bbox 1675 2809 1818 2884; x_wconf 88' lang='lat' dir='ltr'><strong>artium.</strong></span> <span class='ocrx_word' id='word_1_331' title='bbox 1868 2805 1925 2878; x_wconf 88' lang='lat' dir='ltr'><strong>Ex</strong></span> <span class='ocrx_word' id='word_1_332' title='bbox 1938 2803 2005 2879; x_wconf 88' lang='lat' dir='ltr'><strong>bac</strong></span> <span class='ocrx_word' id='word_1_333' title='bbox 2018 2809 2085 2878; x_wconf 89' lang='lat' dir='ltr'><strong>ad-</strong></span> 
     </span>
     <span class='ocr_line' id='line_1_26' title="bbox 61 2903 2085 3006; baseline 0.003 -30"><span class='ocrx_word' id='word_1_334' title='bbox 61 2919 136 2992; x_wconf 74' lang='lat' dir='ltr'><strong>nm,</strong></span> <span class='ocrx_word' id='word_1_335' title='bbox 159 2903 254 2978; x_wconf 88' lang='lat' dir='ltr'><strong>hanc</strong></span> <span class='ocrx_word' id='word_1_336' title='bbox 275 2909 435 3000; x_wconf 88' lang='lat' dir='ltr'><strong>politiam</strong></span> <span class='ocrx_word' id='word_1_337' title='bbox 457 2935 525 3006; x_wconf 91' lang='lat' dir='ltr'><strong>qua</strong></span> <span class='ocrx_word' id='word_1_338' title='bbox 544 2911 780 2986; x_wconf 89' lang='lat' dir='ltr'><strong>continemur.</strong></span> <span class='ocrx_word' id='word_1_339' title='bbox 832 2912 903 2985; x_wconf 91' lang='lat' dir='ltr'><strong>Sed</strong></span> <span class='ocrx_word' id='word_1_340' title='bbox 922 2913 1035 2982; x_wconf 89' lang='lat' dir='ltr'><strong>dicam</strong></span> <span class='ocrx_word' id='word_1_341' title='bbox 1087 2909 1249 2979; x_wconf 92' lang='lat' dir='ltr'><strong>miranda</strong></span> <span class='ocrx_word' id='word_1_342' title='bbox 1274 2909 1353 2980; x_wconf 89' lang='lat' dir='ltr'><strong>loce</strong></span> <span class='ocrx_word' id='word_1_343' title='bbox 1376 2924 1411 2982; x_wconf 88' lang='lat' dir='ltr'><strong>ct</strong></span> <span class='ocrx_word' id='word_1_344' title='bbox 1431 2911 1499 2982; x_wconf 91' lang='lat' dir='ltr'><strong>Dei</strong></span> <span class='ocrx_word' id='word_1_345' title='bbox 1529 2909 1702 3002; x_wconf 88' lang='lat' dir='ltr'><strong>imagine,</strong></span> <span class='ocrx_word' id='word_1_346' title='bbox 1735 2925 1813 2982; x_wconf 92' lang='lat' dir='ltr'><strong>orta</strong></span> <span class='ocrx_word' id='word_1_347' title='bbox 1836 2907 1999 2981; x_wconf 88' lang='lat' dir='ltr'><strong>doctrina</strong></span> <span class='ocrx_word' id='word_1_348' title='bbox 2021 2907 2085 2982; x_wconf 90' lang='lat' dir='ltr'><strong>lu·</strong></span> 
     </span>
     <span class='ocr_line' id='line_1_27' title="bbox 60 3011 2084 3106; baseline 0.004 -30"><span class='ocrx_word' id='word_1_349' title='bbox 60 3031 141 3079; x_wconf 91' lang='lat' dir='ltr'><strong>nunc</strong></span> <span class='ocrx_word' id='word_1_350' title='bbox 158 3013 202 3080; x_wconf 89' lang='lat' dir='ltr'><strong>de</strong></span> <span class='ocrx_word' id='word_1_351' title='bbox 221 3011 334 3081; x_wconf 88' lang='lat' dir='ltr'><strong>altera</strong></span> <span class='ocrx_word' id='word_1_352' title='bbox 356 3027 475 3106; x_wconf 89' lang='lat' dir='ltr'><strong>parte,</strong></span> <span class='ocrx_word' id='word_1_353' title='bbox 507 3014 675 3086; x_wconf 85' lang='lat' dir='ltr'><strong>videlicet</strong></span> <span class='ocrx_word' id='word_1_354' title='bbox 697 3018 742 3086; x_wconf 89' lang='lat' dir='ltr'><strong>de</strong></span> <span class='ocrx_word' id='word_1_355' title='bbox 760 3013 927 3088; x_wconf 85' lang='lat' dir='ltr'><strong>Romano</strong></span> <span class='ocrx_word' id='word_1_356' title='bbox 949 3013 1037 3098; x_wconf 86' lang='lat' dir='ltr'><strong>iure,</strong></span> <span class='ocrx_word' id='word_1_357' title='bbox 1087 3011 1401 3098; x_wconf 88' lang='lat' dir='ltr'><strong>riseonsultorum,</strong></span> <span class='ocrx_word' id='word_1_358' title='bbox 1425 3037 1501 3084; x_wconf 92' lang='lat' dir='ltr'><strong>non</strong></span> <span class='ocrx_word' id='word_1_359' title='bbox 1522 3013 1642 3084; x_wconf 87' lang='lat' dir='ltr'><strong>minus</strong></span> <span class='ocrx_word' id='word_1_360' title='bbox 1664 3027 1716 3085; x_wconf 89' lang='lat' dir='ltr'><strong>est</strong></span> <span class='ocrx_word' id='word_1_361' title='bbox 1738 3037 1812 3100; x_wconf 90' lang='lat' dir='ltr'><strong>ars,</strong></span> <span class='ocrx_word' id='word_1_362' title='bbox 1838 3035 1944 3106; x_wconf 90' lang='lat' dir='ltr'><strong>quam</strong></span> <span class='ocrx_word' id='word_1_363' title='bbox 1968 3024 2084 3084; x_wconf 90' lang='lat' dir='ltr'><strong>caete-</strong></span> 
     </span>
     <span class='ocr_line' id='line_1_28' title="bbox 61 3112 2084 3210; baseline 0.001 -28"><span class='ocrx_word' id='word_1_364' title='bbox 61 3134 151 3206; x_wconf 86' lang='lat' dir='ltr'><strong>quare</strong></span> <span class='ocrx_word' id='word_1_365' title='bbox 167 3112 204 3183; x_wconf 93' lang='lat' dir='ltr'><strong>id</strong></span> <span class='ocrx_word' id='word_1_366' title='bbox 218 3113 446 3205; x_wconf 83' lang='lat' dir='ltr'><strong>potissimum</strong></span> <span class='ocrx_word' id='word_1_367' title='bbox 459 3117 618 3208; x_wconf 87' lang='lat' dir='ltr'><strong>amplexa</strong></span> <span class='ocrx_word' id='word_1_368' title='bbox 633 3115 846 3209; x_wconf 83' lang='lat' dir='ltr'><strong>sitRespnb.</strong></span> <span class='ocrx_word' id='word_1_369' title='bbox 874 3116 1037 3188; x_wconf 86' lang='lat' dir='ltr'><strong>iudaicae</strong></span> <span class='ocrx_word' id='word_1_370' title='bbox 1086 3135 1147 3182; x_wconf 85' lang='lat' dir='ltr'><strong>rae</strong></span> <span class='ocrx_word' id='word_1_371' title='bbox 1162 3114 1380 3205; x_wconf 85' lang='lat' dir='ltr'><strong>disciplinae.</strong></span> <span class='ocrx_word' id='word_1_372' title='bbox 1432 3113 1557 3210; x_wconf 89' lang='lat' dir='ltr'><strong>ltaque</strong></span> <span class='ocrx_word' id='word_1_373' title='bbox 1577 3140 1657 3186; x_wconf 88' lang='lat' dir='ltr'><strong>cnm</strong></span> <span class='ocrx_word' id='word_1_374' title='bbox 1682 3116 1729 3187; x_wconf 90' lang='lat' dir='ltr'><strong>sit</strong></span> <span class='ocrx_word' id='word_1_375' title='bbox 1752 3129 1826 3187; x_wconf 88' lang='lat' dir='ltr'><strong>arte</strong></span> <span class='ocrx_word' id='word_1_376' title='bbox 1841 3116 1961 3210; x_wconf 89' lang='lat' dir='ltr'><strong>aliqua</strong></span> <span class='ocrx_word' id='word_1_377' title='bbox 1980 3137 2084 3208; x_wconf 90' lang='lat' dir='ltr'><strong>opus,</strong></span> 
     </span>
     <span class='ocr_line' id='line_1_29' title="bbox 59 3213 2083 3311; baseline 0.003 -29"><span class='ocrx_word' id='word_1_378' title='bbox 59 3213 136 3304; x_wconf 89' lang='lat' dir='ltr'><strong>leges</strong></span> <span class='ocrx_word' id='word_1_379' title='bbox 156 3239 230 3286; x_wconf 90' lang='lat' dir='ltr'><strong>non</strong></span> <span class='ocrx_word' id='word_1_380' title='bbox 256 3215 326 3284; x_wconf 87' lang='lat' dir='ltr'><strong>nisi</strong></span> <span class='ocrx_word' id='word_1_381' title='bbox 347 3216 403 3286; x_wconf 93' lang='lat' dir='ltr'><strong>illi</strong></span> <span class='ocrx_word' id='word_1_382' title='bbox 421 3218 559 3288; x_wconf 87' lang='lat' dir='ltr'><strong>nationi</strong></span> <span class='ocrx_word' id='word_1_383' title='bbox 572 3220 736 3290; x_wconf 87' lang='lat' dir='ltr'><strong>conditae</strong></span> <span class='ocrx_word' id='word_1_384' title='bbox 751 3234 852 3304; x_wconf 89' lang='lat' dir='ltr'><strong>sunt,</strong></span> <span class='ocrx_word' id='word_1_385' title='bbox 877 3243 941 3290; x_wconf 91' lang='lat' dir='ltr'><strong>nec</strong></span> <span class='ocrx_word' id='word_1_386' title='bbox 955 3241 1037 3311; x_wconf 88' lang='lat' dir='ltr'><strong>pos-</strong></span> <span class='ocrx_word' id='word_1_387' title='bbox 1087 3217 1133 3286; x_wconf 93' lang='lat' dir='ltr'><strong>ad</strong></span> <span class='ocrx_word' id='word_1_388' title='bbox 1159 3215 1392 3307; x_wconf 89' lang='lat' dir='ltr'><strong>intelligenda</strong></span> <span class='ocrx_word' id='word_1_389' title='bbox 1425 3231 1459 3289; x_wconf 89' lang='lat' dir='ltr'><strong>et</strong></span> <span class='ocrx_word' id='word_1_390' title='bbox 1492 3219 1724 3289; x_wconf 87' lang='lat' dir='ltr'><strong>discernenda</strong></span> <span class='ocrx_word' id='word_1_391' title='bbox 1756 3218 1848 3289; x_wconf 92' lang='lat' dir='ltr'><strong>iusta</strong></span> <span class='ocrx_word' id='word_1_392' title='bbox 1874 3232 1909 3290; x_wconf 92' lang='lat' dir='ltr'><strong>et</strong></span> <span class='ocrx_word' id='word_1_393' title='bbox 1938 3217 2083 3300; x_wconf 90' lang='lat' dir='ltr'><strong>iniusta,</strong></span> 
     </span>
     <span class='ocr_line' id='line_1_30' title="bbox 61 3316 2082 3413; baseline 0.001 -27"><span class='ocrx_word' id='word_1_394' title='bbox 61 3327 127 3386; x_wconf 84' lang='lat' dir='ltr'><strong>sunt</strong></span> <span class='ocrx_word' id='word_1_395' title='bbox 140 3318 334 3388; x_wconf 85' lang='lat' dir='ltr'><strong>convenire</strong></span> <span class='ocrx_word' id='word_1_396' title='bbox 348 3319 511 3410; x_wconf 90' lang='lat' dir='ltr'><strong>pluribus</strong></span> <span class='ocrx_word' id='word_1_397' title='bbox 522 3320 707 3392; x_wconf 82' lang='lat' dir='ltr'><strong>Gentibus.</strong></span> <span class='ocrx_word' id='word_1_398' title='bbox 733 3316 927 3412; x_wconf 82' lang='lat' dir='ltr'><strong>Assignant</strong></span> <span class='ocrx_word' id='word_1_399' title='bbox 942 3321 1035 3390; x_wconf 89' lang='lat' dir='ltr'><strong>enim</strong></span> <span class='ocrx_word' id='word_1_400' title='bbox 1087 3342 1176 3412; x_wconf 91' lang='lat' dir='ltr'><strong>quos</strong></span> <span class='ocrx_word' id='word_1_401' title='bbox 1193 3319 1282 3388; x_wconf 87' lang='lat' dir='ltr'><strong>alios</strong></span> <span class='ocrx_word' id='word_1_402' title='bbox 1298 3319 1465 3401; x_wconf 87' lang='lat' dir='ltr'><strong>artifices,</strong></span> <span class='ocrx_word' id='word_1_403' title='bbox 1492 3319 1565 3390; x_wconf 89' lang='lat' dir='ltr'><strong>nisi</strong></span> <span class='ocrx_word' id='word_1_404' title='bbox 1583 3321 1823 3405; x_wconf 89' lang='lat' dir='ltr'><strong>doctissimos,</strong></span> <span class='ocrx_word' id='word_1_405' title='bbox 1847 3319 2082 3413; x_wconf 90' lang='lat' dir='ltr'><strong>peritissimos</strong></span> 
     </span>
     <span class='ocr_line' id='line_1_31' title="bbox 61 3412 2084 3514; baseline 0.002 -28"><span class='ocrx_word' id='word_1_406' title='bbox 61 3432 154 3488; x_wconf 85' lang='lat' dir='ltr'><strong>certas</strong></span> <span class='ocrx_word' id='word_1_407' title='bbox 172 3421 273 3489; x_wconf 87' lang='lat' dir='ltr'><strong>sedes</strong></span> <span class='ocrx_word' id='word_1_408' title='bbox 298 3421 401 3491; x_wconf 89' lang='lat' dir='ltr'><strong>certis</strong></span> <span class='ocrx_word' id='word_1_409' title='bbox 423 3412 590 3508; x_wconf 87' lang='lat' dir='ltr'><strong>familiis,</strong></span> <span class='ocrx_word' id='word_1_410' title='bbox 614 3435 648 3494; x_wconf 89' lang='lat' dir='ltr'><strong>et</strong></span> <span class='ocrx_word' id='word_1_411' title='bbox 666 3417 730 3493; x_wconf 91' lang='lat' dir='ltr'><strong>has</strong></span> <span class='ocrx_word' id='word_1_412' title='bbox 749 3437 870 3494; x_wconf 89' lang='lat' dir='ltr'><strong>vetant</strong></span> <span class='ocrx_word' id='word_1_413' title='bbox 888 3423 1036 3509; x_wconf 83' lang='lat' dir='ltr'><strong>mutari3</strong></span> <span class='ocrx_word' id='word_1_414' title='bbox 1088 3415 1261 3507; x_wconf 89' lang='lat' dir='ltr'><strong>homines,</strong></span> <span class='ocrx_word' id='word_1_415' title='bbox 1281 3423 1343 3514; x_wconf 90' lang='lat' dir='ltr'><strong>qui</strong></span> <span class='ocrx_word' id='word_1_416' title='bbox 1358 3421 1397 3490; x_wconf 93' lang='lat' dir='ltr'><strong>in</strong></span> <span class='ocrx_word' id='word_1_417' title='bbox 1411 3422 1679 3514; x_wconf 86' lang='lat' dir='ltr'><strong>sapientissimis</strong></span> <span class='ocrx_word' id='word_1_418' title='bbox 1694 3422 1853 3493; x_wconf 84' lang='lat' dir='ltr'><strong>consiliis</strong></span> <span class='ocrx_word' id='word_1_419' title='bbox 1868 3422 1999 3492; x_wconf 89' lang='lat' dir='ltr'><strong>summi</strong></span> <span class='ocrx_word' id='word_1_420' title='bbox 2013 3421 2084 3490; x_wconf 84' lang='lat' dir='ltr'><strong>im-</strong></span> 
     </span>
     <span class='ocr_line' id='line_1_32' title="bbox 62 3513 2083 3619; baseline 0.003 -30"><span class='ocrx_word' id='word_1_421' title='bbox 62 3513 116 3589; x_wconf 90' lang='lat' dir='ltr'><strong>boc</strong></span> <span class='ocrx_word' id='word_1_422' title='bbox 148 3544 221 3592; x_wconf 93' lang='lat' dir='ltr'><strong>non</strong></span> <span class='ocrx_word' id='word_1_423' title='bbox 253 3533 371 3613; x_wconf 88' lang='lat' dir='ltr'><strong>potest</strong></span> <span class='ocrx_word' id='word_1_424' title='bbox 399 3522 470 3592; x_wconf 89' lang='lat' dir='ltr'><strong>nisi</strong></span> <span class='ocrx_word' id='word_1_425' title='bbox 499 3523 538 3592; x_wconf 92' lang='lat' dir='ltr'><strong>in</strong></span> <span class='ocrx_word' id='word_1_426' title='bbox 572 3538 722 3614; x_wconf 87' lang='lat' dir='ltr'><strong>angusto</strong></span> <span class='ocrx_word' id='word_1_427' title='bbox 756 3525 836 3596; x_wconf 88' lang='lat' dir='ltr'><strong>loco</strong></span> <span class='ocrx_word' id='word_1_428' title='bbox 867 3525 1036 3596; x_wconf 88' lang='lat' dir='ltr'><strong>obtineri.</strong></span> <span class='ocrx_word' id='word_1_429' title='bbox 1087 3523 1178 3615; x_wconf 87' lang='lat' dir='ltr'><strong>perii</strong></span> <span class='ocrx_word' id='word_1_430' title='bbox 1194 3519 1260 3592; x_wconf 87' lang='lat' dir='ltr'><strong>hoc</strong></span> <span class='ocrx_word' id='word_1_431' title='bbox 1276 3523 1563 3614; x_wconf 87' lang='lat' dir='ltr'><strong>disputaverunt,</strong></span> <span class='ocrx_word' id='word_1_432' title='bbox 1589 3524 1840 3619; x_wconf 84' lang='lat' dir='ltr'><strong>sequeremur?</strong></span> <span class='ocrx_word' id='word_1_433' title='bbox 1886 3521 1998 3595; x_wconf 82' lang='lat' dir='ltr'><strong>Recte</strong></span> <span class='ocrx_word' id='word_1_434' title='bbox 2012 3523 2083 3613; x_wconf 84' lang='lat' dir='ltr'><strong>igi·</strong></span> 
     </span>
     <span class='ocr_line' id='line_1_33' title="bbox 62 3619 2083 3717; baseline 0.001 -25"><span class='ocrx_word' id='word_1_435' title='bbox 62 3619 237 3712; x_wconf 87' lang='lat' dir='ltr'><strong>Spartanae</strong></span> <span class='ocrx_word' id='word_1_436' title='bbox 259 3623 353 3714; x_wconf 89' lang='lat' dir='ltr'><strong>leges</strong></span> <span class='ocrx_word' id='word_1_437' title='bbox 374 3647 451 3696; x_wconf 93' lang='lat' dir='ltr'><strong>non</strong></span> <span class='ocrx_word' id='word_1_438' title='bbox 474 3625 643 3697; x_wconf 88' lang='lat' dir='ltr'><strong>dividunt</strong></span> <span class='ocrx_word' id='word_1_439' title='bbox 666 3649 789 3717; x_wconf 86' lang='lat' dir='ltr'><strong>agros,</strong></span> <span class='ocrx_word' id='word_1_440' title='bbox 821 3629 883 3697; x_wconf 90' lang='lat' dir='ltr'><strong>sed</strong></span> <span class='ocrx_word' id='word_1_441' title='bbox 912 3627 1037 3698; x_wconf 91' lang='lat' dir='ltr'><strong>iubent</strong></span> <span class='ocrx_word' id='word_1_442' title='bbox 1087 3638 1147 3695; x_wconf 90' lang='lat' dir='ltr'><strong>tur</strong></span> <span class='ocrx_word' id='word_1_443' title='bbox 1171 3621 1336 3696; x_wconf 88' lang='lat' dir='ltr'><strong>Romano</strong></span> <span class='ocrx_word' id='word_1_444' title='bbox 1358 3625 1436 3694; x_wconf 91' lang='lat' dir='ltr'><strong>inre</strong></span> <span class='ocrx_word' id='word_1_445' title='bbox 1457 3626 1603 3699; x_wconf 89' lang='lat' dir='ltr'><strong>utimur.</strong></span> <span class='ocrx_word' id='word_1_446' title='bbox 1662 3625 1847 3715; x_wconf 87' lang='lat' dir='ltr'><strong>Quantum</strong></span> <span class='ocrx_word' id='word_1_447' title='bbox 1872 3625 1980 3697; x_wconf 85' lang='lat' dir='ltr'><strong>luerit</strong></span> <span class='ocrx_word' id='word_1_448' title='bbox 2004 3637 2083 3695; x_wconf 89' lang='lat' dir='ltr'><strong>stu-</strong></span> 
     </span>
     <span class='ocr_line' id='line_1_34' title="bbox 62 3723 2083 3824; baseline 0.003 -32"><span class='ocrx_word' id='word_1_449' title='bbox 62 3725 280 3796; x_wconf 89' lang='lat' dir='ltr'><strong>communiter</strong></span> <span class='ocrx_word' id='word_1_450' title='bbox 297 3726 382 3812; x_wconf 89' lang='lat' dir='ltr'><strong>coli,</strong></span> <span class='ocrx_word' id='word_1_451' title='bbox 407 3740 444 3800; x_wconf 89' lang='lat' dir='ltr'><strong>et</strong></span> <span class='ocrx_word' id='word_1_452' title='bbox 457 3742 578 3820; x_wconf 88' lang='lat' dir='ltr'><strong>postea</strong></span> <span class='ocrx_word' id='word_1_453' title='bbox 594 3730 731 3800; x_wconf 84' lang='lat' dir='ltr'><strong>fructus</strong></span> <span class='ocrx_word' id='word_1_454' title='bbox 748 3729 880 3800; x_wconf 87' lang='lat' dir='ltr'><strong>dividi:</strong></span> <span class='ocrx_word' id='word_1_455' title='bbox 907 3754 952 3801; x_wconf 90' lang='lat' dir='ltr'><strong>ne</strong></span> <span class='ocrx_word' id='word_1_456' title='bbox 968 3725 1036 3799; x_wconf 91' lang='lat' dir='ltr'><strong>hoc</strong></span> <span class='ocrx_word' id='word_1_457' title='bbox 1087 3725 1188 3796; x_wconf 88' lang='lat' dir='ltr'><strong>dium</strong></span> <span class='ocrx_word' id='word_1_458' title='bbox 1210 3727 1394 3797; x_wconf 88' lang='lat' dir='ltr'><strong>doctrinae</strong></span> <span class='ocrx_word' id='word_1_459' title='bbox 1416 3728 1503 3798; x_wconf 89' lang='lat' dir='ltr'><strong>inde</strong></span> <span class='ocrx_word' id='word_1_460' title='bbox 1521 3749 1633 3824; x_wconf 88' lang='lat' dir='ltr'><strong>usque</strong></span> <span class='ocrx_word' id='word_1_461' title='bbox 1658 3730 1704 3799; x_wconf 90' lang='lat' dir='ltr'><strong>ab</strong></span> <span class='ocrx_word' id='word_1_462' title='bbox 1725 3723 1886 3820; x_wconf 82' lang='lat' dir='ltr'><strong>Augusto</strong></span> <span class='ocrx_word' id='word_1_463' title='bbox 1908 3729 1952 3798; x_wconf 93' lang='lat' dir='ltr'><strong>ad</strong></span> <span class='ocrx_word' id='word_1_464' title='bbox 1974 3723 2083 3798; x_wconf 88' lang='lat' dir='ltr'><strong>lusti-</strong></span> 
     </span>
     <span class='ocr_line' id='line_1_35' title="bbox 61 3825 2081 3924; baseline 0.002 -30"><span class='ocrx_word' id='word_1_465' title='bbox 61 3825 185 3918; x_wconf 89' lang='lat' dir='ltr'><strong>qoidem</strong></span> <span class='ocrx_word' id='word_1_466' title='bbox 200 3827 275 3896; x_wconf 87' lang='lat' dir='ltr'><strong>nisi</strong></span> <span class='ocrx_word' id='word_1_467' title='bbox 291 3827 386 3899; x_wconf 91' lang='lat' dir='ltr'><strong>inter</strong></span> <span class='ocrx_word' id='word_1_468' title='bbox 399 3853 530 3921; x_wconf 89' lang='lat' dir='ltr'><strong>paucos</strong></span> <span class='ocrx_word' id='word_1_469' title='bbox 547 3832 702 3902; x_wconf 88' lang='lat' dir='ltr'><strong>obtineri</strong></span> <span class='ocrx_word' id='word_1_470' title='bbox 718 3845 844 3924; x_wconf 87' lang='lat' dir='ltr'><strong>potest.</strong></span> <span class='ocrx_word' id='word_1_471' title='bbox 893 3829 1038 3902; x_wconf 90' lang='lat' dir='ltr'><strong>Habent</strong></span> <span class='ocrx_word' id='word_1_472' title='bbox 1087 3829 1255 3914; x_wconf 88' lang='lat' dir='ltr'><strong>nianum,</strong></span> <span class='ocrx_word' id='word_1_473' title='bbox 1278 3831 1390 3900; x_wconf 91' lang='lat' dir='ltr'><strong>multa</strong></span> <span class='ocrx_word' id='word_1_474' title='bbox 1406 3843 1490 3902; x_wconf 89' lang='lat' dir='ltr'><strong>sunt</strong></span> <span class='ocrx_word' id='word_1_475' title='bbox 1510 3829 1696 3924; x_wconf 84' lang='lat' dir='ltr'><strong>perspicua</strong></span> <span class='ocrx_word' id='word_1_476' title='bbox 1714 3829 1834 3922; x_wconf 85' lang='lat' dir='ltr'><strong>signa,</strong></span> <span class='ocrx_word' id='word_1_477' title='bbox 1858 3831 1918 3900; x_wconf 91' lang='lat' dir='ltr'><strong>sed</strong></span> <span class='ocrx_word' id='word_1_478' title='bbox 1944 3842 2081 3900; x_wconf 88' lang='lat' dir='ltr'><strong>caetera</strong></span> 
     </span>
     <span class='ocr_line' id='line_1_36' title="bbox 61 3927 2083 4027; baseline 0.001 -31"><span class='ocrx_word' id='word_1_479' title='bbox 61 3943 88 3998; x_wconf 88' lang='lat' dir='ltr'><strong>et</strong></span> <span class='ocrx_word' id='word_1_480' title='bbox 101 3929 164 3999; x_wconf 87' lang='lat' dir='ltr'><strong>alia</strong></span> <span class='ocrx_word' id='word_1_481' title='bbox 176 3930 307 4000; x_wconf 90' lang='lat' dir='ltr'><strong>vitiosa</strong></span> <span class='ocrx_word' id='word_1_482' title='bbox 319 3930 482 4004; x_wconf 89' lang='lat' dir='ltr'><strong>instituta</strong></span> <span class='ocrx_word' id='word_1_483' title='bbox 504 3935 550 4002; x_wconf 91' lang='lat' dir='ltr'><strong>de</strong></span> <span class='ocrx_word' id='word_1_484' title='bbox 564 3933 764 4010; x_wconf 89' lang='lat' dir='ltr'><strong>connubiis.</strong></span> <span class='ocrx_word' id='word_1_485' title='bbox 789 3930 928 4006; x_wconf 86' lang='lat' dir='ltr'><strong>Atticae</strong></span> <span class='ocrx_word' id='word_1_486' title='bbox 942 3935 1035 4024; x_wconf 92' lang='lat' dir='ltr'><strong>leges</strong></span> <span class='ocrx_word' id='word_1_487' title='bbox 1087 3930 1266 4019; x_wconf 85' lang='lat' dir='ltr'><strong>omittam3</strong></span> <span class='ocrx_word' id='word_1_488' title='bbox 1300 3927 1589 4022; x_wconf 64' lang='lat' dir='ltr'><strong>augustaeum</strong></span> <span class='ocrx_word' id='word_1_489' title='bbox 1609 3933 1754 4027; x_wconf 89' lang='lat' dir='ltr'><strong>quidem</strong></span> <span class='ocrx_word' id='word_1_490' title='bbox 1777 3931 1961 4004; x_wconf 85' lang='lat' dir='ltr'><strong>excelleret</strong></span> <span class='ocrx_word' id='word_1_491' title='bbox 1983 3929 2083 4002; x_wconf 89' lang='lat' dir='ltr'><strong>civili</strong></span> 
     </span>
     <span class='ocr_line' id='line_1_37' title="bbox 61 4031 2082 4128; baseline 0.002 -30"><span class='ocrx_word' id='word_1_492' title='bbox 61 4032 189 4122; x_wconf 88' lang='lat' dir='ltr'><strong>propius</strong></span> <span class='ocrx_word' id='word_1_493' title='bbox 209 4033 257 4103; x_wconf 85' lang='lat' dir='ltr'><strong>ad</strong></span> <span class='ocrx_word' id='word_1_494' title='bbox 274 4031 476 4106; x_wconf 84' lang='lat' dir='ltr'><strong>Romanam</strong></span> <span class='ocrx_word' id='word_1_495' title='bbox 498 4036 651 4106; x_wconf 75' lang='lat' dir='ltr'><strong>immam</strong></span> <span class='ocrx_word' id='word_1_496' title='bbox 672 4039 860 4124; x_wconf 87' lang='lat' dir='ltr'><strong>accedunt,</strong></span> <span class='ocrx_word' id='word_1_497' title='bbox 881 4038 945 4107; x_wconf 87' lang='lat' dir='ltr'><strong>sed</strong></span> <span class='ocrx_word' id='word_1_498' title='bbox 959 4033 1037 4110; x_wconf 83' lang='lat' dir='ltr'><strong>lio-</strong></span> <span class='ocrx_word' id='word_1_499' title='bbox 1088 4033 1262 4125; x_wconf 88' lang='lat' dir='ltr'><strong>sapientia</strong></span> <span class='ocrx_word' id='word_1_500' title='bbox 1283 4034 1322 4102; x_wconf 93' lang='lat' dir='ltr'><strong>in</strong></span> <span class='ocrx_word' id='word_1_501' title='bbox 1348 4036 1614 4128; x_wconf 90' lang='lat' dir='ltr'><strong>quaestioni-bns</strong></span> <span class='ocrx_word' id='word_1_502' title='bbox 1637 4035 1745 4119; x_wconf 89' lang='lat' dir='ltr'><strong>iuris,</strong></span> <span class='ocrx_word' id='word_1_503' title='bbox 1770 4057 1878 4128; x_wconf 89' lang='lat' dir='ltr'><strong>qnam</strong></span> <span class='ocrx_word' id='word_1_504' title='bbox 1900 4034 2013 4104; x_wconf 89' lang='lat' dir='ltr'><strong>multa</strong></span> <span class='ocrx_word' id='word_1_505' title='bbox 2025 4035 2082 4103; x_wconf 92' lang='lat' dir='ltr'><strong>de</strong></span> 
     </span>
     <span class='ocr_line' id='line_1_38' title="bbox 61 4131 2084 4232; baseline 0.003 -34"><span class='ocrx_word' id='word_1_506' title='bbox 61 4154 168 4204; x_wconf 85' lang='lat' dir='ltr'><strong>manae</strong></span> <span class='ocrx_word' id='word_1_507' title='bbox 192 4135 273 4227; x_wconf 92' lang='lat' dir='ltr'><strong>plus</strong></span> <span class='ocrx_word' id='word_1_508' title='bbox 295 4135 478 4226; x_wconf 88' lang='lat' dir='ltr'><strong>gravitatis</strong></span> <span class='ocrx_word' id='word_1_509' title='bbox 493 4131 627 4208; x_wconf 89' lang='lat' dir='ltr'><strong>habent</strong></span> <span class='ocrx_word' id='word_1_510' title='bbox 644 4139 683 4207; x_wconf 90' lang='lat' dir='ltr'><strong>in</strong></span> <span class='ocrx_word' id='word_1_511' title='bbox 707 4139 884 4232; x_wconf 88' lang='lat' dir='ltr'><strong>plerisque</strong></span> <span class='ocrx_word' id='word_1_512' title='bbox 899 4137 1037 4208; x_wconf 86' lang='lat' dir='ltr'><strong>delictis</strong></span> <span class='ocrx_word' id='word_1_513' title='bbox 1087 4133 1273 4220; x_wconf 85' lang='lat' dir='ltr'><strong>Trebatii,</strong></span> <span class='ocrx_word' id='word_1_514' title='bbox 1297 4134 1519 4222; x_wconf 89' lang='lat' dir='ltr'><strong>Tuberonis,</strong></span> <span class='ocrx_word' id='word_1_515' title='bbox 1543 4136 1722 4206; x_wconf 86' lang='lat' dir='ltr'><strong>Labeonis</strong></span> <span class='ocrx_word' id='word_1_516' title='bbox 1742 4149 1776 4206; x_wconf 92' lang='lat' dir='ltr'><strong>et</strong></span> <span class='ocrx_word' id='word_1_517' title='bbox 1791 4133 1977 4228; x_wconf 86' lang='lat' dir='ltr'><strong>Capitonis</strong></span> <span class='ocrx_word' id='word_1_518' title='bbox 2000 4157 2084 4204; x_wconf 86' lang='lat' dir='ltr'><strong>sen·</strong></span> 
     </span>
     <span class='ocr_line' id='line_1_39' title="bbox 61 4235 2082 4324; baseline 0.003 -22"><span class='ocrx_word' id='word_1_519' title='bbox 61 4235 252 4324; x_wconf 88' lang='lat' dir='ltr'><strong>puniendis;</strong></span> <span class='ocrx_word' id='word_1_520' title='bbox 271 4237 401 4308; x_wconf 90' lang='lat' dir='ltr'><strong>melius</strong></span> <span class='ocrx_word' id='word_1_521' title='bbox 414 4237 519 4310; x_wconf 93' lang='lat' dir='ltr'><strong>etiam</strong></span> <span class='ocrx_word' id='word_1_522' title='bbox 534 4241 741 4312; x_wconf 89' lang='lat' dir='ltr'><strong>describunt</strong></span> <span class='ocrx_word' id='word_1_523' title='bbox 755 4241 834 4312; x_wconf 89' lang='lat' dir='ltr'><strong>inra</strong></span> <span class='ocrx_word' id='word_1_524' title='bbox 848 4253 1037 4312; x_wconf 87' lang='lat' dir='ltr'><strong>testamen-</strong></span> <span class='ocrx_word' id='word_1_525' title='bbox 1086 4238 1208 4309; x_wconf 86' lang='lat' dir='ltr'><strong>tentiis</strong></span> <span class='ocrx_word' id='word_1_526' title='bbox 1222 4239 1432 4311; x_wconf 79' lang='lat' dir='ltr'><strong>constitnit?</strong></span> <span class='ocrx_word' id='word_1_527' title='bbox 1457 4239 1615 4309; x_wconf 86' lang='lat' dir='ltr'><strong>Labeoni</strong></span> <span class='ocrx_word' id='word_1_528' title='bbox 1631 4237 1735 4310; x_wconf 90' lang='lat' dir='ltr'><strong>etiam</strong></span> <span class='ocrx_word' id='word_1_529' title='bbox 1751 4239 1864 4308; x_wconf 89' lang='lat' dir='ltr'><strong>libere</strong></span> <span class='ocrx_word' id='word_1_530' title='bbox 1877 4238 2082 4310; x_wconf 89' lang='lat' dir='ltr'><strong>adversanti</strong></span> 
     </span>
     <span class='ocr_line' id='line_1_40' title="bbox 62 4335 2081 4432; baseline 0.003 -28"><span class='ocrx_word' id='word_1_531' title='bbox 62 4347 183 4420; x_wconf 90' lang='lat' dir='ltr'><strong>torum,</strong></span> <span class='ocrx_word' id='word_1_532' title='bbox 214 4339 425 4412; x_wconf 88' lang='lat' dir='ltr'><strong>discernunt</strong></span> <span class='ocrx_word' id='word_1_533' title='bbox 449 4335 699 4430; x_wconf 89' lang='lat' dir='ltr'><strong>haereditates,</strong></span> <span class='ocrx_word' id='word_1_534' title='bbox 742 4342 1037 4414; x_wconf 84' lang='lat' dir='ltr'><strong>fideicommissa</strong></span> <span class='ocrx_word' id='word_1_535' title='bbox 1088 4361 1190 4432; x_wconf 90' lang='lat' dir='ltr'><strong>saepe</strong></span> <span class='ocrx_word' id='word_1_536' title='bbox 1205 4338 1319 4412; x_wconf 88' lang='lat' dir='ltr'><strong>cessit.</strong></span> <span class='ocrx_word' id='word_1_537' title='bbox 1360 4341 1451 4427; x_wconf 87' lang='lat' dir='ltr'><strong>Sed,</strong></span> <span class='ocrx_word' id='word_1_538' title='bbox 1476 4355 1517 4414; x_wconf 91' lang='lat' dir='ltr'><strong>ut</strong></span> <span class='ocrx_word' id='word_1_539' title='bbox 1531 4341 1762 4412; x_wconf 84' lang='lat' dir='ltr'><strong>suntmorosi</strong></span> <span class='ocrx_word' id='word_1_540' title='bbox 1776 4341 1957 4416; x_wconf 89' lang='lat' dir='ltr'><strong>interdum</strong></span> <span class='ocrx_word' id='word_1_541' title='bbox 1975 4340 2081 4412; x_wconf 88' lang='lat' dir='ltr'><strong>etiam</strong></span> 
     </span>
     <span class='ocr_line' id='line_1_41' title="bbox 62 4433 2083 4538; baseline 0.004 -34"><span class='ocrx_word' id='word_1_542' title='bbox 62 4433 175 4528; x_wconf 80' lang='lat' dir='ltr'><strong>lagata3</strong></span> <span class='ocrx_word' id='word_1_543' title='bbox 215 4440 372 4538; x_wconf 86' lang='lat' dir='ltr'><strong>denique</strong></span> <span class='ocrx_word' id='word_1_544' title='bbox 403 4443 549 4514; x_wconf 89' lang='lat' dir='ltr'><strong>uberior</strong></span> <span class='ocrx_word' id='word_1_545' title='bbox 579 4457 632 4516; x_wconf 88' lang='lat' dir='ltr'><strong>est</strong></span> <span class='ocrx_word' id='word_1_546' title='bbox 664 4443 826 4516; x_wconf 88' lang='lat' dir='ltr'><strong>doctrina</strong></span> <span class='ocrx_word' id='word_1_547' title='bbox 851 4443 1036 4518; x_wconf 85' lang='lat' dir='ltr'><strong>Romanis.</strong></span> <span class='ocrx_word' id='word_1_548' title='bbox 1087 4442 1161 4513; x_wconf 89' lang='lat' dir='ltr'><strong>leni</strong></span> <span class='ocrx_word' id='word_1_549' title='bbox 1177 4455 1213 4514; x_wconf 90' lang='lat' dir='ltr'><strong>et</strong></span> <span class='ocrx_word' id='word_1_550' title='bbox 1227 4443 1403 4514; x_wconf 86' lang='lat' dir='ltr'><strong>moderati</strong></span> <span class='ocrx_word' id='word_1_551' title='bbox 1416 4441 1614 4536; x_wconf 86' lang='lat' dir='ltr'><strong>Principes,</strong></span> <span class='ocrx_word' id='word_1_552' title='bbox 1637 4439 1820 4533; x_wconf 86' lang='lat' dir='ltr'><strong>Augustus</strong></span> <span class='ocrx_word' id='word_1_553' title='bbox 1834 4443 1900 4514; x_wconf 91' lang='lat' dir='ltr'><strong>etsi</strong></span> <span class='ocrx_word' id='word_1_554' title='bbox 1917 4466 1992 4513; x_wconf 92' lang='lat' dir='ltr'><strong>non</strong></span> <span class='ocrx_word' id='word_1_555' title='bbox 2007 4443 2083 4512; x_wconf 89' lang='lat' dir='ltr'><strong>lae-</strong></span> 
     </span>
     <span class='ocr_line' id='line_1_42' title="bbox 62 4536 2082 4642; baseline 0.004 -35"><span class='ocrx_word' id='word_1_556' title='bbox 62 4536 158 4632; x_wconf 88' lang='lat' dir='ltr'><strong>Saepe</strong></span> <span class='ocrx_word' id='word_1_557' title='bbox 184 4543 282 4614; x_wconf 91' lang='lat' dir='ltr'><strong>enim</strong></span> <span class='ocrx_word' id='word_1_558' title='bbox 303 4545 418 4616; x_wconf 88' lang='lat' dir='ltr'><strong>miror</strong></span> <span class='ocrx_word' id='word_1_559' title='bbox 448 4543 674 4620; x_wconf 89' lang='lat' dir='ltr'><strong>insolentiam</strong></span> <span class='ocrx_word' id='word_1_560' title='bbox 695 4549 942 4642; x_wconf 91' lang='lat' dir='ltr'><strong>quorundam,</strong></span> <span class='ocrx_word' id='word_1_561' title='bbox 974 4545 1038 4641; x_wconf 93' lang='lat' dir='ltr'><strong>qui</strong></span> <span class='ocrx_word' id='word_1_562' title='bbox 1088 4545 1134 4616; x_wconf 91' lang='lat' dir='ltr'><strong>sit</strong></span> <span class='ocrx_word' id='word_1_563' title='bbox 1157 4543 1380 4626; x_wconf 88' lang='lat' dir='ltr'><strong>Labeonem,</strong></span> <span class='ocrx_word' id='word_1_564' title='bbox 1414 4559 1533 4616; x_wconf 89' lang='lat' dir='ltr'><strong>tamen</strong></span> <span class='ocrx_word' id='word_1_565' title='bbox 1565 4542 1701 4616; x_wconf 85' lang='lat' dir='ltr'><strong>offendi</strong></span> <span class='ocrx_word' id='word_1_566' title='bbox 1735 4567 1772 4614; x_wconf 89' lang='lat' dir='ltr'><strong>se</strong></span> <span class='ocrx_word' id='word_1_567' title='bbox 1805 4545 1882 4616; x_wconf 91' lang='lat' dir='ltr'><strong>eius</strong></span> <span class='ocrx_word' id='word_1_568' title='bbox 1917 4545 2082 4616; x_wconf 82' lang='lat' dir='ltr'><strong>libertate</strong></span> 
     </span>
     <span class='ocr_line' id='line_1_43' title="bbox 62 4641 2083 4742; baseline 0.004 -33"><span class='ocrx_word' id='word_1_569' title='bbox 62 4641 248 4718; x_wconf 84' lang='lat' dir='ltr'><strong>existimant</strong></span> <span class='ocrx_word' id='word_1_570' title='bbox 262 4645 354 4717; x_wconf 86' lang='lat' dir='ltr'><strong>iusta</strong></span> <span class='ocrx_word' id='word_1_571' title='bbox 375 4659 412 4718; x_wconf 89' lang='lat' dir='ltr'><strong>et</strong></span> <span class='ocrx_word' id='word_1_572' title='bbox 426 4671 553 4742; x_wconf 90' lang='lat' dir='ltr'><strong>aequa,</strong></span> <span class='ocrx_word' id='word_1_573' title='bbox 580 4649 655 4719; x_wconf 91' lang='lat' dir='ltr'><strong>sine</strong></span> <span class='ocrx_word' id='word_1_574' title='bbox 670 4663 745 4722; x_wconf 87' lang='lat' dir='ltr'><strong>arte</strong></span> <span class='ocrx_word' id='word_1_575' title='bbox 761 4663 796 4721; x_wconf 88' lang='lat' dir='ltr'><strong>et</strong></span> <span class='ocrx_word' id='word_1_576' title='bbox 811 4649 887 4720; x_wconf 88' lang='lat' dir='ltr'><strong>sine</strong></span> <span class='ocrx_word' id='word_1_577' title='bbox 904 4647 1037 4720; x_wconf 90' lang='lat' dir='ltr'><strong>doctri·</strong></span> <span class='ocrx_word' id='word_1_578' title='bbox 1087 4647 1315 4737; x_wconf 83' lang='lat' dir='ltr'><strong>significavit,</strong></span> <span class='ocrx_word' id='word_1_579' title='bbox 1340 4671 1452 4742; x_wconf 88' lang='lat' dir='ltr'><strong>eoque</strong></span> <span class='ocrx_word' id='word_1_580' title='bbox 1465 4646 1632 4742; x_wconf 91' lang='lat' dir='ltr'><strong>Capitoni</strong></span> <span class='ocrx_word' id='word_1_581' title='bbox 1653 4647 1788 4718; x_wconf 88' lang='lat' dir='ltr'><strong>minori</strong></span> <span class='ocrx_word' id='word_1_582' title='bbox 1805 4662 1894 4720; x_wconf 91' lang='lat' dir='ltr'><strong>natu</strong></span> <span class='ocrx_word' id='word_1_583' title='bbox 1915 4648 2083 4719; x_wconf 89' lang='lat' dir='ltr'><strong>consula-</strong></span> 
     </span>
     <span class='ocr_line' id='line_1_44' title="bbox 63 4747 2082 4846; baseline 0.003 -34"><span class='ocrx_word' id='word_1_584' title='bbox 63 4765 99 4812; x_wconf 89' lang='lat' dir='ltr'><strong>na</strong></span> <span class='ocrx_word' id='word_1_585' title='bbox 112 4747 260 4844; x_wconf 88' lang='lat' dir='ltr'><strong>perspici</strong></span> <span class='ocrx_word' id='word_1_586' title='bbox 284 4749 439 4820; x_wconf 91' lang='lat' dir='ltr'><strong>naturali</strong></span> <span class='ocrx_word' id='word_1_587' title='bbox 454 4753 608 4844; x_wconf 91' lang='lat' dir='ltr'><strong>quodam</strong></span> <span class='ocrx_word' id='word_1_588' title='bbox 627 4775 750 4833; x_wconf 88' lang='lat' dir='ltr'><strong>sensu,</strong></span> <span class='ocrx_word' id='word_1_589' title='bbox 775 4751 867 4822; x_wconf 91' lang='lat' dir='ltr'><strong>sicut</strong></span> <span class='ocrx_word' id='word_1_590' title='bbox 883 4775 965 4844; x_wconf 89' lang='lat' dir='ltr'><strong>apes</strong></span> <span class='ocrx_word' id='word_1_591' title='bbox 980 4775 1038 4821; x_wconf 89' lang='lat' dir='ltr'><strong>ar·</strong></span> <span class='ocrx_word' id='word_1_592' title='bbox 1087 4762 1164 4820; x_wconf 87' lang='lat' dir='ltr'><strong>tum</strong></span> <span class='ocrx_word' id='word_1_593' title='bbox 1187 4749 1295 4820; x_wconf 88' lang='lat' dir='ltr'><strong>dedit.</strong></span> <span class='ocrx_word' id='word_1_594' title='bbox 1345 4747 1589 4822; x_wconf 88' lang='lat' dir='ltr'><strong>Retinuerunt</strong></span> <span class='ocrx_word' id='word_1_595' title='bbox 1610 4747 1764 4846; x_wconf 82' lang='lat' dir='ltr'><strong>Augusti</strong></span> <span class='ocrx_word' id='word_1_596' title='bbox 1785 4773 1921 4820; x_wconf 88' lang='lat' dir='ltr'><strong>morem</strong></span> <span class='ocrx_word' id='word_1_597' title='bbox 1944 4764 1978 4821; x_wconf 91' lang='lat' dir='ltr'><strong>et</strong></span> <span class='ocrx_word' id='word_1_598' title='bbox 2002 4761 2082 4840; x_wconf 85' lang='lat' dir='ltr'><strong>post</strong></span> 
     </span>
     <span class='ocr_line' id='line_1_45' title="bbox 63 4839 2152 4952; baseline 0.003 -38"><span class='ocrx_word' id='word_1_599' title='bbox 63 4839 315 4920; x_wconf 90' lang='lat' dir='ltr'><strong>chitectonicam</strong></span> <span class='ocrx_word' id='word_1_600' title='bbox 342 4865 478 4930; x_wconf 84' lang='lat' dir='ltr'><strong>norunt</strong></span> <span class='ocrx_word' id='word_1_601' title='bbox 503 4855 581 4923; x_wconf 86' lang='lat' dir='ltr'><strong>sine</strong></span> <span class='ocrx_word' id='word_1_602' title='bbox 602 4854 781 4939; x_wconf 88' lang='lat' dir='ltr'><strong>doctrina,</strong></span> <span class='ocrx_word' id='word_1_603' title='bbox 814 4856 873 4923; x_wconf 92' lang='lat' dir='ltr'><strong>sed</strong></span> <span class='ocrx_word' id='word_1_604' title='bbox 899 4849 1037 4924; x_wconf 86' lang='lat' dir='ltr'><strong>hiteta</strong></span> <span class='ocrx_word' id='word_1_605' title='bbox 1087 4875 1168 4922; x_wconf 88' lang='lat' dir='ltr'><strong>enm</strong></span> <span class='ocrx_word' id='word_1_606' title='bbox 1183 4850 1388 4944; x_wconf 87' lang='lat' dir='ltr'><strong>Principes,</strong></span> <span class='ocrx_word' id='word_1_607' title='bbox 1420 4875 1486 4921; x_wconf 90' lang='lat' dir='ltr'><strong>nec</strong></span> <span class='ocrx_word' id='word_1_608' title='bbox 1507 4853 1583 4923; x_wconf 90' lang='lat' dir='ltr'><strong>sine</strong></span> <span class='ocrx_word' id='word_1_609' title='bbox 1609 4850 1875 4924; x_wconf 89' lang='lat' dir='ltr'><strong>Iurisconsultis</strong></span> <span class='ocrx_word' id='word_1_610' title='bbox 1898 4852 1991 4924; x_wconf 88' lang='lat' dir='ltr'><strong>ultra</strong></span> <span class='ocrx_word' id='word_1_611' title='bbox 2016 4851 2081 4920; x_wconf 90' lang='lat' dir='ltr'><strong>de·</strong></span> <span class='ocrx_word' id='word_1_612' title='bbox 2148 4935 2152 4952; x_wconf 35' lang='grc' dir='ltr'><strong><em>ι</em></strong></span> 
     </span>
     <span class='ocr_line' id='line_1_46' title="bbox 63 4945 2081 5050; baseline 0.001 -30"><span class='ocrx_word' id='word_1_613' title='bbox 63 4945 251 5029; x_wconf 67' lang='lat' dir='ltr'><strong>mearant.</strong></span> <span class='ocrx_word' id='word_1_614' title='bbox 299 4949 444 5025; x_wconf 86' lang='lat' dir='ltr'><strong>Etenim</strong></span> <span class='ocrx_word' id='word_1_615' title='bbox 459 4967 500 5025; x_wconf 91' lang='lat' dir='ltr'><strong>ut</strong></span> <span class='ocrx_word' id='word_1_616' title='bbox 512 4955 551 5024; x_wconf 95' lang='lat' dir='ltr'><strong>in</strong></span> <span class='ocrx_word' id='word_1_617' title='bbox 566 4957 646 5026; x_wconf 89' lang='lat' dir='ltr'><strong>aliis</strong></span> <span class='ocrx_word' id='word_1_618' title='bbox 658 4957 795 5028; x_wconf 90' lang='lat' dir='ltr'><strong>artibus</strong></span> <span class='ocrx_word' id='word_1_619' title='bbox 810 4955 912 5026; x_wconf 89' lang='lat' dir='ltr'><strong>initia</strong></span> <span class='ocrx_word' id='word_1_620' title='bbox 927 4979 1038 5050; x_wconf 89' lang='lat' dir='ltr'><strong>quae·</strong></span> <span class='ocrx_word' id='word_1_621' title='bbox 1087 4967 1180 5024; x_wconf 85' lang='lat' dir='ltr'><strong>creta</strong></span> <span class='ocrx_word' id='word_1_622' title='bbox 1198 4954 1237 5022; x_wconf 96' lang='lat' dir='ltr'><strong>in</strong></span> <span class='ocrx_word' id='word_1_623' title='bbox 1252 4955 1416 5024; x_wconf 85' lang='lat' dir='ltr'><strong>civilibus</strong></span> <span class='ocrx_word' id='word_1_624' title='bbox 1440 4955 1707 5048; x_wconf 88' lang='lat' dir='ltr'><strong>quaestionibus</strong></span> <span class='ocrx_word' id='word_1_625' title='bbox 1724 4955 1911 5030; x_wconf 82' lang='lat' dir='ltr'><strong>iaciebant.</strong></span> <span class='ocrx_word' id='word_1_626' title='bbox 1962 4951 2081 5024; x_wconf 85' lang='lat' dir='ltr'><strong>Nerva</strong></span> 
     </span>
     <span class='ocr_line' id='line_1_47' title="bbox 65 5047 2185 5146; baseline 0.003 -28"><span class='ocrx_word' id='word_1_627' title='bbox 65 5047 132 5118; x_wconf 87' lang='lat' dir='ltr'><strong>dam</strong></span> <span class='ocrx_word' id='word_1_628' title='bbox 149 5067 320 5126; x_wconf 88' lang='lat' dir='ltr'><strong>monstrat</strong></span> <span class='ocrx_word' id='word_1_629' title='bbox 331 5070 477 5144; x_wconf 88' lang='lat' dir='ltr'><strong>natura,</strong></span> <span class='ocrx_word' id='word_1_630' title='bbox 499 5057 594 5144; x_wconf 76' lang='lat' dir='ltr'><strong>utjn</strong></span> <span class='ocrx_word' id='word_1_631' title='bbox 615 5059 791 5130; x_wconf 88' lang='lat' dir='ltr'><strong>mensuris</strong></span> <span class='ocrx_word' id='word_1_632' title='bbox 807 5058 1037 5143; x_wconf 89' lang='lat' dir='ltr'><strong>admirandis,</strong></span> <span class='ocrx_word' id='word_1_633' title='bbox 1086 5053 1483 5128; x_wconf 86' lang='lat' dir='ltr'><strong>etCassiusadluemnt</strong></span> <span class='ocrx_word' id='word_1_634' title='bbox 1500 5053 1667 5138; x_wconf 86' lang='lat' dir='ltr'><strong>Tiberio,</strong></span> <span class='ocrx_word' id='word_1_635' title='bbox 1694 5055 1833 5129; x_wconf 82' lang='lat' dir='ltr'><strong>Cassius</strong></span> <span class='ocrx_word' id='word_1_636' title='bbox 1850 5053 2081 5146; x_wconf 88' lang='lat' dir='ltr'><strong>Vespasiano,</strong></span> <span class='ocrx_word' id='word_1_637' title='bbox 2184 5087 2185 5090; x_wconf 40' lang='lat'>¹</span> 
     </span>
    </p>
   </div>
   <div class='ocr_carea' id='block_1_3' title="bbox 63 5148 2080 5562">
    <p class='ocr_par' dir='ltr' id='par_1_3' title="bbox 63 5148 2080 5562">
     <span class='ocr_line' id='line_1_48' title="bbox 63 5148 2080 5252; baseline 0.005 -36"><span class='ocrx_word' id='word_1_638' title='bbox 63 5148 177 5224; x_wconf 87' lang='lat' dir='ltr'><strong>deinde</strong></span> <span class='ocrx_word' id='word_1_639' title='bbox 198 5157 267 5228; x_wconf 90' lang='lat' dir='ltr'><strong>arti</strong></span> <span class='ocrx_word' id='word_1_640' title='bbox 291 5159 452 5230; x_wconf 85' lang='lat' dir='ltr'><strong>doctrina</strong></span> <span class='ocrx_word' id='word_1_641' title='bbox 469 5159 630 5252; x_wconf 75' lang='lat' dir='ltr'><strong>prolicit:</strong></span> <span class='ocrx_word' id='word_1_642' title='bbox 664 5160 712 5232; x_wconf 92' lang='lat' dir='ltr'><strong>ita</strong></span> <span class='ocrx_word' id='word_1_643' title='bbox 736 5159 775 5230; x_wconf 93' lang='lat' dir='ltr'><strong>in</strong></span> <span class='ocrx_word' id='word_1_644' title='bbox 796 5155 861 5232; x_wconf 90' lang='lat' dir='ltr'><strong>hac</strong></span> <span class='ocrx_word' id='word_1_645' title='bbox 888 5161 978 5232; x_wconf 90' lang='lat' dir='ltr'><strong>iuris</strong></span> <span class='ocrx_word' id='word_1_646' title='bbox 1003 5175 1038 5232; x_wconf 90' lang='lat' dir='ltr'><strong>et</strong></span> <span class='ocrx_word' id='word_1_647' title='bbox 1087 5157 1244 5230; x_wconf 88' lang='lat' dir='ltr'><strong>Traiano</strong></span> <span class='ocrx_word' id='word_1_648' title='bbox 1259 5175 1294 5233; x_wconf 87' lang='lat' dir='ltr'><strong>et</strong></span> <span class='ocrx_word' id='word_1_649' title='bbox 1311 5157 1471 5230; x_wconf 85' lang='lat' dir='ltr'><strong>Adriano</strong></span> <span class='ocrx_word' id='word_1_650' title='bbox 1487 5157 1628 5239; x_wconf 72' lang='lat' dir='ltr'><strong>Celsus.</strong></span> <span class='ocrx_word' id='word_1_651' title='bbox 1654 5173 1688 5230; x_wconf 91' lang='lat' dir='ltr'><strong>et</strong></span> <span class='ocrx_word' id='word_1_652' title='bbox 1706 5159 1865 5252; x_wconf 86' lang='lat' dir='ltr'><strong>plerique</strong></span> <span class='ocrx_word' id='word_1_653' title='bbox 1881 5157 1955 5232; x_wconf 92' lang='lat' dir='ltr'><strong>alii.</strong></span> <span class='ocrx_word' id='word_1_654' title='bbox 2007 5155 2080 5228; x_wconf 89' lang='lat' dir='ltr'><strong>Ne-</strong></span> 
     </span>
     <span class='ocr_line' id='line_1_49' title="bbox 64 5258 2080 5354; baseline 0.004 -32"><span class='ocrx_word' id='word_1_655' title='bbox 64 5271 189 5328; x_wconf 82' lang='lat' dir='ltr'><strong>morum</strong></span> <span class='ocrx_word' id='word_1_656' title='bbox 214 5261 469 5350; x_wconf 85' lang='lat' dir='ltr'><strong>gubernatione</strong></span> <span class='ocrx_word' id='word_1_657' title='bbox 490 5261 591 5333; x_wconf 86' lang='lat' dir='ltr'><strong>initia</strong></span> <span class='ocrx_word' id='word_1_658' title='bbox 616 5287 637 5334; x_wconf 89' lang='lat' dir='ltr'><strong>a</strong></span> <span class='ocrx_word' id='word_1_659' title='bbox 666 5277 794 5335; x_wconf 89' lang='lat' dir='ltr'><strong>natura</strong></span> <span class='ocrx_word' id='word_1_660' title='bbox 817 5285 892 5333; x_wconf 84' lang='lat' dir='ltr'><strong>esse</strong></span> <span class='ocrx_word' id='word_1_661' title='bbox 911 5263 1037 5335; x_wconf 82' lang='lat' dir='ltr'><strong>fateor.</strong></span> <span class='ocrx_word' id='word_1_662' title='bbox 1086 5285 1156 5354; x_wconf 88' lang='lat' dir='ltr'><strong>que</strong></span> <span class='ocrx_word' id='word_1_663' title='bbox 1172 5263 1345 5333; x_wconf 90' lang='lat' dir='ltr'><strong>tamenin</strong></span> <span class='ocrx_word' id='word_1_664' title='bbox 1362 5259 1551 5332; x_wconf 88' lang='lat' dir='ltr'><strong>consilium</strong></span> <span class='ocrx_word' id='word_1_665' title='bbox 1567 5261 1713 5332; x_wconf 90' lang='lat' dir='ltr'><strong>admissi</strong></span> <span class='ocrx_word' id='word_1_666' title='bbox 1728 5273 1816 5331; x_wconf 74' lang='lat' dir='ltr'><strong>stant</strong></span> <span class='ocrx_word' id='word_1_667' title='bbox 1826 5259 1912 5341; x_wconf 90' lang='lat' dir='ltr'><strong>ulli,</strong></span> <span class='ocrx_word' id='word_1_668' title='bbox 1935 5258 2006 5331; x_wconf 87' lang='lat' dir='ltr'><strong>nisi</strong></span> <span class='ocrx_word' id='word_1_669' title='bbox 2021 5259 2080 5330; x_wconf 91' lang='lat' dir='ltr'><strong>in-</strong></span> 
     </span>
     <span class='ocr_line' id='line_1_50' title="bbox 64 5343 2080 5459; baseline 0.002 -34"><span class='ocrx_word' id='word_1_670' title='bbox 64 5343 195 5428; x_wconf 83' lang='lat' dir='ltr'><strong>Necesse</strong></span> <span class='ocrx_word' id='word_1_671' title='bbox 214 5375 266 5434; x_wconf 85' lang='lat' dir='ltr'><strong>est</strong></span> <span class='ocrx_word' id='word_1_672' title='bbox 288 5364 384 5433; x_wconf 91' lang='lat' dir='ltr'><strong>enim</strong></span> <span class='ocrx_word' id='word_1_673' title='bbox 405 5385 479 5434; x_wconf 90' lang='lat' dir='ltr'><strong>esse</strong></span> <span class='ocrx_word' id='word_1_674' title='bbox 505 5377 599 5435; x_wconf 89' lang='lat' dir='ltr'><strong>certa</strong></span> <span class='ocrx_word' id='word_1_675' title='bbox 621 5365 814 5459; x_wconf 86' lang='lat' dir='ltr'><strong>principia,</strong></span> <span class='ocrx_word' id='word_1_676' title='bbox 843 5365 905 5436; x_wconf 87' lang='lat' dir='ltr'><strong>sed</strong></span> <span class='ocrx_word' id='word_1_677' title='bbox 925 5389 966 5436; x_wconf 89' lang='lat' dir='ltr'><strong>ex</strong></span> <span class='ocrx_word' id='word_1_678' title='bbox 980 5359 1037 5434; x_wconf 86' lang='lat' dir='ltr'><strong>his</strong></span> <span class='ocrx_word' id='word_1_679' title='bbox 1086 5363 1182 5435; x_wconf 91' lang='lat' dir='ltr'><strong>dicio</strong></span> <span class='ocrx_word' id='word_1_680' title='bbox 1210 5362 1362 5436; x_wconf 86' lang='lat' dir='ltr'><strong>Senatus</strong></span> <span class='ocrx_word' id='word_1_681' title='bbox 1388 5361 1546 5436; x_wconf 86' lang='lat' dir='ltr'><strong>Romani</strong></span> <span class='ocrx_word' id='word_1_682' title='bbox 1578 5376 1692 5434; x_wconf 87' lang='lat' dir='ltr'><strong>essent</strong></span> <span class='ocrx_word' id='word_1_683' title='bbox 1720 5360 1948 5455; x_wconf 87' lang='lat' dir='ltr'><strong>Principibus</strong></span> <span class='ocrx_word' id='word_1_684' title='bbox 1981 5385 2080 5432; x_wconf 87' lang='lat' dir='ltr'><strong>com-</strong></span> 
     </span>
     <span class='ocr_line' id='line_1_51' title="bbox 66 5451 2079 5562; baseline 0.002 -32"><span class='ocrx_word' id='word_1_685' title='bbox 66 5451 206 5533; x_wconf 78' lang='lat' dir='ltr'><strong>lsntibus</strong></span> <span class='ocrx_word' id='word_1_686' title='bbox 226 5465 309 5536; x_wconf 89' lang='lat' dir='ltr'><strong>duci</strong></span> <span class='ocrx_word' id='word_1_687' title='bbox 329 5467 471 5559; x_wconf 77' lang='lat' dir='ltr'><strong>regulae</strong></span> <span class='ocrx_word' id='word_1_688' title='bbox 491 5467 567 5539; x_wconf 87' lang='lat' dir='ltr'><strong>sine</strong></span> <span class='ocrx_word' id='word_1_689' title='bbox 588 5467 750 5541; x_wconf 86' lang='lat' dir='ltr'><strong>doctrina</strong></span> <span class='ocrx_word' id='word_1_690' title='bbox 777 5491 853 5540; x_wconf 92' lang='lat' dir='ltr'><strong>non</strong></span> <span class='ocrx_word' id='word_1_691' title='bbox 876 5481 1036 5562; x_wconf 86' lang='lat' dir='ltr'><strong>possunt.</strong></span> <span class='ocrx_word' id='word_1_692' title='bbox 1086 5469 1256 5540; x_wconf 76' lang='lat' dir='ltr'><strong>mandati.</strong></span> <span class='ocrx_word' id='word_1_693' title='bbox 1308 5465 1433 5540; x_wconf 86' lang='lat' dir='ltr'><strong>Postea</strong></span> <span class='ocrx_word' id='word_1_694' title='bbox 1449 5465 1628 5539; x_wconf 82' lang='lat' dir='ltr'><strong>Antonini</strong></span> <span class='ocrx_word' id='word_1_695' title='bbox 1651 5463 1738 5538; x_wconf 88' lang='lat' dir='ltr'><strong>Pius</strong></span> <span class='ocrx_word' id='word_1_696' title='bbox 1753 5478 1789 5537; x_wconf 90' lang='lat' dir='ltr'><strong>ct</strong></span> <span class='ocrx_word' id='word_1_697' title='bbox 1802 5463 1947 5537; x_wconf 88' lang='lat' dir='ltr'><strong>Marcus</strong></span> <span class='ocrx_word' id='word_1_698' title='bbox 1964 5463 2079 5556; x_wconf 79' lang='lat' dir='ltr'><strong>multo</strong></span> 
     </span>
    </p>
   </div>
   <div class='ocr_carea' id='block_1_4' title="bbox 0 0 2313 5812">
    <p class='ocr_par' dir='ltr' id='par_1_4' title="bbox 0 0 2313 5812">
     <span class='ocr_line' id='line_1_52' title="bbox 0 0 2313 5812; baseline 0 0"><span class='ocrx_word' id='word_1_699' title='bbox 0 0 2313 5812; x_wconf 95' lang='lat' dir='ltr'><strong> </strong></span> 
     </span>
    </p>
   </div>
  </div>
 </body>
</html>
