<?xml version="1.0" encoding="UTF-8"?>
<!DOCTYPE html PUBLIC "-//W3C//DTD XHTML 1.0 Transitional//EN"
    "http://www.w3.org/TR/xhtml1/DTD/xhtml1-transitional.dtd">
<html xmlns="http://www.w3.org/1999/xhtml" xml:lang="en" lang="en">
 <head>
  <title>
</title>
<meta http-equiv="Content-Type" content="text/html;charset=utf-8" />
  <meta name='ocr-system' content='tesseract 3.04.00' />
  <meta name='ocr-capabilities' content='ocr_page ocr_carea ocr_par ocr_line ocrx_word'/>
</head>
<body>
  <div class='ocr_page' id='page_1' title='image "./corpusreformato23melagoog/corpusreformato23melagoog_0297.png"; bbox 0 0 4614 5820; ppageno 0'>
   <div class='ocr_carea' id='block_1_1' title="bbox 81 249 2255 352">
    <p class='ocr_par' dir='ltr' id='par_1_1' title="bbox 81 249 2255 352">
     <span class='ocr_line' id='line_1_1' title="bbox 81 249 2255 352; baseline -0.001 0"><span class='ocrx_word' id='word_1_1' title='bbox 81 345 85 352; x_wconf 84' lang='lat'>.</span> <span class='ocrx_word' id='word_1_2' title='bbox 206 275 305 352; x_wconf 78' lang='lat' dir='ltr'>en</span> <span class='ocrx_word' id='word_1_3' title='bbox 597 249 599 258; x_wconf 79' lang='grc'><strong>“</strong></span> <span class='ocrx_word' id='word_1_4' title='bbox 924 262 1087 342; x_wconf 76' lang='lat' dir='ltr'>onon</span> <span class='ocrx_word' id='word_1_5' title='bbox 1125 263 1201 340; x_wconf 83' lang='lat' dir='ltr'>oe</span> <span class='ocrx_word' id='word_1_6' title='bbox 1235 263 1560 344; x_wconf 82' lang='lat' dir='ltr'>annnosto.</span> <span class='ocrx_word' id='word_1_7' title='bbox 1737 285 1739 290; x_wconf 89' lang='lat'><em>·</em></span> <span class='ocrx_word' id='word_1_8' title='bbox 2189 271 2255 350; x_wconf 80' lang='lat' dir='ltr'>aa</span> 
     </span>
    </p>
   </div>
   <div class='ocr_carea' id='block_1_2' title="bbox 234 433 2260 1963">
    <p class='ocr_par' dir='ltr' id='par_1_2' title="bbox 234 433 2260 1455">
     <span class='ocr_line' id='line_1_2' title="bbox 235 433 2254 538; baseline 0 -22"><span class='ocrx_word' id='word_1_9' title='bbox 235 469 316 520; x_wconf 89' lang='lat' dir='ltr'>curn</span> <span class='ocrx_word' id='word_1_10' title='bbox 333 456 451 538; x_wconf 90' lang='lat' dir='ltr'>postea</span> <span class='ocrx_word' id='word_1_11' title='bbox 464 435 633 530; x_wconf 78' lang='lat' dir='ltr'>Episcopi</span> <span class='ocrx_word' id='word_1_12' title='bbox 649 435 785 508; x_wconf 83' lang='lat' dir='ltr'>functio</span> <span class='ocrx_word' id='word_1_13' title='bbox 799 436 834 508; x_wconf 90' lang='lat' dir='ltr'>ei</span> <span class='ocrx_word' id='word_1_14' title='bbox 848 437 1014 508; x_wconf 90' lang='lat' dir='ltr'>mandata</span> <span class='ocrx_word' id='word_1_15' title='bbox 1029 451 1128 524; x_wconf 88' lang='lat' dir='ltr'>esset,</span> <span class='ocrx_word' id='word_1_16' title='bbox 1153 435 1227 508; x_wconf 87' lang='lat' dir='ltr'>Va·</span> <span class='ocrx_word' id='word_1_17' title='bbox 1379 435 1444 512; x_wconf 89' lang='lat' dir='ltr'>Est</span> <span class='ocrx_word' id='word_1_18' title='bbox 1459 451 1494 510; x_wconf 90' lang='lat' dir='ltr'>et</span> <span class='ocrx_word' id='word_1_19' title='bbox 1508 433 1577 510; x_wconf 94' lang='lat' dir='ltr'>hoc</span> <span class='ocrx_word' id='word_1_20' title='bbox 1592 439 1828 511; x_wconf 77' lang='lat' dir='ltr'>admiratione</span> <span class='ocrx_word' id='word_1_21' title='bbox 1844 441 2004 532; x_wconf 73' lang='lat' dir='ltr'>dignum,</span> <span class='ocrx_word' id='word_1_22' title='bbox 2028 445 2135 516; x_wconf 88' lang='lat' dir='ltr'>talem</span> <span class='ocrx_word' id='word_1_23' title='bbox 2149 446 2254 518; x_wconf 86' lang='lat' dir='ltr'>virum</span> 
     </span>
     <span class='ocr_line' id='line_1_3' title="bbox 235 540 2256 637; baseline -0 -17"><span class='ocrx_word' id='word_1_24' title='bbox 235 548 453 620; x_wconf 89' lang='lat' dir='ltr'>lentinianus</span> <span class='ocrx_word' id='word_1_25' title='bbox 473 541 611 633; x_wconf 88' lang='lat' dir='ltr'>reipub.</span> <span class='ocrx_word' id='word_1_26' title='bbox 630 540 825 629; x_wconf 73' lang='lat' dir='ltr'>gratulatus</span> <span class='ocrx_word' id='word_1_27' title='bbox 841 553 893 610; x_wconf 90' lang='lat' dir='ltr'>est</span> <span class='ocrx_word' id='word_1_28' title='bbox 907 563 983 610; x_wconf 88' lang='lat' dir='ltr'>eam</span> <span class='ocrx_word' id='word_1_29' title='bbox 1008 540 1227 626; x_wconf 78' lang='lat' dir='ltr'>electionem,</span> <span class='ocrx_word' id='word_1_30' title='bbox 1276 541 1339 634; x_wconf 91' lang='lat' dir='ltr'>qui</span> <span class='ocrx_word' id='word_1_31' title='bbox 1359 563 1453 610; x_wconf 86' lang='lat' dir='ltr'>unus</span> <span class='ocrx_word' id='word_1_32' title='bbox 1477 541 1537 610; x_wconf 83' lang='lat' dir='ltr'>ibi</span> <span class='ocrx_word' id='word_1_33' title='bbox 1551 542 1761 613; x_wconf 88' lang='lat' dir='ltr'>turbulento</span> <span class='ocrx_word' id='word_1_34' title='bbox 1785 557 1942 635; x_wconf 86' lang='lat' dir='ltr'>tempore</span> <span class='ocrx_word' id='word_1_35' title='bbox 1964 547 2115 618; x_wconf 84' lang='lat' dir='ltr'>idoneus</span> <span class='ocrx_word' id='word_1_36' title='bbox 2139 550 2256 637; x_wconf 78' lang='lat' dir='ltr'>gobar-</span> 
     </span>
     <span class='ocr_line' id='line_1_4' title="bbox 236 642 2257 740; baseline -0.002 -18"><span class='ocrx_word' id='word_1_37' title='bbox 236 666 270 722; x_wconf 93' lang='lat' dir='ltr'>et</span> <span class='ocrx_word' id='word_1_38' title='bbox 290 649 430 740; x_wconf 81' lang='lat' dir='ltr'>gavisus</span> <span class='ocrx_word' id='word_1_39' title='bbox 443 656 576 716; x_wconf 89' lang='lat' dir='ltr'>tantam</span> <span class='ocrx_word' id='word_1_40' title='bbox 592 665 664 712; x_wconf 88' lang='lat' dir='ltr'>esse</span> <span class='ocrx_word' id='word_1_41' title='bbox 685 642 849 732; x_wconf 89' lang='lat' dir='ltr'>pietatem</span> <span class='ocrx_word' id='word_1_42' title='bbox 867 643 906 710; x_wconf 90' lang='lat' dir='ltr'>in</span> <span class='ocrx_word' id='word_1_43' title='bbox 928 644 1089 734; x_wconf 80' lang='lat' dir='ltr'>praeside</span> <span class='ocrx_word' id='word_1_44' title='bbox 1108 657 1146 714; x_wconf 91' lang='lat' dir='ltr'>et·</span> <span class='ocrx_word' id='word_1_45' title='bbox 1165 667 1226 712; x_wconf 89' lang='lat' dir='ltr'>cu·</span> <span class='ocrx_word' id='word_1_46' title='bbox 1276 657 1380 714; x_wconf 86' lang='lat' dir='ltr'>nator</span> <span class='ocrx_word' id='word_1_47' title='bbox 1402 643 1544 712; x_wconf 81' lang='lat' dir='ltr'>iuturus</span> <span class='ocrx_word' id='word_1_48' title='bbox 1568 655 1660 727; x_wconf 92' lang='lat' dir='ltr'>erat,</span> <span class='ocrx_word' id='word_1_49' title='bbox 1694 667 1769 714; x_wconf 88' lang='lat' dir='ltr'>non</span> <span class='ocrx_word' id='word_1_50' title='bbox 1794 669 1836 714; x_wconf 79' lang='lat' dir='ltr'>ex</span> <span class='ocrx_word' id='word_1_51' title='bbox 1861 647 2009 737; x_wconf 92' lang='lat' dir='ltr'>collegio</span> <span class='ocrx_word' id='word_1_52' title='bbox 2027 648 2257 736; x_wconf 78' lang='lat' dir='ltr'>sacerdotum,</span> 
     </span>
     <span class='ocr_line' id='line_1_5' title="bbox 235 743 2257 839; baseline -0 -18"><span class='ocrx_word' id='word_1_53' title='bbox 235 757 335 824; x_wconf 85' lang='lat' dir='ltr'>stode</span> <span class='ocrx_word' id='word_1_54' title='bbox 350 769 558 839; x_wconf 87' lang='lat' dir='ltr'>corporum,</span> <span class='ocrx_word' id='word_1_55' title='bbox 583 757 623 814; x_wconf 92' lang='lat' dir='ltr'>ut</span> <span class='ocrx_word' id='word_1_56' title='bbox 636 743 733 814; x_wconf 88' lang='lat' dir='ltr'>Deus</span> <span class='ocrx_word' id='word_1_57' title='bbox 746 744 920 814; x_wconf 89' lang='lat' dir='ltr'>censuerit</span> <span class='ocrx_word' id='word_1_58' title='bbox 934 745 1069 814; x_wconf 88' lang='lat' dir='ltr'>animas</span> <span class='ocrx_word' id='word_1_59' title='bbox 1084 746 1117 814; x_wconf 89' lang='lat' dir='ltr'>ei</span> <span class='ocrx_word' id='word_1_60' title='bbox 1130 769 1226 814; x_wconf 85' lang='lat' dir='ltr'>com·</span> <span class='ocrx_word' id='word_1_61' title='bbox 1277 747 1338 814; x_wconf 88' lang='lat' dir='ltr'>sed</span> <span class='ocrx_word' id='word_1_62' title='bbox 1356 767 1398 814; x_wconf 85' lang='lat' dir='ltr'>ex</span> <span class='ocrx_word' id='word_1_63' title='bbox 1415 745 1546 814; x_wconf 87' lang='lat' dir='ltr'>forensi</span> <span class='ocrx_word' id='word_1_64' title='bbox 1565 746 1669 816; x_wconf 87' lang='lat' dir='ltr'>turba</span> <span class='ocrx_word' id='word_1_65' title='bbox 1686 747 1731 816; x_wconf 92' lang='lat' dir='ltr'>ad</span> <span class='ocrx_word' id='word_1_66' title='bbox 1754 759 1892 816; x_wconf 90' lang='lat' dir='ltr'>tantum</span> <span class='ocrx_word' id='word_1_67' title='bbox 1910 771 2042 820; x_wconf 88' lang='lat' dir='ltr'>munus</span> <span class='ocrx_word' id='word_1_68' title='bbox 2062 753 2257 828; x_wconf 85' lang='lat' dir='ltr'>accersitum</span> 
     </span>
     <span class='ocr_line' id='line_1_6' title="bbox 235 844 2260 948; baseline -0.001 -21"><span class='ocrx_word' id='word_1_69' title='bbox 235 852 552 948; x_wconf 83' lang='lat' dir='ltr'>mendandasesse.</span> <span class='ocrx_word' id='word_1_70' title='bbox 594 844 693 916; x_wconf 90' lang='lat' dir='ltr'>ldem</span> <span class='ocrx_word' id='word_1_71' title='bbox 709 857 852 916; x_wconf 90' lang='lat' dir='ltr'>testatus</span> <span class='ocrx_word' id='word_1_72' title='bbox 868 861 919 918; x_wconf 89' lang='lat' dir='ltr'>est</span> <span class='ocrx_word' id='word_1_73' title='bbox 934 847 1132 917; x_wconf 90' lang='lat' dir='ltr'>libertatem</span> <span class='ocrx_word' id='word_1_74' title='bbox 1152 847 1227 918; x_wconf 86' lang='lat' dir='ltr'>eius</span> <span class='ocrx_word' id='word_1_75' title='bbox 1277 869 1361 920; x_wconf 88' lang='lat' dir='ltr'>esse.</span> <span class='ocrx_word' id='word_1_76' title='bbox 1413 844 1538 916; x_wconf 90' lang='lat' dir='ltr'>Sedut</span> <span class='ocrx_word' id='word_1_77' title='bbox 1558 847 1597 916; x_wconf 93' lang='lat' dir='ltr'>in</span> <span class='ocrx_word' id='word_1_78' title='bbox 1612 847 1783 918; x_wconf 73' lang='lat' dir='ltr'>nostriset</span> <span class='ocrx_word' id='word_1_79' title='bbox 1803 849 1841 918; x_wconf 92' lang='lat' dir='ltr'>in</span> <span class='ocrx_word' id='word_1_80' title='bbox 1858 851 1933 920; x_wconf 89' lang='lat' dir='ltr'>acie</span> <span class='ocrx_word' id='word_1_81' title='bbox 1956 853 2122 924; x_wconf 88' lang='lat' dir='ltr'>locusest</span> <span class='ocrx_word' id='word_1_82' title='bbox 2138 854 2260 944; x_wconf 87' lang='lat' dir='ltr'>pietati,</span> 
     </span>
     <span class='ocr_line' id='line_1_7' title="bbox 234 945 2259 1044; baseline -0.001 -17"><span class='ocrx_word' id='word_1_83' title='bbox 234 957 276 1027; x_wconf 90' lang='lat' dir='ltr'>in</span> <span class='ocrx_word' id='word_1_84' title='bbox 289 952 439 1026; x_wconf 82' lang='lat' dir='ltr'>decretis</span> <span class='ocrx_word' id='word_1_85' title='bbox 452 949 575 1022; x_wconf 82' lang='lat' dir='ltr'>aulicis</span> <span class='ocrx_word' id='word_1_86' title='bbox 588 945 901 1037; x_wconf 89' lang='lat' dir='ltr'>etMagistratuum</span> <span class='ocrx_word' id='word_1_87' title='bbox 917 948 1126 1019; x_wconf 85' lang='lat' dir='ltr'>inferiorum</span> <span class='ocrx_word' id='word_1_88' title='bbox 1142 949 1227 1020; x_wconf 88' lang='lat' dir='ltr'>actis</span> <span class='ocrx_word' id='word_1_89' title='bbox 1276 971 1317 1016; x_wconf 92' lang='lat' dir='ltr'>ac</span> <span class='ocrx_word' id='word_1_90' title='bbox 1332 949 1370 1016; x_wconf 93' lang='lat' dir='ltr'>in</span> <span class='ocrx_word' id='word_1_91' title='bbox 1388 947 1448 1017; x_wconf 89' lang='lat' dir='ltr'>illa</span> <span class='ocrx_word' id='word_1_92' title='bbox 1465 972 1585 1018; x_wconf 89' lang='lat' dir='ltr'>rerum</span> <span class='ocrx_word' id='word_1_93' title='bbox 1600 949 1845 1038; x_wconf 79' lang='lat' dir='ltr'>magnitudine</span> <span class='ocrx_word' id='word_1_94' title='bbox 1858 954 2046 1044; x_wconf 79' lang='lat' dir='ltr'>praecipue</span> <span class='ocrx_word' id='word_1_95' title='bbox 2063 956 2157 1025; x_wconf 90' lang='lat' dir='ltr'>lucet</span> <span class='ocrx_word' id='word_1_96' title='bbox 2171 956 2259 1038; x_wconf 87' lang='lat' dir='ltr'>tides,</span> 
     </span>
     <span class='ocr_line' id='line_1_8' title="bbox 236 1049 2260 1152; baseline -0.002 -22"><span class='ocrx_word' id='word_1_97' title='bbox 236 1051 539 1152; x_wconf 85' lang='lat' dir='ltr'>reprehendendis</span> <span class='ocrx_word' id='word_1_98' title='bbox 557 1073 594 1120; x_wconf 87' lang='lat' dir='ltr'>se</span> <span class='ocrx_word' id='word_1_99' title='bbox 610 1049 818 1140; x_wconf 86' lang='lat' dir='ltr'>comperisse</span> <span class='ocrx_word' id='word_1_100' title='bbox 835 1065 870 1122; x_wconf 90' lang='lat' dir='ltr'>et</span> <span class='ocrx_word' id='word_1_101' title='bbox 891 1053 1054 1142; x_wconf 88' lang='lat' dir='ltr'>probare.</span> <span class='ocrx_word' id='word_1_102' title='bbox 1107 1049 1228 1142; x_wconf 92' lang='lat' dir='ltr'>Popu·</span> <span class='ocrx_word' id='word_1_103' title='bbox 1277 1063 1317 1120; x_wconf 93' lang='lat' dir='ltr'>ut</span> <span class='ocrx_word' id='word_1_104' title='bbox 1340 1050 1378 1118; x_wconf 91' lang='lat' dir='ltr'>in</span> <span class='ocrx_word' id='word_1_105' title='bbox 1392 1049 1529 1120; x_wconf 82' lang='lat' dir='ltr'>Davide</span> <span class='ocrx_word' id='word_1_106' title='bbox 1556 1063 1590 1120; x_wconf 88' lang='lat' dir='ltr'>et</span> <span class='ocrx_word' id='word_1_107' title='bbox 1613 1050 1804 1122; x_wconf 85' lang='lat' dir='ltr'>similibus:</span> <span class='ocrx_word' id='word_1_108' title='bbox 1831 1053 1879 1122; x_wconf 92' lang='lat' dir='ltr'>ita</span> <span class='ocrx_word' id='word_1_109' title='bbox 1900 1054 1939 1122; x_wconf 88' lang='lat' dir='ltr'>in</span> <span class='ocrx_word' id='word_1_110' title='bbox 1956 1069 2075 1150; x_wconf 82' lang='lat' dir='ltr'>togata</span> <span class='ocrx_word' id='word_1_111' title='bbox 2091 1059 2260 1146; x_wconf 88' lang='lat' dir='ltr'>guberna-</span> 
     </span>
     <span class='ocr_line' id='line_1_9' title="bbox 236 1151 2259 1245; baseline -0.001 -14"><span class='ocrx_word' id='word_1_112' title='bbox 236 1162 294 1232; x_wconf 91' lang='lat' dir='ltr'>lus</span> <span class='ocrx_word' id='word_1_113' title='bbox 310 1183 394 1228; x_wconf 89' lang='lat' dir='ltr'>vero</span> <span class='ocrx_word' id='word_1_114' title='bbox 416 1155 465 1225; x_wconf 85' lang='lat' dir='ltr'>sic</span> <span class='ocrx_word' id='word_1_115' title='bbox 485 1177 565 1222; x_wconf 89' lang='lat' dir='ltr'>cum</span> <span class='ocrx_word' id='word_1_116' title='bbox 582 1151 721 1235; x_wconf 81' lang='lat' dir='ltr'>dilexit,</span> <span class='ocrx_word' id='word_1_117' title='bbox 747 1163 881 1222; x_wconf 85' lang='lat' dir='ltr'>utrum</span> <span class='ocrx_word' id='word_1_118' title='bbox 902 1153 1050 1224; x_wconf 85' lang='lat' dir='ltr'>fuissent</span> <span class='ocrx_word' id='word_1_119' title='bbox 1067 1166 1167 1222; x_wconf 90' lang='lat' dir='ltr'>antea</span> <span class='ocrx_word' id='word_1_120' title='bbox 1184 1155 1228 1221; x_wconf 91' lang='lat' dir='ltr'>de</span> <span class='ocrx_word' id='word_1_121' title='bbox 1278 1152 1375 1221; x_wconf 90' lang='lat' dir='ltr'>tione</span> <span class='ocrx_word' id='word_1_122' title='bbox 1399 1175 1439 1220; x_wconf 89' lang='lat' dir='ltr'>ac</span> <span class='ocrx_word' id='word_1_123' title='bbox 1460 1153 1498 1220; x_wconf 91' lang='lat' dir='ltr'>in</span> <span class='ocrx_word' id='word_1_124' title='bbox 1523 1153 1601 1222; x_wconf 83' lang='lat' dir='ltr'>loro</span> <span class='ocrx_word' id='word_1_125' title='bbox 1624 1153 1755 1224; x_wconf 88' lang='lat' dir='ltr'>multos</span> <span class='ocrx_word' id='word_1_126' title='bbox 1777 1175 1852 1222; x_wconf 84' lang='lat' dir='ltr'>esse</span> <span class='ocrx_word' id='word_1_127' title='bbox 1873 1156 1972 1245; x_wconf 88' lang='lat' dir='ltr'>pios,</span> <span class='ocrx_word' id='word_1_128' title='bbox 2002 1181 2077 1228; x_wconf 91' lang='lat' dir='ltr'>non</span> <span class='ocrx_word' id='word_1_129' title='bbox 2099 1159 2259 1229; x_wconf 90' lang='lat' dir='ltr'>dubitan-</span> 
     </span>
     <span class='ocr_line' id='line_1_10' title="bbox 238 1248 2259 1350; baseline -0.002 -16"><span class='ocrx_word' id='word_1_130' title='bbox 238 1262 409 1334; x_wconf 89' lang='lat' dir='ltr'>electione</span> <span class='ocrx_word' id='word_1_131' title='bbox 442 1277 568 1345; x_wconf 91' lang='lat' dir='ltr'>magna</span> <span class='ocrx_word' id='word_1_132' title='bbox 598 1254 787 1323; x_wconf 90' lang='lat' dir='ltr'>certamina</span> <span class='ocrx_word' id='word_1_133' title='bbox 813 1248 910 1322; x_wconf 86' lang='lat' dir='ltr'>hurrc</span> <span class='ocrx_word' id='word_1_134' title='bbox 935 1255 1116 1325; x_wconf 89' lang='lat' dir='ltr'>communi</span> <span class='ocrx_word' id='word_1_135' title='bbox 1141 1279 1228 1324; x_wconf 91' lang='lat' dir='ltr'>con·</span> <span class='ocrx_word' id='word_1_136' title='bbox 1278 1255 1365 1322; x_wconf 85' lang='lat' dir='ltr'>drrm</span> <span class='ocrx_word' id='word_1_137' title='bbox 1382 1268 1450 1334; x_wconf 90' lang='lat' dir='ltr'>est,</span> <span class='ocrx_word' id='word_1_138' title='bbox 1478 1255 1721 1346; x_wconf 90' lang='lat' dir='ltr'>acpraecipue</span> <span class='ocrx_word' id='word_1_139' title='bbox 1736 1267 1822 1325; x_wconf 88' lang='lat' dir='ltr'>tuuc</span> <span class='ocrx_word' id='word_1_140' title='bbox 1844 1270 1961 1340; x_wconf 90' lang='lat' dir='ltr'>erant,</span> <span class='ocrx_word' id='word_1_141' title='bbox 1984 1283 2064 1329; x_wconf 87' lang='lat' dir='ltr'>cum</span> <span class='ocrx_word' id='word_1_142' title='bbox 2080 1261 2259 1350; x_wconf 85' lang='lat' dir='ltr'>disciplina</span> 
     </span>
     <span class='ocr_line' id='line_1_11' title="bbox 239 1351 2260 1455; baseline -0.004 -17"><span class='ocrx_word' id='word_1_143' title='bbox 239 1387 344 1438; x_wconf 79' lang='lat' dir='ltr'>seusu</span> <span class='ocrx_word' id='word_1_144' title='bbox 359 1363 403 1430; x_wconf 90' lang='lat' dir='ltr'>ad</span> <span class='ocrx_word' id='word_1_145' title='bbox 417 1355 584 1449; x_wconf 85' lang='lat' dir='ltr'>Episcopi</span> <span class='ocrx_word' id='word_1_146' title='bbox 600 1377 730 1424; x_wconf 90' lang='lat' dir='ltr'>munus</span> <span class='ocrx_word' id='word_1_147' title='bbox 745 1358 889 1426; x_wconf 83' lang='lat' dir='ltr'>vocarit.</span> <span class='ocrx_word' id='word_1_148' title='bbox 1277 1351 1562 1426; x_wconf 89' lang='lat' dir='ltr'>Christianorum</span> <span class='ocrx_word' id='word_1_149' title='bbox 1584 1357 1741 1426; x_wconf 89' lang='lat' dir='ltr'>severior</span> <span class='ocrx_word' id='word_1_150' title='bbox 1758 1369 1859 1430; x_wconf 86' lang='lat' dir='ltr'>esset.</span> <span class='ocrx_word' id='word_1_151' title='bbox 1911 1357 2072 1430; x_wconf 78' lang='lat' dir='ltr'>Fratrem</span> <span class='ocrx_word' id='word_1_152' title='bbox 2088 1360 2260 1455; x_wconf 83' lang='lat' dir='ltr'>Satyrum,</span> 
     </span>
    </p>

    <p class='ocr_par' dir='ltr' id='par_1_3' title="bbox 238 1453 2260 1963">
     <span class='ocr_line' id='line_1_12' title="bbox 326 1453 2260 1552; baseline 0.001 -20"><span class='ocrx_word' id='word_1_153' title='bbox 326 1463 556 1538; x_wconf 83' lang='lat' dir='ltr'>Pervaserant</span> <span class='ocrx_word' id='word_1_154' title='bbox 571 1457 609 1526; x_wconf 89' lang='lat' dir='ltr'>in</span> <span class='ocrx_word' id='word_1_155' title='bbox 625 1455 762 1526; x_wconf 88' lang='lat' dir='ltr'>ltaliam</span> <span class='ocrx_word' id='word_1_156' title='bbox 779 1457 938 1546; x_wconf 87' lang='lat' dir='ltr'>contagia</span> <span class='ocrx_word' id='word_1_157' title='bbox 954 1457 1045 1528; x_wconf 91' lang='lat' dir='ltr'>labis</span> <span class='ocrx_word' id='word_1_158' title='bbox 1063 1453 1228 1542; x_wconf 77' lang='lat' dir='ltr'>Arianae,</span> <span class='ocrx_word' id='word_1_159' title='bbox 1277 1457 1335 1526; x_wconf 92' lang='lat' dir='ltr'>cui</span> <span class='ocrx_word' id='word_1_160' title='bbox 1350 1469 1424 1528; x_wconf 91' lang='lat' dir='ltr'>tota</span> <span class='ocrx_word' id='word_1_161' title='bbox 1439 1457 1512 1526; x_wconf 86' lang='lat' dir='ltr'>vita</span> <span class='ocrx_word' id='word_1_162' title='bbox 1528 1458 1566 1526; x_wconf 92' lang='lat' dir='ltr'>in</span> <span class='ocrx_word' id='word_1_163' title='bbox 1581 1457 1660 1526; x_wconf 78' lang='lat' dir='ltr'>foro</span> <span class='ocrx_word' id='word_1_164' title='bbox 1673 1471 1748 1528; x_wconf 90' lang='lat' dir='ltr'>acta</span> <span class='ocrx_word' id='word_1_165' title='bbox 1763 1471 1828 1542; x_wconf 90' lang='lat' dir='ltr'>est,</span> <span class='ocrx_word' id='word_1_166' title='bbox 1854 1459 1904 1530; x_wconf 90' lang='lat' dir='ltr'>ita</span> <span class='ocrx_word' id='word_1_167' title='bbox 1918 1463 2099 1552; x_wconf 90' lang='lat' dir='ltr'>praedicat</span> <span class='ocrx_word' id='word_1_168' title='bbox 2115 1463 2260 1534; x_wconf 85' lang='lat' dir='ltr'>Ambro-</span> 
     </span>
     <span class='ocr_line' id='line_1_13' title="bbox 239 1554 1845 1650; baseline -0.006 -11"><span class='ocrx_word' id='word_1_169' title='bbox 239 1582 274 1639; x_wconf 88' lang='lat' dir='ltr'>et</span> <span class='ocrx_word' id='word_1_170' title='bbox 294 1561 493 1638; x_wconf 85' lang='lat' dir='ltr'>Auxentius</span> <span class='ocrx_word' id='word_1_171' title='bbox 517 1558 717 1628; x_wconf 90' lang='lat' dir='ltr'>Mediolani</span> <span class='ocrx_word' id='word_1_172' title='bbox 740 1554 957 1650; x_wconf 85' lang='lat' dir='ltr'>Episcopus,</span> <span class='ocrx_word' id='word_1_173' title='bbox 991 1584 1071 1629; x_wconf 89' lang='lat' dir='ltr'>cum</span> <span class='ocrx_word' id='word_1_174' title='bbox 1095 1561 1229 1630; x_wconf 88' lang='lat' dir='ltr'>faveret</span> <span class='ocrx_word' id='word_1_175' title='bbox 1278 1559 1371 1644; x_wconf 89' lang='lat' dir='ltr'>sius,</span> <span class='ocrx_word' id='word_1_176' title='bbox 1401 1573 1441 1630; x_wconf 92' lang='lat' dir='ltr'>ut</span> <span class='ocrx_word' id='word_1_177' title='bbox 1457 1559 1527 1628; x_wconf 87' lang='lat' dir='ltr'>sibi</span> <span class='ocrx_word' id='word_1_178' title='bbox 1543 1560 1647 1630; x_wconf 90' lang='lat' dir='ltr'>etiam</span> <span class='ocrx_word' id='word_1_179' title='bbox 1662 1561 1845 1632; x_wconf 86' lang='lat' dir='ltr'>anteferat.</span> 
     </span>
     <span class='ocr_line' id='line_1_14' title="bbox 239 1657 2260 1756; baseline -0.003 -16"><span class='ocrx_word' id='word_1_180' title='bbox 239 1666 384 1740; x_wconf 86' lang='lat' dir='ltr'>Arianis</span> <span class='ocrx_word' id='word_1_181' title='bbox 415 1674 584 1756; x_wconf 89' lang='lat' dir='ltr'>sparserat</span> <span class='ocrx_word' id='word_1_182' title='bbox 622 1684 745 1730; x_wconf 93' lang='lat' dir='ltr'>eorum</span> <span class='ocrx_word' id='word_1_183' title='bbox 778 1683 953 1728; x_wconf 90' lang='lat' dir='ltr'>venenum</span> <span class='ocrx_word' id='word_1_184' title='bbox 977 1661 1017 1730; x_wconf 89' lang='lat' dir='ltr'>in</span> <span class='ocrx_word' id='word_1_185' title='bbox 1043 1663 1227 1753; x_wconf 91' lang='lat' dir='ltr'>populum.</span> <span class='ocrx_word' id='word_1_186' title='bbox 1379 1657 1428 1732; x_wconf 89' lang='lat' dir='ltr'>Et</span> <span class='ocrx_word' id='word_1_187' title='bbox 1452 1683 1533 1732; x_wconf 88' lang='lat' dir='ltr'>com</span> <span class='ocrx_word' id='word_1_188' title='bbox 1555 1661 1672 1732; x_wconf 82' lang='lat' dir='ltr'>o&#39;mnis</span> <span class='ocrx_word' id='word_1_189' title='bbox 1693 1661 1902 1751; x_wconf 77' lang='lat' dir='ltr'>gubernatio</span> <span class='ocrx_word' id='word_1_190' title='bbox 1923 1663 2121 1754; x_wconf 85' lang='lat' dir='ltr'>plurimum</span> <span class='ocrx_word' id='word_1_191' title='bbox 2144 1658 2260 1736; x_wconf 86' lang='lat' dir='ltr'>habeat</span> 
     </span>
     <span class='ocr_line' id='line_1_15' title="bbox 238 1760 2260 1855; baseline -0.003 -14"><span class='ocrx_word' id='word_1_192' title='bbox 238 1770 334 1841; x_wconf 86' lang='lat' dir='ltr'>Hinc</span> <span class='ocrx_word' id='word_1_193' title='bbox 350 1781 427 1838; x_wconf 91' lang='lat' dir='ltr'>orta</span> <span class='ocrx_word' id='word_1_194' title='bbox 444 1762 620 1834; x_wconf 90' lang='lat' dir='ltr'>discordia</span> <span class='ocrx_word' id='word_1_195' title='bbox 634 1761 775 1832; x_wconf 89' lang='lat' dir='ltr'>duravit</span> <span class='ocrx_word' id='word_1_196' title='bbox 790 1776 869 1852; x_wconf 92' lang='lat' dir='ltr'>post</span> <span class='ocrx_word' id='word_1_197' title='bbox 882 1775 1032 1832; x_wconf 89' lang='lat' dir='ltr'>mortem</span> <span class='ocrx_word' id='word_1_198' title='bbox 1047 1760 1242 1846; x_wconf 56' lang='lat' dir='ltr'>Auxentii„</span> <span class='ocrx_word' id='word_1_199' title='bbox 1277 1763 1535 1854; x_wconf 85' lang='lat' dir='ltr'>periculorum,</span> <span class='ocrx_word' id='word_1_200' title='bbox 1568 1765 1700 1832; x_wconf 91' lang='lat' dir='ltr'>multae</span> <span class='ocrx_word' id='word_1_201' title='bbox 1725 1785 1760 1832; x_wconf 90' lang='lat' dir='ltr'>se</span> <span class='ocrx_word' id='word_1_202' title='bbox 1783 1764 1822 1831; x_wconf 91' lang='lat' dir='ltr'>in</span> <span class='ocrx_word' id='word_1_203' title='bbox 1845 1765 1942 1833; x_wconf 92' lang='lat' dir='ltr'>curia</span> <span class='ocrx_word' id='word_1_204' title='bbox 1971 1765 2041 1855; x_wconf 91' lang='lat' dir='ltr'>piis</span> <span class='ocrx_word' id='word_1_205' title='bbox 2069 1767 2260 1836; x_wconf 86' lang='lat' dir='ltr'>occasiones</span> 
     </span>
     <span class='ocr_line' id='line_1_16' title="bbox 238 1859 2259 1963; baseline -0.001 -23"><span class='ocrx_word' id='word_1_206' title='bbox 238 1871 463 1963; x_wconf 82' lang='lat' dir='ltr'>Flagitabant</span> <span class='ocrx_word' id='word_1_207' title='bbox 477 1865 585 1956; x_wconf 89' lang='lat' dir='ltr'>igitur</span> <span class='ocrx_word' id='word_1_208' title='bbox 599 1864 650 1962; x_wconf 74' lang='lat' dir='ltr'>pii</span> <span class='ocrx_word' id='word_1_209' title='bbox 667 1859 881 1954; x_wconf 85' lang='lat' dir='ltr'>Episcopum</span> <span class='ocrx_word' id='word_1_210' title='bbox 900 1877 992 1934; x_wconf 91' lang='lat' dir='ltr'>recte</span> <span class='ocrx_word' id='word_1_211' title='bbox 1007 1865 1228 1952; x_wconf 88' lang='lat' dir='ltr'>sentientem,</span> <span class='ocrx_word' id='word_1_212' title='bbox 1278 1866 1490 1934; x_wconf 82' lang='lat' dir='ltr'>exercendae</span> <span class='ocrx_word' id='word_1_213' title='bbox 1505 1865 1585 1932; x_wconf 86' lang='lat' dir='ltr'>fidei</span> <span class='ocrx_word' id='word_1_214' title='bbox 1601 1865 1766 1934; x_wconf 86' lang='lat' dir='ltr'>offerunt.</span> <span class='ocrx_word' id='word_1_215' title='bbox 1809 1862 1947 1936; x_wconf 88' lang='lat' dir='ltr'>Deinde</span> <span class='ocrx_word' id='word_1_216' title='bbox 1969 1867 2123 1936; x_wconf 84' lang='lat' dir='ltr'>forensis</span> <span class='ocrx_word' id='word_1_217' title='bbox 2148 1868 2259 1960; x_wconf 91' lang='lat' dir='ltr'>dispu-</span> 
     </span>
    </p>
   </div>
   <div class='ocr_carea' id='block_1_3' title="bbox 112 1963 2259 2060">
    <p class='ocr_par' dir='ltr' id='par_1_4' title="bbox 112 1963 2259 2060">
     <span class='ocr_line' id='line_1_17' title="bbox 112 1963 2259 2060; baseline -0.006 -9"><span class='ocrx_word' id='word_1_218' title='bbox 112 1969 116 1978; x_wconf 50' lang='grc'><strong>“</strong></span> <span class='ocrx_word' id='word_1_219' title='bbox 239 1974 366 2046; x_wconf 87' lang='lat' dir='ltr'>caeteri</span> <span class='ocrx_word' id='word_1_220' title='bbox 380 1993 464 2042; x_wconf 90' lang='lat' dir='ltr'>vero</span> <span class='ocrx_word' id='word_1_221' title='bbox 487 1965 608 2035; x_wconf 88' lang='lat' dir='ltr'>infecti</span> <span class='ocrx_word' id='word_1_222' title='bbox 621 1964 702 2034; x_wconf 92' lang='lat' dir='ltr'>Arii</span> <span class='ocrx_word' id='word_1_223' title='bbox 719 1987 856 2034; x_wconf 90' lang='lat' dir='ltr'>veneno</span> <span class='ocrx_word' id='word_1_224' title='bbox 870 1967 1085 2058; x_wconf 89' lang='lat' dir='ltr'>quaerebant</span> <span class='ocrx_word' id='word_1_225' title='bbox 1099 1969 1154 2036; x_wconf 91' lang='lat' dir='ltr'>sui</span> <span class='ocrx_word' id='word_1_226' title='bbox 1171 1991 1228 2036; x_wconf 89' lang='lat' dir='ltr'>er·</span> <span class='ocrx_word' id='word_1_227' title='bbox 1276 1967 1364 2034; x_wconf 89' lang='lat' dir='ltr'>tatio</span> <span class='ocrx_word' id='word_1_228' title='bbox 1387 1965 1465 2034; x_wconf 88' lang='lat' dir='ltr'>viro</span> <span class='ocrx_word' id='word_1_229' title='bbox 1487 1967 1583 2036; x_wconf 92' lang='lat' dir='ltr'>bono</span> <span class='ocrx_word' id='word_1_230' title='bbox 1611 1967 1737 2036; x_wconf 84' lang='lat' dir='ltr'>eximia</span> <span class='ocrx_word' id='word_1_231' title='bbox 1762 1967 1933 2060; x_wconf 90' lang='lat' dir='ltr'>quaedam</span> <span class='ocrx_word' id='word_1_232' title='bbox 1951 1963 2185 2059; x_wconf 89' lang='lat' dir='ltr'>Philosophia</span> <span class='ocrx_word' id='word_1_233' title='bbox 2208 1985 2259 2046; x_wconf 83' lang='lat' dir='ltr'>est.</span> 
     </span>
    </p>
   </div>
   <div class='ocr_carea' id='block_1_4' title="bbox 148 2061 2290 5518">
    <p class='ocr_par' dir='ltr' id='par_1_5' title="bbox 148 2061 2259 3388">
     <span class='ocr_line' id='line_1_18' title="bbox 238 2061 2259 2166; baseline -0.005 -17"><span class='ocrx_word' id='word_1_234' title='bbox 238 2076 330 2150; x_wconf 89' lang='lat' dir='ltr'>roris</span> <span class='ocrx_word' id='word_1_235' title='bbox 346 2081 655 2166; x_wconf 85' lang='lat' dir='ltr'>propugnatorem.</span> <span class='ocrx_word' id='word_1_236' title='bbox 705 2061 860 2136; x_wconf 91' lang='lat' dir='ltr'>Duravit</span> <span class='ocrx_word' id='word_1_237' title='bbox 881 2079 1057 2138; x_wconf 89' lang='lat' dir='ltr'>certamen</span> <span class='ocrx_word' id='word_1_238' title='bbox 1079 2091 1142 2160; x_wconf 92' lang='lat' dir='ltr'>per</span> <span class='ocrx_word' id='word_1_239' title='bbox 1159 2069 1228 2138; x_wconf 89' lang='lat' dir='ltr'>ali·</span> <span class='ocrx_word' id='word_1_240' title='bbox 1277 2065 1346 2136; x_wconf 90' lang='lat' dir='ltr'>Hic</span> <span class='ocrx_word' id='word_1_241' title='bbox 1380 2068 1485 2137; x_wconf 89' lang='lat' dir='ltr'>discit</span> <span class='ocrx_word' id='word_1_242' title='bbox 1517 2069 1632 2158; x_wconf 91' lang='lat' dir='ltr'>legum</span> <span class='ocrx_word' id='word_1_243' title='bbox 1659 2091 1799 2154; x_wconf 91' lang='lat' dir='ltr'>causas,</span> <span class='ocrx_word' id='word_1_244' title='bbox 1840 2069 1970 2164; x_wconf 88' lang='lat' dir='ltr'>quibus</span> <span class='ocrx_word' id='word_1_245' title='bbox 2003 2070 2259 2154; x_wconf 85' lang='lat' dir='ltr'>animadversis,</span> 
     </span>
     <span class='ocr_line' id='line_1_19' title="bbox 240 2163 2257 2272; baseline -0.003 -25"><span class='ocrx_word' id='word_1_246' title='bbox 240 2189 328 2272; x_wconf 91' lang='lat' dir='ltr'>quot</span> <span class='ocrx_word' id='word_1_247' title='bbox 349 2175 441 2245; x_wconf 90' lang='lat' dir='ltr'>dies:</span> <span class='ocrx_word' id='word_1_248' title='bbox 468 2194 550 2240; x_wconf 92' lang='lat' dir='ltr'>nam</span> <span class='ocrx_word' id='word_1_249' title='bbox 573 2189 711 2260; x_wconf 87' lang='lat' dir='ltr'>praeses</span> <span class='ocrx_word' id='word_1_250' title='bbox 734 2163 945 2238; x_wconf 89' lang='lat' dir='ltr'>Ambrosius</span> <span class='ocrx_word' id='word_1_251' title='bbox 968 2169 1072 2240; x_wconf 91' lang='lat' dir='ltr'>initio</span> <span class='ocrx_word' id='word_1_252' title='bbox 1094 2194 1228 2240; x_wconf 70' lang='lat' dir='ltr'>senon</span> <span class='ocrx_word' id='word_1_253' title='bbox 1276 2169 1387 2259; x_wconf 90' lang='lat' dir='ltr'>leges,</span> <span class='ocrx_word' id='word_1_254' title='bbox 1420 2169 1587 2260; x_wconf 89' lang='lat' dir='ltr'>imperia,</span> <span class='ocrx_word' id='word_1_255' title='bbox 1616 2170 1805 2255; x_wconf 90' lang='lat' dir='ltr'>iustitiam,</span> <span class='ocrx_word' id='word_1_256' title='bbox 1830 2171 1927 2240; x_wconf 86' lang='lat' dir='ltr'>videt</span> <span class='ocrx_word' id='word_1_257' title='bbox 1950 2193 2006 2240; x_wconf 91' lang='lat' dir='ltr'>res</span> <span class='ocrx_word' id='word_1_258' title='bbox 2029 2171 2172 2240; x_wconf 88' lang='lat' dir='ltr'>divinas</span> <span class='ocrx_word' id='word_1_259' title='bbox 2195 2196 2257 2242; x_wconf 89' lang='lat' dir='ltr'>esse</span> 
     </span>
     <span class='ocr_line' id='line_1_20' title="bbox 239 2267 2259 2364; baseline -0.005 -12"><span class='ocrx_word' id='word_1_260' title='bbox 239 2275 446 2360; x_wconf 86' lang='lat' dir='ltr'>admiscuit,</span> <span class='ocrx_word' id='word_1_261' title='bbox 476 2295 522 2340; x_wconf 91' lang='lat' dir='ltr'>ne</span> <span class='ocrx_word' id='word_1_262' title='bbox 544 2267 833 2360; x_wconf 84' lang='lat' dir='ltr'>suffragationem</span> <span class='ocrx_word' id='word_1_263' title='bbox 853 2271 977 2363; x_wconf 91' lang='lat' dir='ltr'>populi</span> <span class='ocrx_word' id='word_1_264' title='bbox 987 2284 1133 2364; x_wconf 89' lang='lat' dir='ltr'>praeter</span> <span class='ocrx_word' id='word_1_265' title='bbox 1150 2297 1228 2342; x_wconf 87' lang='lat' dir='ltr'>mo·</span> <span class='ocrx_word' id='word_1_266' title='bbox 1277 2285 1312 2340; x_wconf 91' lang='lat' dir='ltr'>et</span> <span class='ocrx_word' id='word_1_267' title='bbox 1326 2271 1433 2361; x_wconf 90' lang='lat' dir='ltr'>magis</span> <span class='ocrx_word' id='word_1_268' title='bbox 1449 2284 1648 2341; x_wconf 88' lang='lat' dir='ltr'>veneratur.</span> <span class='ocrx_word' id='word_1_269' title='bbox 1690 2267 1798 2340; x_wconf 91' lang='lat' dir='ltr'>Acuit</span> <span class='ocrx_word' id='word_1_270' title='bbox 1813 2272 1918 2341; x_wconf 89' lang='lat' dir='ltr'>etiam</span> <span class='ocrx_word' id='word_1_271' title='bbox 1935 2271 2076 2360; x_wconf 91' lang='lat' dir='ltr'>ingenia</span> <span class='ocrx_word' id='word_1_272' title='bbox 2093 2275 2259 2343; x_wconf 88' lang='lat' dir='ltr'>subtilitas</span> 
     </span>
     <span class='ocr_line' id='line_1_21' title="bbox 238 2369 2258 2470; baseline -0.003 -17"><span class='ocrx_word' id='word_1_273' title='bbox 238 2403 314 2453; x_wconf 88' lang='lat' dir='ltr'>rem</span> <span class='ocrx_word' id='word_1_274' title='bbox 340 2374 512 2470; x_wconf 89' lang='lat' dir='ltr'>impedire</span> <span class='ocrx_word' id='word_1_275' title='bbox 538 2373 728 2446; x_wconf 91' lang='lat' dir='ltr'>videretur.</span> <span class='ocrx_word' id='word_1_276' title='bbox 779 2369 942 2442; x_wconf 88' lang='lat' dir='ltr'>Tandem</span> <span class='ocrx_word' id='word_1_277' title='bbox 971 2396 1050 2442; x_wconf 89' lang='lat' dir='ltr'>curn</span> <span class='ocrx_word' id='word_1_278' title='bbox 1074 2374 1227 2444; x_wconf 88' lang='lat' dir='ltr'>incensis</span> <span class='ocrx_word' id='word_1_279' title='bbox 1277 2373 1576 2462; x_wconf 87' lang='lat' dir='ltr'>disputationum,</span> <span class='ocrx_word' id='word_1_280' title='bbox 1622 2384 1657 2443; x_wconf 91' lang='lat' dir='ltr'>et</span> <span class='ocrx_word' id='word_1_281' title='bbox 1689 2372 1839 2442; x_wconf 87' lang='lat' dir='ltr'>varietas</span> <span class='ocrx_word' id='word_1_282' title='bbox 1878 2375 2106 2464; x_wconf 85' lang='lat' dir='ltr'>prudentiam</span> <span class='ocrx_word' id='word_1_283' title='bbox 2147 2377 2258 2448; x_wconf 88' lang='lat' dir='ltr'>adfert.</span> 
     </span>
     <span class='ocr_line' id='line_1_22' title="bbox 239 2469 2259 2566; baseline 0.006 -33"><span class='ocrx_word' id='word_1_284' title='bbox 239 2482 387 2562; x_wconf 55' lang='lat' dir='ltr'>animis,</span> <span class='ocrx_word' id='word_1_285' title='bbox 422 2474 612 2548; x_wconf 71' lang='lat' dir='ltr'>seditiones</span> <span class='ocrx_word' id='word_1_286' title='bbox 638 2487 672 2544; x_wconf 87' lang='lat' dir='ltr'>et</span> <span class='ocrx_word' id='word_1_287' title='bbox 694 2473 815 2542; x_wconf 88' lang='lat' dir='ltr'>caedes</span> <span class='ocrx_word' id='word_1_288' title='bbox 836 2473 1100 2566; x_wconf 86' lang='lat' dir='ltr'>impenderent,</span> <span class='ocrx_word' id='word_1_289' title='bbox 1130 2475 1228 2546; x_wconf 91' lang='lat' dir='ltr'>venit</span> <span class='ocrx_word' id='word_1_290' title='bbox 1278 2471 1375 2562; x_wconf 86' lang='lat' dir='ltr'>Quid</span> <span class='ocrx_word' id='word_1_291' title='bbox 1394 2475 1489 2566; x_wconf 91' lang='lat' dir='ltr'>quod</span> <span class='ocrx_word' id='word_1_292' title='bbox 1512 2473 1564 2542; x_wconf 91' lang='lat' dir='ltr'>ibi</span> <span class='ocrx_word' id='word_1_293' title='bbox 1584 2473 1879 2563; x_wconf 90' lang='lat' dir='ltr'>introspiciuntur</span> <span class='ocrx_word' id='word_1_294' title='bbox 1899 2469 2087 2545; x_wconf 91' lang='lat' dir='ltr'>hominum</span> <span class='ocrx_word' id='word_1_295' title='bbox 2104 2495 2216 2546; x_wconf 89' lang='lat' dir='ltr'>mores</span> <span class='ocrx_word' id='word_1_296' title='bbox 2231 2490 2259 2546; x_wconf 91' lang='lat' dir='ltr'>et</span> 
     </span>
     <span class='ocr_line' id='line_1_23' title="bbox 238 2573 2259 2674; baseline -0.005 -16"><span class='ocrx_word' id='word_1_297' title='bbox 238 2578 277 2658; x_wconf 87' lang='lat' dir='ltr'>in</span> <span class='ocrx_word' id='word_1_298' title='bbox 293 2581 475 2674; x_wconf 90' lang='lat' dir='ltr'>templum,</span> <span class='ocrx_word' id='word_1_299' title='bbox 498 2592 532 2648; x_wconf 90' lang='lat' dir='ltr'>et</span> <span class='ocrx_word' id='word_1_300' title='bbox 547 2573 711 2646; x_wconf 87' lang='lat' dir='ltr'>hortatur</span> <span class='ocrx_word' id='word_1_301' title='bbox 726 2589 901 2668; x_wconf 88' lang='lat' dir='ltr'>utranque</span> <span class='ocrx_word' id='word_1_302' title='bbox 915 2587 1049 2666; x_wconf 90' lang='lat' dir='ltr'>partem</span> <span class='ocrx_word' id='word_1_303' title='bbox 1065 2580 1109 2645; x_wconf 90' lang='lat' dir='ltr'>ad</span> <span class='ocrx_word' id='word_1_304' title='bbox 1127 2590 1228 2647; x_wconf 90' lang='lat' dir='ltr'>tran·</span> <span class='ocrx_word' id='word_1_305' title='bbox 1277 2589 1442 2658; x_wconf 89' lang='lat' dir='ltr'>naturae,</span> <span class='ocrx_word' id='word_1_306' title='bbox 1469 2599 1620 2666; x_wconf 89' lang='lat' dir='ltr'>quarum</span> <span class='ocrx_word' id='word_1_307' title='bbox 1637 2575 1792 2664; x_wconf 83' lang='lat' dir='ltr'>cognitio</span> <span class='ocrx_word' id='word_1_308' title='bbox 1810 2575 2057 2664; x_wconf 82' lang='lat' dir='ltr'>gubernatori,</span> <span class='ocrx_word' id='word_1_309' title='bbox 2082 2581 2130 2647; x_wconf 87' lang='lat' dir='ltr'>ad</span> <span class='ocrx_word' id='word_1_310' title='bbox 2145 2603 2259 2648; x_wconf 90' lang='lat' dir='ltr'>caven-</span> 
     </span>
     <span class='ocr_line' id='line_1_24' title="bbox 230 2676 2259 2786; baseline -0.007 -25"><span class='ocrx_word' id='word_1_311' title='bbox 230 2685 471 2786; x_wconf 64' lang='lat' dir='ltr'>pollicarem,</span> <span class='ocrx_word' id='word_1_312' title='bbox 492 2688 742 2748; x_wconf 89' lang='lat' dir='ltr'>commemorat</span> <span class='ocrx_word' id='word_1_313' title='bbox 757 2676 930 2746; x_wconf 88' lang='lat' dir='ltr'>divinitus</span> <span class='ocrx_word' id='word_1_314' title='bbox 944 2677 1021 2744; x_wconf 91' lang='lat' dir='ltr'>dari</span> <span class='ocrx_word' id='word_1_315' title='bbox 1037 2678 1151 2748; x_wconf 89' lang='lat' dir='ltr'>bonos</span> <span class='ocrx_word' id='word_1_316' title='bbox 1166 2703 1228 2770; x_wconf 86' lang='lat' dir='ltr'>pa·</span> <span class='ocrx_word' id='word_1_317' title='bbox 1277 2681 1340 2746; x_wconf 91' lang='lat' dir='ltr'>das</span> <span class='ocrx_word' id='word_1_318' title='bbox 1362 2677 1537 2746; x_wconf 89' lang='lat' dir='ltr'>malorum</span> <span class='ocrx_word' id='word_1_319' title='bbox 1561 2677 1708 2745; x_wconf 88' lang='lat' dir='ltr'>insidias</span> <span class='ocrx_word' id='word_1_320' title='bbox 1734 2689 1768 2744; x_wconf 90' lang='lat' dir='ltr'>et</span> <span class='ocrx_word' id='word_1_321' title='bbox 1791 2679 1835 2745; x_wconf 91' lang='lat' dir='ltr'>ad</span> <span class='ocrx_word' id='word_1_322' title='bbox 1860 2677 2052 2756; x_wconf 81' lang='lat' dir='ltr'>flectendos</span> <span class='ocrx_word' id='word_1_323' title='bbox 2068 2681 2259 2750; x_wconf 88' lang='lat' dir='ltr'>moderatos</span> 
     </span>
     <span class='ocr_line' id='line_1_25' title="bbox 238 2773 2258 2875; baseline -0 -26"><span class='ocrx_word' id='word_1_324' title='bbox 238 2808 366 2875; x_wconf 59' lang='lat' dir='ltr'>grows,</span> <span class='ocrx_word' id='word_1_325' title='bbox 388 2801 429 2858; x_wconf 88' lang='lat' dir='ltr'>ut</span> <span class='ocrx_word' id='word_1_326' title='bbox 443 2781 576 2854; x_wconf 89' lang='lat' dir='ltr'>Paulus</span> <span class='ocrx_word' id='word_1_327' title='bbox 591 2779 724 2863; x_wconf 87' lang='lat' dir='ltr'>scribit,</span> <span class='ocrx_word' id='word_1_328' title='bbox 750 2790 783 2848; x_wconf 88' lang='lat' dir='ltr'>et</span> <span class='ocrx_word' id='word_1_329' title='bbox 797 2773 913 2848; x_wconf 90' lang='lat' dir='ltr'>Deum</span> <span class='ocrx_word' id='word_1_330' title='bbox 929 2780 1127 2868; x_wconf 88' lang='lat' dir='ltr'>rogandum</span> <span class='ocrx_word' id='word_1_331' title='bbox 1144 2805 1228 2862; x_wconf 91' lang='lat' dir='ltr'>csse,</span> <span class='ocrx_word' id='word_1_332' title='bbox 1277 2801 1491 2870; x_wconf 86' lang='lat' dir='ltr'>magnopere</span> <span class='ocrx_word' id='word_1_333' title='bbox 1515 2779 1696 2849; x_wconf 86' lang='lat' dir='ltr'>conducit.</span> <span class='ocrx_word' id='word_1_334' title='bbox 1754 2775 1836 2848; x_wconf 86' lang='lat' dir='ltr'>Non</span> <span class='ocrx_word' id='word_1_335' title='bbox 1861 2791 1976 2868; x_wconf 88' lang='lat' dir='ltr'>potest</span> <span class='ocrx_word' id='word_1_336' title='bbox 2005 2779 2118 2870; x_wconf 90' lang='lat' dir='ltr'>igitur</span> <span class='ocrx_word' id='word_1_337' title='bbox 2149 2779 2258 2870; x_wconf 89' lang='lat' dir='ltr'>negari</span> 
     </span>
     <span class='ocr_line' id='line_1_26' title="bbox 238 2879 2259 2978; baseline -0.004 -19"><span class='ocrx_word' id='word_1_338' title='bbox 238 2909 280 2968; x_wconf 89' lang='lat' dir='ltr'>ut</span> <span class='ocrx_word' id='word_1_339' title='bbox 306 2885 592 2978; x_wconf 87' lang='lat' dir='ltr'>suffragationem</span> <span class='ocrx_word' id='word_1_340' title='bbox 616 2893 729 2970; x_wconf 85' lang='lat' dir='ltr'>regat,</span> <span class='ocrx_word' id='word_1_341' title='bbox 760 2895 794 2950; x_wconf 92' lang='lat' dir='ltr'>et</span> <span class='ocrx_word' id='word_1_342' title='bbox 808 2893 942 2950; x_wconf 88' lang='lat' dir='ltr'>mentes</span> <span class='ocrx_word' id='word_1_343' title='bbox 959 2881 1077 2952; x_wconf 87' lang='lat' dir='ltr'>flectat</span> <span class='ocrx_word' id='word_1_344' title='bbox 1097 2883 1140 2951; x_wconf 92' lang='lat' dir='ltr'>ad</span> <span class='ocrx_word' id='word_1_345' title='bbox 1163 2882 1227 2950; x_wconf 91' lang='lat' dir='ltr'>eli·</span> <span class='ocrx_word' id='word_1_346' title='bbox 1276 2881 1397 2949; x_wconf 88' lang='lat' dir='ltr'>sutoro</span> <span class='ocrx_word' id='word_1_347' title='bbox 1413 2881 1655 2970; x_wconf 88' lang='lat' dir='ltr'>gubernatori,</span> <span class='ocrx_word' id='word_1_348' title='bbox 1676 2881 1806 2965; x_wconf 88' lang='lat' dir='ltr'>forum,</span> <span class='ocrx_word' id='word_1_349' title='bbox 1830 2879 2015 2970; x_wconf 88' lang='lat' dir='ltr'>palestram</span> <span class='ocrx_word' id='word_1_350' title='bbox 2031 2905 2106 2950; x_wconf 90' lang='lat' dir='ltr'>esse</span> <span class='ocrx_word' id='word_1_351' title='bbox 2123 2882 2259 2954; x_wconf 85' lang='lat' dir='ltr'>utilissi-</span> 
     </span>
     <span class='ocr_line' id='line_1_27' title="bbox 148 2977 2258 3091; baseline -0.007 -27"><span class='ocrx_word' id='word_1_352' title='bbox 148 3009 149 3013; x_wconf 77' lang='grc'>’</span> <span class='ocrx_word' id='word_1_353' title='bbox 238 2997 392 3091; x_wconf 89' lang='lat' dir='ltr'>gendum</span> <span class='ocrx_word' id='word_1_354' title='bbox 414 2991 584 3060; x_wconf 90' lang='lat' dir='ltr'>idoneum</span> <span class='ocrx_word' id='word_1_355' title='bbox 611 2979 845 3072; x_wconf 84' lang='lat' dir='ltr'>Episcopum,</span> <span class='ocrx_word' id='word_1_356' title='bbox 880 3006 919 3050; x_wconf 89' lang='lat' dir='ltr'>ac</span> <span class='ocrx_word' id='word_1_357' title='bbox 950 2982 1078 3051; x_wconf 90' lang='lat' dir='ltr'>omissa</span> <span class='ocrx_word' id='word_1_358' title='bbox 1112 2983 1228 3052; x_wconf 91' lang='lat' dir='ltr'>ambi·</span> <span class='ocrx_word' id='word_1_359' title='bbox 1277 3005 1391 3062; x_wconf 90' lang='lat' dir='ltr'>mam,</span> <span class='ocrx_word' id='word_1_360' title='bbox 1430 2981 1635 3071; x_wconf 90' lang='lat' dir='ltr'>praesertim</span> <span class='ocrx_word' id='word_1_361' title='bbox 1661 2979 1691 3048; x_wconf 91' lang='lat' dir='ltr'>si</span> <span class='ocrx_word' id='word_1_362' title='bbox 1723 2983 1863 3050; x_wconf 87' lang='lat' dir='ltr'>accedat</span> <span class='ocrx_word' id='word_1_363' title='bbox 1887 2977 2076 3070; x_wconf 87' lang='lat' dir='ltr'>Evangelii</span> <span class='ocrx_word' id='word_1_364' title='bbox 2104 2985 2258 3073; x_wconf 91' lang='lat' dir='ltr'>cognitio.</span> 
     </span>
     <span class='ocr_line' id='line_1_28' title="bbox 238 3080 2258 3181; baseline -0.007 -12"><span class='ocrx_word' id='word_1_365' title='bbox 238 3100 347 3180; x_wconf 86' lang='lat' dir='ltr'>tione,</span> <span class='ocrx_word' id='word_1_366' title='bbox 372 3107 405 3162; x_wconf 92' lang='lat' dir='ltr'>et</span> <span class='ocrx_word' id='word_1_367' title='bbox 419 3085 587 3181; x_wconf 87' lang='lat' dir='ltr'>depositis</span> <span class='ocrx_word' id='word_1_368' title='bbox 601 3083 740 3153; x_wconf 86' lang='lat' dir='ltr'>iniustis</span> <span class='ocrx_word' id='word_1_369' title='bbox 755 3081 1021 3174; x_wconf 82' lang='lat' dir='ltr'>cupiditatibus,</span> <span class='ocrx_word' id='word_1_370' title='bbox 1047 3107 1228 3176; x_wconf 87' lang='lat' dir='ltr'>quaeren-</span> <span class='ocrx_word' id='word_1_371' title='bbox 1276 3080 1349 3152; x_wconf 90' lang='lat' dir='ltr'>Nee</span> <span class='ocrx_word' id='word_1_372' title='bbox 1367 3083 1476 3151; x_wconf 84' lang='lat' dir='ltr'>suerit</span> <span class='ocrx_word' id='word_1_373' title='bbox 1497 3083 1624 3152; x_wconf 90' lang='lat' dir='ltr'>inutile</span> <span class='ocrx_word' id='word_1_374' title='bbox 1639 3082 1727 3152; x_wconf 88' lang='lat' dir='ltr'>tales</span> <span class='ocrx_word' id='word_1_375' title='bbox 1744 3083 1858 3174; x_wconf 88' lang='lat' dir='ltr'>viros,</span> <span class='ocrx_word' id='word_1_376' title='bbox 1884 3083 1945 3174; x_wconf 90' lang='lat' dir='ltr'>qui</span> <span class='ocrx_word' id='word_1_377' title='bbox 1962 3083 2188 3156; x_wconf 88' lang='lat' dir='ltr'>coniunctam</span> <span class='ocrx_word' id='word_1_378' title='bbox 2205 3083 2258 3154; x_wconf 91' lang='lat' dir='ltr'>ha-</span> 
     </span>
     <span class='ocr_line' id='line_1_29' title="bbox 150 3181 2258 3288; baseline -0.004 -23"><span class='ocrx_word' id='word_1_379' title='bbox 150 3259 157 3288; x_wconf 75' lang='lat'>,</span> <span class='ocrx_word' id='word_1_380' title='bbox 239 3203 325 3271; x_wconf 92' lang='lat' dir='ltr'>dum</span> <span class='ocrx_word' id='word_1_381' title='bbox 352 3219 425 3266; x_wconf 88' lang='lat' dir='ltr'>esse</span> <span class='ocrx_word' id='word_1_382' title='bbox 450 3191 568 3259; x_wconf 90' lang='lat' dir='ltr'>virum</span> <span class='ocrx_word' id='word_1_383' title='bbox 595 3187 753 3270; x_wconf 89' lang='lat' dir='ltr'>bonum,</span> <span class='ocrx_word' id='word_1_384' title='bbox 783 3183 841 3252; x_wconf 93' lang='lat' dir='ltr'>cui</span> <span class='ocrx_word' id='word_1_385' title='bbox 868 3198 959 3256; x_wconf 91' lang='lat' dir='ltr'>recte</span> <span class='ocrx_word' id='word_1_386' title='bbox 986 3185 1227 3274; x_wconf 74' lang='lat' dir='ltr'>commendari</span> <span class='ocrx_word' id='word_1_387' title='bbox 1277 3186 1362 3252; x_wconf 91' lang='lat' dir='ltr'>bent</span> <span class='ocrx_word' id='word_1_388' title='bbox 1389 3185 1553 3272; x_wconf 90' lang='lat' dir='ltr'>pietatem</span> <span class='ocrx_word' id='word_1_389' title='bbox 1583 3197 1618 3252; x_wconf 90' lang='lat' dir='ltr'>et</span> <span class='ocrx_word' id='word_1_390' title='bbox 1651 3183 1888 3252; x_wconf 88' lang='lat' dir='ltr'>eruditionem</span> <span class='ocrx_word' id='word_1_391' title='bbox 1914 3181 2156 3255; x_wconf 86' lang='lat' dir='ltr'>Christianam</span> <span class='ocrx_word' id='word_1_392' title='bbox 2189 3211 2258 3256; x_wconf 88' lang='lat' dir='ltr'>eum</span> 
     </span>
     <span class='ocr_line' id='line_1_30' title="bbox 238 3279 2258 3388; baseline 0.009 -49"><span class='ocrx_word' id='word_1_393' title='bbox 238 3295 375 3374; x_wconf 49' lang='lat' dir='ltr'>punctio</span> <span class='ocrx_word' id='word_1_394' title='bbox 392 3293 513 3388; x_wconf 59' lang='lat' dir='ltr'>possit,</span> <span class='ocrx_word' id='word_1_395' title='bbox 1277 3285 1374 3354; x_wconf 84' lang='lat' dir='ltr'>civili</span> <span class='ocrx_word' id='word_1_396' title='bbox 1389 3286 1614 3373; x_wconf 86' lang='lat' dir='ltr'>prudentiam</span> <span class='ocrx_word' id='word_1_397' title='bbox 1630 3286 1672 3353; x_wconf 86' lang='lat' dir='ltr'>ad</span> <span class='ocrx_word' id='word_1_398' title='bbox 1689 3287 1859 3373; x_wconf 87' lang='lat' dir='ltr'>regendas</span> <span class='ocrx_word' id='word_1_399' title='bbox 1874 3279 2049 3354; x_wconf 88' lang='lat' dir='ltr'>Ecclesias</span> <span class='ocrx_word' id='word_1_400' title='bbox 2063 3284 2258 3378; x_wconf 87' lang='lat' dir='ltr'>provehere.</span> 
     </span>
    </p>

    <p class='ocr_par' dir='ltr' id='par_1_6' title="bbox 165 3382 2290 4502">
     <span class='ocr_line' id='line_1_31' title="bbox 340 3382 2258 3478; baseline -0.007 -8"><span class='ocrx_word' id='word_1_401' title='bbox 340 3397 458 3470; x_wconf 89' lang='lat' dir='ltr'>Tanta</span> <span class='ocrx_word' id='word_1_402' title='bbox 476 3390 603 3462; x_wconf 89' lang='lat' dir='ltr'>eratin</span> <span class='ocrx_word' id='word_1_403' title='bbox 619 3383 969 3458; x_wconf 90' lang='lat' dir='ltr'>orationePraesidis</span> <span class='ocrx_word' id='word_1_404' title='bbox 988 3387 1119 3478; x_wconf 88' lang='lat' dir='ltr'>pietas,</span> <span class='ocrx_word' id='word_1_405' title='bbox 1145 3413 1228 3458; x_wconf 87' lang='lat' dir='ltr'>mox</span> <span class='ocrx_word' id='word_1_406' title='bbox 1377 3383 1483 3456; x_wconf 79' lang='lat' dir='ltr'>Extat</span> <span class='ocrx_word' id='word_1_407' title='bbox 1497 3399 1613 3456; x_wconf 87' lang='lat' dir='ltr'>autem</span> <span class='ocrx_word' id='word_1_408' title='bbox 1630 3382 1790 3476; x_wconf 89' lang='lat' dir='ltr'>Epistola</span> <span class='ocrx_word' id='word_1_409' title='bbox 1806 3383 1949 3476; x_wconf 86' lang='lat' dir='ltr'>Basilii,</span> <span class='ocrx_word' id='word_1_410' title='bbox 1969 3389 2100 3478; x_wconf 87' lang='lat' dir='ltr'>scripta</span> <span class='ocrx_word' id='word_1_411' title='bbox 2118 3391 2162 3458; x_wconf 92' lang='lat' dir='ltr'>ad</span> <span class='ocrx_word' id='word_1_412' title='bbox 2180 3387 2258 3458; x_wconf 88' lang='lat' dir='ltr'>Am·</span> 
     </span>
     <span class='ocr_line' id='line_1_32' title="bbox 238 3483 2258 3583; baseline -0.01 -5"><span class='ocrx_word' id='word_1_413' title='bbox 238 3521 280 3578; x_wconf 92' lang='lat' dir='ltr'>ut</span> <span class='ocrx_word' id='word_1_414' title='bbox 295 3495 524 3574; x_wconf 86' lang='lat' dir='ltr'>conclamarit</span> <span class='ocrx_word' id='word_1_415' title='bbox 539 3505 688 3583; x_wconf 88' lang='lat' dir='ltr'>utraque</span> <span class='ocrx_word' id='word_1_416' title='bbox 705 3511 799 3580; x_wconf 89' lang='lat' dir='ltr'>pars,</span> <span class='ocrx_word' id='word_1_417' title='bbox 824 3483 931 3558; x_wconf 90' lang='lat' dir='ltr'>huius</span> <span class='ocrx_word' id='word_1_418' title='bbox 947 3489 1016 3558; x_wconf 86' lang='lat' dir='ltr'>viri</span> <span class='ocrx_word' id='word_1_419' title='bbox 1030 3488 1227 3558; x_wconf 90' lang='lat' dir='ltr'>orationem</span> <span class='ocrx_word' id='word_1_420' title='bbox 1277 3485 1437 3556; x_wconf 84' lang='lat' dir='ltr'>brosium</span> <span class='ocrx_word' id='word_1_421' title='bbox 1459 3510 1580 3556; x_wconf 89' lang='lat' dir='ltr'>recens</span> <span class='ocrx_word' id='word_1_422' title='bbox 1602 3501 1765 3556; x_wconf 86' lang='lat' dir='ltr'>vocatum</span> <span class='ocrx_word' id='word_1_423' title='bbox 1789 3489 1834 3554; x_wconf 91' lang='lat' dir='ltr'>ad</span> <span class='ocrx_word' id='word_1_424' title='bbox 1850 3483 2019 3579; x_wconf 87' lang='lat' dir='ltr'>Episcopi</span> <span class='ocrx_word' id='word_1_425' title='bbox 2038 3491 2258 3570; x_wconf 82' lang='lat' dir='ltr'>functionem,</span> 
     </span>
     <span class='ocr_line' id='line_1_33' title="bbox 239 3586 2259 3700; baseline 0.002 -48"><span class='ocrx_word' id='word_1_426' title='bbox 239 3622 273 3680; x_wconf 57' lang='lat' dir='ltr'>et</span> <span class='ocrx_word' id='word_1_427' title='bbox 294 3605 459 3700; x_wconf 56' lang='lat' dir='ltr'>pietatem</span> <span class='ocrx_word' id='word_1_428' title='bbox 483 3595 673 3666; x_wconf 67' lang='lat' dir='ltr'>convenire</span> <span class='ocrx_word' id='word_1_429' title='bbox 692 3587 882 3682; x_wconf 89' lang='lat' dir='ltr'>Episcopo.</span> <span class='ocrx_word' id='word_1_430' title='bbox 934 3589 987 3675; x_wconf 88' lang='lat' dir='ltr'>lta</span> <span class='ocrx_word' id='word_1_431' title='bbox 1007 3586 1228 3673; x_wconf 89' lang='lat' dir='ltr'>Ambrosius,</span> <span class='ocrx_word' id='word_1_432' title='bbox 1277 3613 1318 3657; x_wconf 82' lang='lat' dir='ltr'>ex</span> <span class='ocrx_word' id='word_1_433' title='bbox 1334 3611 1404 3681; x_wconf 89' lang='lat' dir='ltr'>qua</span> <span class='ocrx_word' id='word_1_434' title='bbox 1422 3588 1575 3678; x_wconf 91' lang='lat' dir='ltr'>intelligi</span> <span class='ocrx_word' id='word_1_435' title='bbox 1598 3599 1733 3680; x_wconf 89' lang='lat' dir='ltr'>potest,</span> <span class='ocrx_word' id='word_1_436' title='bbox 1757 3602 1841 3657; x_wconf 90' lang='lat' dir='ltr'>tune</span> <span class='ocrx_word' id='word_1_437' title='bbox 1864 3611 2006 3681; x_wconf 91' lang='lat' dir='ltr'>quoque</span> <span class='ocrx_word' id='word_1_438' title='bbox 2027 3591 2066 3658; x_wconf 92' lang='lat' dir='ltr'>in</span> <span class='ocrx_word' id='word_1_439' title='bbox 2082 3587 2168 3661; x_wconf 90' lang='lat' dir='ltr'>Asia</span> <span class='ocrx_word' id='word_1_440' title='bbox 2181 3591 2259 3663; x_wconf 84' lang='lat' dir='ltr'>Am·</span> 
     </span>
     <span class='ocr_line' id='line_1_34' title="bbox 240 3689 2257 3804; baseline -0.01 -26"><span class='ocrx_word' id='word_1_441' title='bbox 240 3709 303 3804; x_wconf 90' lang='lat' dir='ltr'>qui</span> <span class='ocrx_word' id='word_1_442' title='bbox 337 3728 416 3776; x_wconf 89' lang='lat' dir='ltr'>cum</span> <span class='ocrx_word' id='word_1_443' title='bbox 447 3695 601 3770; x_wconf 85' lang='lat' dir='ltr'>fascibus</span> <span class='ocrx_word' id='word_1_444' title='bbox 627 3708 701 3764; x_wconf 89' lang='lat' dir='ltr'>erat</span> <span class='ocrx_word' id='word_1_445' title='bbox 727 3691 766 3760; x_wconf 92' lang='lat' dir='ltr'>in</span> <span class='ocrx_word' id='word_1_446' title='bbox 790 3693 992 3782; x_wconf 90' lang='lat' dir='ltr'>provincia,</span> <span class='ocrx_word' id='word_1_447' title='bbox 1029 3706 1064 3761; x_wconf 90' lang='lat' dir='ltr'>et</span> <span class='ocrx_word' id='word_1_448' title='bbox 1090 3707 1228 3782; x_wconf 91' lang='lat' dir='ltr'>praeter</span> <span class='ocrx_word' id='word_1_449' title='bbox 1276 3691 1387 3758; x_wconf 87' lang='lat' dir='ltr'>brosii</span> <span class='ocrx_word' id='word_1_450' title='bbox 1417 3714 1549 3758; x_wconf 90' lang='lat' dir='ltr'>nomen</span> <span class='ocrx_word' id='word_1_451' title='bbox 1578 3703 1723 3780; x_wconf 90' lang='lat' dir='ltr'>propter</span> <span class='ocrx_word' id='word_1_452' title='bbox 1751 3689 1915 3758; x_wconf 82' lang='lat' dir='ltr'>eximiam</span> <span class='ocrx_word' id='word_1_453' title='bbox 1937 3691 2104 3762; x_wconf 88' lang='lat' dir='ltr'>virtutem</span> <span class='ocrx_word' id='word_1_454' title='bbox 2137 3694 2257 3762; x_wconf 87' lang='lat' dir='ltr'>clarum</span> 
     </span>
     <span class='ocr_line' id='line_1_35' title="bbox 239 3788 2258 3896; baseline -0.01 -14"><span class='ocrx_word' id='word_1_455' title='bbox 239 3833 339 3882; x_wconf 89' lang='lat' dir='ltr'>suam</span> <span class='ocrx_word' id='word_1_456' title='bbox 362 3803 568 3896; x_wconf 87' lang='lat' dir='ltr'>opinionem</span> <span class='ocrx_word' id='word_1_457' title='bbox 596 3809 630 3864; x_wconf 92' lang='lat' dir='ltr'>et</span> <span class='ocrx_word' id='word_1_458' title='bbox 659 3807 796 3884; x_wconf 89' lang='lat' dir='ltr'>praeter</span> <span class='ocrx_word' id='word_1_459' title='bbox 818 3818 953 3864; x_wconf 88' lang='lat' dir='ltr'>morem</span> <span class='ocrx_word' id='word_1_460' title='bbox 975 3795 1229 3864; x_wconf 88' lang='lat' dir='ltr'>consentienti·</span> <span class='ocrx_word' id='word_1_461' title='bbox 1275 3792 1393 3860; x_wconf 81' lang='lat' dir='ltr'>fuisse.</span> <span class='ocrx_word' id='word_1_462' title='bbox 1445 3791 1504 3861; x_wconf 88' lang='lat' dir='ltr'>Sic</span> <span class='ocrx_word' id='word_1_463' title='bbox 1525 3792 1620 3860; x_wconf 91' lang='lat' dir='ltr'>enim</span> <span class='ocrx_word' id='word_1_464' title='bbox 1643 3791 1692 3860; x_wconf 91' lang='lat' dir='ltr'>ait</span> <span class='ocrx_word' id='word_1_465' title='bbox 1712 3788 1881 3859; x_wconf 85' lang='lat' dir='ltr'>Basilius:</span> <span class='ocrx_word' id='word_1_466' title='bbox 1910 3789 2083 3880; x_wconf 86' lang='lat' dir='ltr'>Magnum</span> <span class='ocrx_word' id='word_1_467' title='bbox 2101 3793 2167 3863; x_wconf 91' lang='lat' dir='ltr'>Dei</span> <span class='ocrx_word' id='word_1_468' title='bbox 2189 3817 2258 3862; x_wconf 92' lang='lat' dir='ltr'>mu·</span> 
     </span>
     <span class='ocr_line' id='line_1_36' title="bbox 237 3892 2256 3988; baseline 0.002 -32"><span class='ocrx_word' id='word_1_469' title='bbox 237 3905 481 3986; x_wconf 63' lang='lat' dir='ltr'>husomnium</span> <span class='ocrx_word' id='word_1_470' title='bbox 499 3892 1050 3988; x_wconf 76' lang='lat' dir='ltr'>suffragiis&#39;eligiturEpiscopus.</span> <span class='ocrx_word' id='word_1_471' title='bbox 1099 3893 1228 3966; x_wconf 88' lang='lat' dir='ltr'>Recla-</span> <span class='ocrx_word' id='word_1_472' title='bbox 1278 3916 1345 3960; x_wconf 87' lang='lat' dir='ltr'>nus</span> <span class='ocrx_word' id='word_1_473' title='bbox 1365 3915 1457 3974; x_wconf 88' lang='lat' dir='ltr'>esse,</span> <span class='ocrx_word' id='word_1_474' title='bbox 1484 3895 1578 3985; x_wconf 92' lang='lat' dir='ltr'>quod</span> <span class='ocrx_word' id='word_1_475' title='bbox 1597 3893 1715 3960; x_wconf 87' lang='lat' dir='ltr'>virum</span> <span class='ocrx_word' id='word_1_476' title='bbox 1736 3906 1858 3961; x_wconf 89' lang='lat' dir='ltr'>natum</span> <span class='ocrx_word' id='word_1_477' title='bbox 1881 3892 1920 3960; x_wconf 92' lang='lat' dir='ltr'>in</span> <span class='ocrx_word' id='word_1_478' title='bbox 1934 3895 2023 3963; x_wconf 92' lang='lat' dir='ltr'>urbe</span> <span class='ocrx_word' id='word_1_479' title='bbox 2040 3896 2184 3964; x_wconf 87' lang='lat' dir='ltr'>domina</span> <span class='ocrx_word' id='word_1_480' title='bbox 2198 3897 2256 3962; x_wconf 91' lang='lat' dir='ltr'>im-</span> 
     </span>
     <span class='ocr_line' id='line_1_37' title="bbox 239 3993 2257 4102; baseline -0.011 -18"><span class='ocrx_word' id='word_1_481' title='bbox 239 4027 313 4084; x_wconf 91' lang='lat' dir='ltr'>mat</span> <span class='ocrx_word' id='word_1_482' title='bbox 328 4012 419 4102; x_wconf 90' lang='lat' dir='ltr'>ipse,</span> <span class='ocrx_word' id='word_1_483' title='bbox 445 4026 550 4098; x_wconf 90' lang='lat' dir='ltr'>seque</span> <span class='ocrx_word' id='word_1_484' title='bbox 573 4009 729 4082; x_wconf 82' lang='lat' dir='ltr'>excusat,</span> <span class='ocrx_word' id='word_1_485' title='bbox 754 3999 850 4090; x_wconf 92' lang='lat' dir='ltr'>quod</span> <span class='ocrx_word' id='word_1_486' title='bbox 868 3999 1028 4066; x_wconf 91' lang='lat' dir='ltr'>nondum</span> <span class='ocrx_word' id='word_1_487' title='bbox 1052 3997 1228 4088; x_wconf 89' lang='lat' dir='ltr'>baptismo</span> <span class='ocrx_word' id='word_1_488' title='bbox 1277 3994 1387 4084; x_wconf 89' lang='lat' dir='ltr'>perii,</span> <span class='ocrx_word' id='word_1_489' title='bbox 1413 3993 1474 4086; x_wconf 89' lang='lat' dir='ltr'>qui</span> <span class='ocrx_word' id='word_1_490' title='bbox 1491 3994 1731 4082; x_wconf 88' lang='lat' dir='ltr'>magistratum</span> <span class='ocrx_word' id='word_1_491' title='bbox 1756 3994 1880 4081; x_wconf 90' lang='lat' dir='ltr'>gessit,</span> <span class='ocrx_word' id='word_1_492' title='bbox 1906 3997 2135 4065; x_wconf 81' lang='lat' dir='ltr'>excellentem</span> <span class='ocrx_word' id='word_1_493' title='bbox 2152 3995 2257 4066; x_wconf 88' lang='lat' dir='ltr'>eonsi-</span> 
     </span>
     <span class='ocr_line' id='line_1_38' title="bbox 238 4095 2255 4197; baseline -0.011 -12"><span class='ocrx_word' id='word_1_494' title='bbox 238 4096 400 4185; x_wconf 82' lang='lat' dir='ltr'>initiatus</span> <span class='ocrx_word' id='word_1_495' title='bbox 432 4108 496 4190; x_wconf 91' lang='lat' dir='ltr'>sit,</span> <span class='ocrx_word' id='word_1_496' title='bbox 537 4103 632 4197; x_wconf 91' lang='lat' dir='ltr'>quod</span> <span class='ocrx_word' id='word_1_497' title='bbox 666 4113 762 4188; x_wconf 90' lang='lat' dir='ltr'>gerat</span> <span class='ocrx_word' id='word_1_498' title='bbox 796 4096 1044 4188; x_wconf 87' lang='lat' dir='ltr'>Magistratum</span> <span class='ocrx_word' id='word_1_499' title='bbox 1077 4099 1228 4180; x_wconf 90' lang='lat' dir='ltr'>civilem,</span> <span class='ocrx_word' id='word_1_500' title='bbox 1277 4095 1346 4179; x_wconf 92' lang='lat' dir='ltr'>lio&#39;,</span> <span class='ocrx_word' id='word_1_501' title='bbox 1373 4098 1509 4183; x_wconf 89' lang='lat' dir='ltr'>generis</span> <span class='ocrx_word' id='word_1_502' title='bbox 1533 4109 1567 4164; x_wconf 92' lang='lat' dir='ltr'>et</span> <span class='ocrx_word' id='word_1_503' title='bbox 1583 4095 1676 4163; x_wconf 90' lang='lat' dir='ltr'>vitae</span> <span class='ocrx_word' id='word_1_504' title='bbox 1697 4095 1904 4184; x_wconf 91' lang='lat' dir='ltr'>splendore,</span> <span class='ocrx_word' id='word_1_505' title='bbox 1928 4095 2131 4189; x_wconf 91' lang='lat' dir='ltr'>eloquentia</span> <span class='ocrx_word' id='word_1_506' title='bbox 2150 4111 2182 4166; x_wconf 91' lang='lat' dir='ltr'>et</span> <span class='ocrx_word' id='word_1_507' title='bbox 2195 4097 2255 4165; x_wconf 91' lang='lat' dir='ltr'>cla-</span> 
     </span>
     <span class='ocr_line' id='line_1_39' title="bbox 210 4195 2254 4314; baseline -0.001 -48"><span class='ocrx_word' id='word_1_508' title='bbox 210 4227 219 4266; x_wconf 85' lang='grc'>,·</span> <span class='ocrx_word' id='word_1_509' title='bbox 239 4218 336 4314; x_wconf 88' lang='lat' dir='ltr'>quod</span> <span class='ocrx_word' id='word_1_510' title='bbox 359 4213 397 4280; x_wconf 88' lang='lat' dir='ltr'>in</span> <span class='ocrx_word' id='word_1_511' title='bbox 421 4233 460 4278; x_wconf 90' lang='lat' dir='ltr'>ea</span> <span class='ocrx_word' id='word_1_512' title='bbox 482 4205 642 4276; x_wconf 90' lang='lat' dir='ltr'>doctrina</span> <span class='ocrx_word' id='word_1_513' title='bbox 665 4201 810 4298; x_wconf 90' lang='lat' dir='ltr'>quaein</span> <span class='ocrx_word' id='word_1_514' title='bbox 829 4197 1004 4292; x_wconf 89' lang='lat' dir='ltr'>Episcopo</span> <span class='ocrx_word' id='word_1_515' title='bbox 1023 4199 1228 4293; x_wconf 88' lang='lat' dir='ltr'>requiritur,</span> <span class='ocrx_word' id='word_1_516' title='bbox 1276 4221 1357 4264; x_wconf 91' lang='lat' dir='ltr'>rum</span> <span class='ocrx_word' id='word_1_517' title='bbox 1386 4199 1493 4265; x_wconf 89' lang='lat' dir='ltr'>rebus</span> <span class='ocrx_word' id='word_1_518' title='bbox 1524 4197 1629 4285; x_wconf 90' lang='lat' dir='ltr'>gestis</span> <span class='ocrx_word' id='word_1_519' title='bbox 1654 4195 1799 4266; x_wconf 88' lang='lat' dir='ltr'>traxerit</span> <span class='ocrx_word' id='word_1_520' title='bbox 1825 4197 1867 4262; x_wconf 88' lang='lat' dir='ltr'>ad</span> <span class='ocrx_word' id='word_1_521' title='bbox 1894 4200 2106 4286; x_wconf 87' lang='lat' dir='ltr'>pascendum</span> <span class='ocrx_word' id='word_1_522' title='bbox 2131 4219 2254 4288; x_wconf 85' lang='lat' dir='ltr'>gregem</span> 
     </span>
     <span class='ocr_line' id='line_1_40' title="bbox 239 4292 2290 4394; baseline -0.001 -10"><span class='ocrx_word' id='word_1_523' title='bbox 239 4343 314 4390; x_wconf 88' lang='lat' dir='ltr'>non</span> <span class='ocrx_word' id='word_1_524' title='bbox 347 4311 430 4382; x_wconf 87' lang='lat' dir='ltr'>satis</span> <span class='ocrx_word' id='word_1_525' title='bbox 452 4297 606 4378; x_wconf 80' lang='lat' dir='ltr'>iersatos</span> <span class='ocrx_word' id='word_1_526' title='bbox 635 4303 694 4372; x_wconf 87' lang='lat' dir='ltr'>sit:</span> <span class='ocrx_word' id='word_1_527' title='bbox 726 4303 786 4370; x_wconf 89' lang='lat' dir='ltr'>sed</span> <span class='ocrx_word' id='word_1_528' title='bbox 811 4301 966 4371; x_wconf 87' lang='lat' dir='ltr'>vincitur</span> <span class='ocrx_word' id='word_1_529' title='bbox 992 4303 1115 4394; x_wconf 93' lang='lat' dir='ltr'>populi</span> <span class='ocrx_word' id='word_1_530' title='bbox 1142 4325 1228 4370; x_wconf 84' lang='lat' dir='ltr'>con·</span> <span class='ocrx_word' id='word_1_531' title='bbox 1277 4292 1422 4370; x_wconf 91' lang='lat' dir='ltr'>Christi.</span> <span class='ocrx_word' id='word_1_532' title='bbox 1475 4296 1570 4366; x_wconf 89' lang='lat' dir='ltr'>Haec</span> <span class='ocrx_word' id='word_1_533' title='bbox 1593 4312 1676 4368; x_wconf 89' lang='lat' dir='ltr'>sunt</span> <span class='ocrx_word' id='word_1_534' title='bbox 1697 4299 1803 4366; x_wconf 91' lang='lat' dir='ltr'>verba</span> <span class='ocrx_word' id='word_1_535' title='bbox 1823 4293 1949 4366; x_wconf 89' lang='lat' dir='ltr'>Basilii</span> <span class='ocrx_word' id='word_1_536' title='bbox 1978 4323 2019 4368; x_wconf 81' lang='lat' dir='ltr'>ea</span> <span class='ocrx_word' id='word_1_537' title='bbox 2047 4321 2171 4389; x_wconf 89' lang='lat' dir='ltr'>graeco</span> <span class='ocrx_word' id='word_1_538' title='bbox 2192 4321 2255 4370; x_wconf 89' lang='lat' dir='ltr'>ser·</span> <span class='ocrx_word' id='word_1_539' title='bbox 2289 4379 2290 4382; x_wconf 74' lang='grc'>,</span> 
     </span>
     <span class='ocr_line' id='line_1_41' title="bbox 165 4404 1570 4502; baseline -0.006 -26"><span class='ocrx_word' id='word_1_540' title='bbox 165 4469 174 4476; x_wconf 84' lang='grc'><em>.</em></span> <span class='ocrx_word' id='word_1_541' title='bbox 240 4443 344 4492; x_wconf 85' lang='lat' dir='ltr'>sensu</span> <span class='ocrx_word' id='word_1_542' title='bbox 362 4427 395 4484; x_wconf 90' lang='lat' dir='ltr'>et</span> <span class='ocrx_word' id='word_1_543' title='bbox 413 4407 638 4502; x_wconf 88' lang='lat' dir='ltr'>Imperatoris</span> <span class='ocrx_word' id='word_1_544' title='bbox 655 4404 921 4494; x_wconf 89' lang='lat' dir='ltr'>adprobatione.</span> <span class='ocrx_word' id='word_1_545' title='bbox 1278 4423 1383 4467; x_wconf 89' lang='lat' dir='ltr'>moue</span> <span class='ocrx_word' id='word_1_546' title='bbox 1399 4422 1570 4490; x_wconf 86' lang='lat' dir='ltr'>expressa.</span> 
     </span>
    </p>

    <p class='ocr_par' dir='ltr' id='par_1_7' title="bbox 174 4495 2254 5518">
     <span class='ocr_line' id='line_1_42' title="bbox 341 4495 2254 4594; baseline -0.01 -7"><span class='ocrx_word' id='word_1_547' title='bbox 341 4513 458 4588; x_wconf 87' lang='lat' dir='ltr'>Multa</span> <span class='ocrx_word' id='word_1_548' title='bbox 483 4509 658 4580; x_wconf 88' lang='lat' dir='ltr'>studiosos</span> <span class='ocrx_word' id='word_1_549' title='bbox 682 4501 768 4574; x_wconf 87' lang='lat' dir='ltr'>haec</span> <span class='ocrx_word' id='word_1_550' title='bbox 790 4505 913 4573; x_wconf 87' lang='lat' dir='ltr'>electio</span> <span class='ocrx_word' id='word_1_551' title='bbox 935 4527 1080 4574; x_wconf 89' lang='lat' dir='ltr'>monere</span> <span class='ocrx_word' id='word_1_552' title='bbox 1101 4513 1227 4594; x_wconf 85' lang='lat' dir='ltr'>potest.</span> <span class='ocrx_word' id='word_1_553' title='bbox 1372 4498 1468 4570; x_wconf 55' lang='lat' dir='ltr'>&gt;Cum</span> <span class='ocrx_word' id='word_1_554' title='bbox 1485 4514 1603 4570; x_wconf 90' lang='lat' dir='ltr'>autem</span> <span class='ocrx_word' id='word_1_555' title='bbox 1621 4495 1837 4591; x_wconf 89' lang='lat' dir='ltr'>Episcopum</span> <span class='ocrx_word' id='word_1_556' title='bbox 1853 4499 2056 4568; x_wconf 87' lang='lat' dir='ltr'>nominoio</span> <span class='ocrx_word' id='word_1_557' title='bbox 2074 4496 2141 4570; x_wconf 88' lang='lat' dir='ltr'>hae</span> <span class='ocrx_word' id='word_1_558' title='bbox 2155 4497 2254 4570; x_wconf 85' lang='lat' dir='ltr'>histo·</span> 
     </span>
     <span class='ocr_line' id='line_1_43' title="bbox 239 4599 2253 4697; baseline -0.013 -2"><span class='ocrx_word' id='word_1_559' title='bbox 239 4623 401 4695; x_wconf 89' lang='lat' dir='ltr'>Primum</span> <span class='ocrx_word' id='word_1_560' title='bbox 437 4615 596 4683; x_wconf 90' lang='lat' dir='ltr'>videmus</span> <span class='ocrx_word' id='word_1_561' title='bbox 629 4607 744 4676; x_wconf 92' lang='lat' dir='ltr'>honos</span> <span class='ocrx_word' id='word_1_562' title='bbox 770 4619 926 4697; x_wconf 87' lang='lat' dir='ltr'>pastores</span> <span class='ocrx_word' id='word_1_563' title='bbox 951 4630 1033 4674; x_wconf 60' lang='lat' dir='ltr'>‘non</span> <span class='ocrx_word' id='word_1_564' title='bbox 1062 4601 1228 4673; x_wconf 89' lang='lat' dir='ltr'>humanis</span> <span class='ocrx_word' id='word_1_565' title='bbox 1276 4601 1348 4686; x_wconf 89' lang='lat' dir='ltr'>ria,</span> <span class='ocrx_word' id='word_1_566' title='bbox 1372 4615 1489 4669; x_wconf 86' lang='lat' dir='ltr'>vetera</span> <span class='ocrx_word' id='word_1_567' title='bbox 1504 4599 1681 4671; x_wconf 89' lang='lat' dir='ltr'>Ecclesiae</span> <span class='ocrx_word' id='word_1_568' title='bbox 1702 4615 1860 4691; x_wconf 90' lang='lat' dir='ltr'>tempora</span> <span class='ocrx_word' id='word_1_569' title='bbox 1875 4601 1983 4668; x_wconf 81' lang='lat' dir='ltr'>velim</span> <span class='ocrx_word' id='word_1_570' title='bbox 1998 4603 2195 4672; x_wconf 83' lang='lat' dir='ltr'>vosanimo</span> <span class='ocrx_word' id='word_1_571' title='bbox 2207 4603 2253 4670; x_wconf 91' lang='lat' dir='ltr'>io·</span> 
     </span>
     <span class='ocr_line' id='line_1_44' title="bbox 234 4699 2253 4799; baseline -0.012 -6"><span class='ocrx_word' id='word_1_572' title='bbox 234 4723 397 4799; x_wconf 79' lang='lat' dir='ltr'>consiliis</span> <span class='ocrx_word' id='word_1_573' title='bbox 422 4713 597 4795; x_wconf 85' lang='lat' dir='ltr'>inveniri,</span> <span class='ocrx_word' id='word_1_574' title='bbox 621 4711 682 4778; x_wconf 88' lang='lat' dir='ltr'>sed</span> <span class='ocrx_word' id='word_1_575' title='bbox 698 4707 869 4797; x_wconf 86' lang='lat' dir='ltr'>singulari</span> <span class='ocrx_word' id='word_1_576' title='bbox 892 4703 959 4776; x_wconf 90' lang='lat' dir='ltr'>Dei</span> <span class='ocrx_word' id='word_1_577' title='bbox 981 4731 1047 4799; x_wconf 87' lang='lat' dir='ltr'>ope</span> <span class='ocrx_word' id='word_1_578' title='bbox 1062 4703 1228 4776; x_wconf 88' lang='lat' dir='ltr'>Ecclesiis</span> <span class='ocrx_word' id='word_1_579' title='bbox 1277 4703 1379 4771; x_wconf 90' lang='lat' dir='ltr'>tueri.</span> <span class='ocrx_word' id='word_1_580' title='bbox 1434 4700 1515 4772; x_wconf 90' lang='lat' dir='ltr'>Non</span> <span class='ocrx_word' id='word_1_581' title='bbox 1533 4718 1606 4773; x_wconf 88' lang='lat' dir='ltr'>erat</span> <span class='ocrx_word' id='word_1_582' title='bbox 1622 4703 1751 4785; x_wconf 88' lang='lat' dir='ltr'>ocium,</span> <span class='ocrx_word' id='word_1_583' title='bbox 1777 4717 1816 4772; x_wconf 91' lang='lat' dir='ltr'>ut</span> <span class='ocrx_word' id='word_1_584' title='bbox 1832 4725 1929 4770; x_wconf 88' lang='lat' dir='ltr'>nunc</span> <span class='ocrx_word' id='word_1_585' title='bbox 1943 4699 2112 4793; x_wconf 88' lang='lat' dir='ltr'>Episcopi</span> <span class='ocrx_word' id='word_1_586' title='bbox 2128 4725 2253 4782; x_wconf 87' lang='lat' dir='ltr'>munus,</span> 
     </span>
     <span class='ocr_line' id='line_1_45' title="bbox 238 4804 2252 4923; baseline -0.008 -37"><span class='ocrx_word' id='word_1_587' title='bbox 238 4822 399 4923; x_wconf 66' lang='lat' dir='ltr'>praefici,</span> <span class='ocrx_word' id='word_1_588' title='bbox 425 4832 466 4889; x_wconf 95' lang='lat' dir='ltr'>ut</span> <span class='ocrx_word' id='word_1_589' title='bbox 481 4818 525 4885; x_wconf 92' lang='lat' dir='ltr'>ad</span> <span class='ocrx_word' id='word_1_590' title='bbox 541 4807 713 4904; x_wconf 85' lang='lat' dir='ltr'>Ephesios</span> <span class='ocrx_word' id='word_1_591' title='bbox 733 4810 900 4898; x_wconf 87' lang='lat' dir='ltr'>scriptum</span> <span class='ocrx_word' id='word_1_592' title='bbox 924 4821 991 4878; x_wconf 89' lang='lat' dir='ltr'>est:</span> <span class='ocrx_word' id='word_1_593' title='bbox 1020 4804 1228 4877; x_wconf 80' lang='lat' dir='ltr'>Ascendisse</span> <span class='ocrx_word' id='word_1_594' title='bbox 1277 4818 1338 4873; x_wconf 90' lang='lat' dir='ltr'>aut</span> <span class='ocrx_word' id='word_1_595' title='bbox 1354 4807 1526 4896; x_wconf 91' lang='lat' dir='ltr'>quaedam</span> <span class='ocrx_word' id='word_1_596' title='bbox 1544 4817 1680 4874; x_wconf 90' lang='lat' dir='ltr'>tantum</span> <span class='ocrx_word' id='word_1_597' title='bbox 1698 4804 1976 4872; x_wconf 87' lang='lat' dir='ltr'>ceremoniarum</span> <span class='ocrx_word' id='word_1_598' title='bbox 1993 4807 2152 4875; x_wconf 89' lang='lat' dir='ltr'>tractatio</span> <span class='ocrx_word' id='word_1_599' title='bbox 2163 4831 2177 4891; x_wconf 78' lang='lat'>,¹</span> <span class='ocrx_word' id='word_1_600' title='bbox 2195 4805 2252 4872; x_wconf 90' lang='lat' dir='ltr'>mi·</span> 
     </span>
     <span class='ocr_line' id='line_1_46' title="bbox 233 4904 2251 5002; baseline -0.016 0"><span class='ocrx_word' id='word_1_601' title='bbox 233 4928 422 5002; x_wconf 85' lang='lat' dir='ltr'>Christum</span> <span class='ocrx_word' id='word_1_602' title='bbox 437 4921 476 4988; x_wconf 90' lang='lat' dir='ltr'>in</span> <span class='ocrx_word' id='word_1_603' title='bbox 491 4915 625 5000; x_wconf 87' lang='lat' dir='ltr'>coelos,</span> <span class='ocrx_word' id='word_1_604' title='bbox 650 4927 691 4982; x_wconf 93' lang='lat' dir='ltr'>ut</span> <span class='ocrx_word' id='word_1_605' title='bbox 706 4913 765 4982; x_wconf 90' lang='lat' dir='ltr'>det</span> <span class='ocrx_word' id='word_1_606' title='bbox 781 4911 875 4980; x_wconf 90' lang='lat' dir='ltr'>dona</span> <span class='ocrx_word' id='word_1_607' title='bbox 893 4907 1112 4995; x_wconf 86' lang='lat' dir='ltr'>hominibus,</span> <span class='ocrx_word' id='word_1_608' title='bbox 1137 4907 1227 4977; x_wconf 86' lang='lat' dir='ltr'>Pro·</span> <span class='ocrx_word' id='word_1_609' title='bbox 1277 4905 1353 4974; x_wconf 91' lang='lat' dir='ltr'>litia</span> <span class='ocrx_word' id='word_1_610' title='bbox 1370 4919 1445 4976; x_wconf 89' lang='lat' dir='ltr'>erat</span> <span class='ocrx_word' id='word_1_611' title='bbox 1469 4907 1629 4976; x_wconf 90' lang='lat' dir='ltr'>omnium</span> <span class='ocrx_word' id='word_1_612' title='bbox 1646 4905 1871 4973; x_wconf 82' lang='lat' dir='ltr'>difficillima:</span> <span class='ocrx_word' id='word_1_613' title='bbox 1892 4928 1967 4974; x_wconf 86' lang='lat' dir='ltr'>nec</span> <span class='ocrx_word' id='word_1_614' title='bbox 1983 4919 2122 4984; x_wconf 86' lang='lat' dir='ltr'>tantum</span> <span class='ocrx_word' id='word_1_615' title='bbox 2137 4904 2251 4976; x_wconf 87' lang='lat' dir='ltr'>acerri-</span> 
     </span>
     <span class='ocr_line' id='line_1_47' title="bbox 174 5007 2251 5125; baseline -0.004 -42"><span class='ocrx_word' id='word_1_616' title='bbox 174 5084 179 5092; x_wconf 72' lang='grc'><strong>,</strong></span> <span class='ocrx_word' id='word_1_617' title='bbox 231 5029 380 5125; x_wconf 48' lang='grc' dir='ltr'>μεως,</span> <span class='ocrx_word' id='word_1_618' title='bbox 407 5019 618 5114; x_wconf 89' lang='lat' dir='ltr'>Apostolos,</span> <span class='ocrx_word' id='word_1_619' title='bbox 641 5013 820 5097; x_wconf 86' lang='lat' dir='ltr'>Pastores,</span> <span class='ocrx_word' id='word_1_620' title='bbox 843 5024 885 5081; x_wconf 90' lang='lat' dir='ltr'>ut</span> <span class='ocrx_word' id='word_1_621' title='bbox 913 5013 1065 5082; x_wconf 87' lang='lat' dir='ltr'>subinde</span> <span class='ocrx_word' id='word_1_622' title='bbox 1085 5024 1229 5103; x_wconf 90' lang='lat' dir='ltr'>propter</span> <span class='ocrx_word' id='word_1_623' title='bbox 1278 5030 1332 5075; x_wconf 91' lang='lat' dir='ltr'>me</span> <span class='ocrx_word' id='word_1_624' title='bbox 1349 5008 1593 5077; x_wconf 89' lang='lat' dir='ltr'>dimicationes</span> <span class='ocrx_word' id='word_1_625' title='bbox 1607 5029 1686 5074; x_wconf 90' lang='lat' dir='ltr'>eum</span> <span class='ocrx_word' id='word_1_626' title='bbox 1704 5007 1931 5089; x_wconf 87' lang='lat' dir='ltr'>adversariis,</span> <span class='ocrx_word' id='word_1_627' title='bbox 1945 5009 2017 5075; x_wconf 74' lang='lat' dir='ltr'>aed</span> <span class='ocrx_word' id='word_1_628' title='bbox 2039 5009 2142 5076; x_wconf 92' lang='lat' dir='ltr'>etiam</span> <span class='ocrx_word' id='word_1_629' title='bbox 2165 5027 2251 5095; x_wconf 81' lang='lat' dir='ltr'>saepe</span> 
     </span>
     <span class='ocr_line' id='line_1_48' title="bbox 236 5105 2249 5204; baseline -0.004 -18"><span class='ocrx_word' id='word_1_630' title='bbox 236 5155 333 5204; x_wconf 65' lang='lat' dir='ltr'>„ova</span> <span class='ocrx_word' id='word_1_631' title='bbox 350 5123 542 5198; x_wconf 71' lang='lat' dir='ltr'>certamina</span> <span class='ocrx_word' id='word_1_632' title='bbox 556 5119 652 5189; x_wconf 90' lang='lat' dir='ltr'>Deus</span> <span class='ocrx_word' id='word_1_633' title='bbox 669 5115 876 5184; x_wconf 83' lang='lat' dir='ltr'>excellentes</span> <span class='ocrx_word' id='word_1_634' title='bbox 897 5116 1079 5184; x_wconf 85' lang='lat' dir='ltr'>ministros</span> <span class='ocrx_word' id='word_1_635' title='bbox 1098 5114 1226 5182; x_wconf 81' lang='lat' dir='ltr'>excita·</span> <span class='ocrx_word' id='word_1_636' title='bbox 1277 5121 1460 5199; x_wconf 90' lang='lat' dir='ltr'>potentum</span> <span class='ocrx_word' id='word_1_637' title='bbox 1491 5109 1573 5177; x_wconf 91' lang='lat' dir='ltr'>odia</span> <span class='ocrx_word' id='word_1_638' title='bbox 1600 5121 1635 5178; x_wconf 92' lang='lat' dir='ltr'>et</span> <span class='ocrx_word' id='word_1_639' title='bbox 1665 5107 1782 5176; x_wconf 89' lang='lat' dir='ltr'>omnis</span> <span class='ocrx_word' id='word_1_640' title='bbox 1807 5107 1946 5196; x_wconf 84' lang='lat' dir='ltr'>generis</span> <span class='ocrx_word' id='word_1_641' title='bbox 1972 5109 2128 5201; x_wconf 90' lang='lat' dir='ltr'>pericula</span> <span class='ocrx_word' id='word_1_642' title='bbox 2156 5105 2249 5180; x_wconf 90' lang='lat' dir='ltr'>susci·</span> 
     </span>
     <span class='ocr_line' id='line_1_49' title="bbox 230 5210 1534 5318; baseline -0.011 -20"><span class='ocrx_word' id='word_1_643' title='bbox 230 5237 317 5318; x_wconf 57' lang='lat' dir='ltr'>vit,</span> <span class='ocrx_word' id='word_1_644' title='bbox 334 5227 502 5299; x_wconf 74' lang='lat' dir='ltr'>ridelicet</span> <span class='ocrx_word' id='word_1_645' title='bbox 520 5220 655 5305; x_wconf 86' lang='lat' dir='ltr'>Eliarn,</span> <span class='ocrx_word' id='word_1_646' title='bbox 684 5213 862 5300; x_wconf 86' lang='lat' dir='ltr'>Eliseum,</span> <span class='ocrx_word' id='word_1_647' title='bbox 887 5213 1048 5300; x_wconf 89' lang='lat' dir='ltr'>Esaiam,</span> <span class='ocrx_word' id='word_1_648' title='bbox 1078 5229 1112 5284; x_wconf 89' lang='lat' dir='ltr'>ot</span> <span class='ocrx_word' id='word_1_649' title='bbox 1131 5213 1227 5284; x_wconf 87' lang='lat' dir='ltr'>alios.</span> <span class='ocrx_word' id='word_1_650' title='bbox 1278 5210 1406 5302; x_wconf 89' lang='lat' dir='ltr'>pienda</span> <span class='ocrx_word' id='word_1_651' title='bbox 1422 5222 1534 5284; x_wconf 87' lang='lat' dir='ltr'>erant.</span> 
     </span>
     <span class='ocr_line' id='line_1_50' title="bbox 229 5307 2249 5416; baseline -0.006 -32"><span class='ocrx_word' id='word_1_652' title='bbox 229 5337 364 5408; x_wconf 54' lang='lat' dir='ltr'>posteo</span> <span class='ocrx_word' id='word_1_653' title='bbox 391 5326 601 5416; x_wconf 80' lang='lat' dir='ltr'>Apostolos,</span> <span class='ocrx_word' id='word_1_654' title='bbox 634 5319 764 5390; x_wconf 89' lang='lat' dir='ltr'>deiude</span> <span class='ocrx_word' id='word_1_655' title='bbox 785 5313 1039 5402; x_wconf 82' lang='lat' dir='ltr'>Athanasium,</span> <span class='ocrx_word' id='word_1_656' title='bbox 1066 5313 1229 5386; x_wconf 89' lang='lat' dir='ltr'>Ambro-</span> <span class='ocrx_word' id='word_1_657' title='bbox 1378 5307 1430 5380; x_wconf 93' lang='lat' dir='ltr'>Ac</span> <span class='ocrx_word' id='word_1_658' title='bbox 1447 5309 1629 5380; x_wconf 89' lang='lat' dir='ltr'>Ambrosii</span> <span class='ocrx_word' id='word_1_659' title='bbox 1652 5308 1912 5379; x_wconf 88' lang='lat' dir='ltr'>administratio</span> <span class='ocrx_word' id='word_1_660' title='bbox 1934 5311 2122 5402; x_wconf 91' lang='lat' dir='ltr'>praecipue</span> <span class='ocrx_word' id='word_1_661' title='bbox 2141 5307 2249 5380; x_wconf 87' lang='lat' dir='ltr'>incidit</span> 
     </span>
     <span class='ocr_line' id='line_1_51' title="bbox 233 5411 2248 5518; baseline -0.005 -33"><span class='ocrx_word' id='word_1_662' title='bbox 233 5439 352 5518; x_wconf 52' lang='lat' dir='ltr'>gum,</span> <span class='ocrx_word' id='word_1_663' title='bbox 378 5426 635 5516; x_wconf 69' lang='lat' dir='ltr'>Augustinum,</span> <span class='ocrx_word' id='word_1_664' title='bbox 662 5435 696 5493; x_wconf 90' lang='lat' dir='ltr'>et</span> <span class='ocrx_word' id='word_1_665' title='bbox 709 5419 843 5492; x_wconf 83' lang='lat' dir='ltr'>similes</span> <span class='ocrx_word' id='word_1_666' title='bbox 859 5419 1042 5514; x_wconf 87' lang='lat' dir='ltr'>quosdam.</span> <span class='ocrx_word' id='word_1_667' title='bbox 1278 5413 1317 5480; x_wconf 93' lang='lat' dir='ltr'>in</span> <span class='ocrx_word' id='word_1_668' title='bbox 1332 5411 1542 5484; x_wconf 83' lang='lat' dir='ltr'>difficillima</span> <span class='ocrx_word' id='word_1_669' title='bbox 1556 5427 1726 5504; x_wconf 90' lang='lat' dir='ltr'>tempora,</span> <span class='ocrx_word' id='word_1_670' title='bbox 1749 5411 1841 5482; x_wconf 85' lang='lat' dir='ltr'>vidit</span> <span class='ocrx_word' id='word_1_671' title='bbox 1858 5412 2025 5484; x_wconf 88' lang='lat' dir='ltr'>florentes</span> <span class='ocrx_word' id='word_1_672' title='bbox 2040 5411 2248 5506; x_wconf 83' lang='lat' dir='ltr'>Imperatores</span> 
     </span>
    </p>
   </div>
   <div class='ocr_carea' id='block_1_5' title="bbox 0 0 2315 5812">
    <p class='ocr_par' dir='ltr' id='par_1_8' title="bbox 0 0 2315 5812">
     <span class='ocr_line' id='line_1_52' title="bbox 0 0 2315 5812; baseline 0 0"><span class='ocrx_word' id='word_1_673' title='bbox 0 0 2315 5812; x_wconf 95' lang='lat' dir='ltr'> </span> 
     </span>
    </p>
   </div>
  </div>
 </body>
</html>
