4704 5826
191 261 270 338 976
661 251 829 337 osca
872 255 949 336 DE
977 257 1260 344 narrata
1288 267 1452 353 REGE
1481 271 1741 363 tranent.
2146 283 2252 368 076
2349 213 2350 286 3

187 438 297 510 etiam
311 428 655 522 borum'tcmpomm
678 427 956 520 calamitatibus,
981 435 1180 530 quasvelut
1227 441 1296 518 tto.
1317 443 1400 522 124.
2051 491 2100 534 a,
2124 469 2245 536 1551,

189 537 411 633 praesagiens
431 531 652 616 Fridcricns,
685 534 870 624 postremis
887 537 991 608 annis
1007 563 1082 612 non
1097 561 1178 610 raro
1233 541 1407 578 Μ
2041 559 2236 596 W

133 715 138 728 .
190 639 422 712 abessam
448 635 689 708 intermanet
718 635 762 704 ‘¹⁶
794 658 987 726 regnorum
1011 639 1180 734 periodis,
1370 649 1447 736 De
1471 647 1677 738 Matthia
1705 649 1837 768 llega
1859 655 2073 774 nangae.

190 759 226 814 et
247 761 390 833 gemeus
410 739 617 829 deplorabat
632 736 874 808 infirmitatem
890 753 1037 814 naturae
1052 739 1180 814 lauma-
1298 809 1331 865 h
1350 806 1538 868 mm·
1561 811 1658 869 mn.
1674 831 1701 888 p.
1718 815 1768 870 m
1816 817 2142 898 q.saamar.1tt.p.
2165 827 2245 882 m

189 869 275 929 nae,
298 865 389 936 quae
404 854 439 910 et
454 840 622 911 fatalibus
638 839 752 910 causis
767 839 921 913 obnoxia
940 855 993 915 est
1010 845 1181 916 mutatio·
1329 877 1459 935 namra.
1476 880 1511 936 tt.
1530 899 1557 954 9,
1571 882 1632 938 ως,
1647 911 1682 928 ..
1716 836 1821 942 Proelia
1840 889 1923 944 ,fin
1946 891 2104 962 separatim
2122 893 2243 949 onst„

188 948 314 1029 nibus,
339 956 375 1014 el
388 941 512 1014 mullis
526 941 663 1030 magnis
676 941 859 1012 sutoribus
879 945 1023 1016 accersit
1038 969 1181 1039 menas.
1332 947 1367 1013 dc
1382 947 1612 1021 regel'aonoaiaa
1621 951 1744 1023 Matthia,
1760 955 1873 1014 rasitata
1885 958 1973 1016 oses.
1987 961 2135 1018 Mardara.
2146 962 2245 1020 Wi.

187 1046 386 1140 chetebat
399 1068 441 1114 cx
456 1037 614 1114 historiis
631 1042 756 1112 seriem
774 1057 995 1136 temporam,
1019 1071 1182 1132 narrans,
1333 1016 1389 1072 “¹''
1404 1017 1481 1078 ¹⁵⁵¹·
1499 1019 1525 1078 ⁴·
1541 1019 1610 1094 ⁸⁹¹·

189 1146 429 1268 iiffifnb‘ff'k
450 1159 512 1218 ³⁰²
531 1146 638 1235 ¹⁰¹¹i³
658 1157 753 1214 κω
770 1144 939 1268 “niu“lffss
957 1149 1059 1240 '⁸8⁰¹
1072 1173 1112 1221 ⁸⁶
1126 1151 1182 1220 fl·
1231 1179 1357 1249 oracta
1381 1173 1429 1250 dc
1448 1176 1618 1253 Matthia
1632 1183 1728 1280 Repe
1751 1187 1963 1282 liopertum
1994 1195 2167 1264 recitata
2187 1199 2239 1266 in

189 1251 310 1320 maleae
324 1250 465 1332 luisset,
489 1270 553 1318 nec
567 1269 716 1340 nsquam
734 1247 827 1317 ultra
845 1265 1056 1342 anngentos
1069 1273 1182 1324 annos
1232 1277 1296 1350 gp,
1312 1277 1506 1354 Matthiae
1519 1284 1721 1376 Aponon(

1723 1297 1730 1312 .
1802 1297 1810 1322 .
1958 1297 1973 1332 ,
2026 1297 2036 1314 .

189 1353 342 1422 eandem
357 1349 526 1469 mrim
538 1348 859 1466 nolitiprforturm·
896 1452 905 1470 ,
1231 1383 1396 1454 causaue
1421 1383 1568 1480 prasus
1588 1293 1856 1484 remisiti
1870 1295 2239 1472 iiiic‘a'ainiiffi

290 1451 391 1523 Anna
404 1463 488 1522 sunt
501 1451 575 1520 lere
591 1463 776 1543 qurngenta
790 1451 835 1520 ab
853 1465 950 1524 exrtu
962 1477 1005 1522 ea
1019 1449 1181 1549 Aegypto

189 1557 237 1628 a'd
259 1551 509 1638 Salomonem,
539 1551 688 1622 totidem
709 1551 781 1622 lere
797 1576 816 1622 a
833 1551 1025 1625 Salomone
1043 1557 1092 1626 ad·
1108 1556 1182 1628 exi-
1288 1487 1363 1557 Μα
1375 1483 1539 1558 mum
1567 1490 1624 1576 (cf,
1639 1492 1760 1579 Smin
1773 1499 1858 1580 publ.
1875 1497 1914 1568 Τ·
1930 1495 1958 1566 1·
1981 1524 2012 1586 Ρ·
2026 1501 2089 1568 ²⁹²
2100 1489 2145 1586 i)

188 1659 282 1730 liora
303 1653 572 1749 Babylonicum.
631 1651 720 1722 lade
751 1654 899 1726 totidem
921 1669 956 1726 et
977 1655 1085 1748 paulo
1105 1679 1182 1729 am·
1232 1636 2238 1755 initiogmtiasagototopectorcDeoaeteraopatriDo-

190 1759 286 1851 plius
302 1759 348 1828 ad
366 1757 531 1828 adtirnum
548 1752 782 1848 lerosolymae
797 1757 983 1827 excidium.
1231 1754 1323 1826 mini
1339 1753 1453 1828 nostri
1470 1751 1550 1826 lesu
1565 1751 1719 1843 Christi,
1742 1760 1921 1832 conditori
1937 1764 2027 1834 coeli
2042 1777 2078 1836 et
2092 1779 2237 1860 terrae,

293 1857 353 1930 Ad
374 1851 461 1928 haec
477 1857 635 1948 exempla
657 1856 859 1928 conferebat
878 1859 1091 1932 mutationes
1104 1858 1183 1934 Ro·
1233 1869 1268 1926 et
1282 1852 1460 1926 Ecclesiae
1480 1869 1515 1960 et
1534 1851 1743 1945 hominum,
1767 1885 1840 1932 una
1861 1885 1941 1933 cum
1964 1865 2038 1936 filio
2061 1889 2125 1938 sun
2140 1871 2237 1943 Do-

190 1983 336 2045 manas,
361 1973 397 2031 et
418 1954 506 2030 baec
528 1957 723 2048 praesentia
745 1979 862 2048 regna.
913 1955 1071 2034 Othonis
1085 1963 1182 2034 tertii
1232 1957 1333 2026 mino
1357 1969 1481 2028 nostro
1497 1956 1576 2030 lesu
1592 1954 1755 2046 Christo,
1788 1963 1953 2036 crucifixo
1970 1990 2036 2058 pra
2056 1971 2158 2042 nobis
2189 1991 2236 2050 er

191 2081 351 2156 tempore
366 2057 434 2132 hoc
448 2055 635 2152 pnlclrruna
647 2054 793 2149 ἀξίωμα
808 2074 841 2130 et
855 2060 1035 2153 fastigium
1051 2065 1183 2136 electo-
1232 2058 1456 2143 resuscitato,
1482 2071 1517 2128 et
1530 2059 1668 2150 Spiritu
1685 2085 1752 2134 suo
1769 2076 1910 2150 sancto,
1936 2070 2029 2160 quod
2047 2065 2233 2150 hactenus

191 2191 274 2235 raam
294 2163 524 2248 constitutum
546 2183 640 2245 esse,
664 2185 704 2230 ac
726 2161 799 2230 lere
815 2163 939 2234 eodem
953 2177 1110 2256 tempora
1124 2167 1182 2242 in-
1232 2183 1299 2230 nos
1322 2159 1512 2230 clementer
1533 2162 1703 2252 protegit,
1728 2187 1880 2258 eumque
1903 2171 2108 2242 ardentibus
2123 2181 2232 2251 roris

191 2263 355 2338 elisatam
377 2257 451 2334 esse
485 2263 636 2334 lormar'o
667 2261 766 2351 regni
791 2259 989 2336 Pannonici
1015 2281 1049 2340 et
1074 2265 1182 2338 Polo.
1233 2284 1319 2347 oro,
1344 2273 1385 2332 ut
1406 2283 1544 2354 semper
1557 2259 1752 2334 Eccbsiam
1770 2265 1840 2336 sibi
1862 2266 1957 2338 inter
1976 2291 2042 2342 nos
2063 2275 2231 2369 colligar,

190 2367 282 2452 uici,
303 2389 394 2460 qaae
410 2360 579 2438 hactenus
592 2386 705 2434 annos
720 2364 932 2456 quingentos
952 2369 1104 2442 duravit.
1233 2363 1476 2434 doctrinarum
1490 2364 1606 2434 studia
1621 2365 1813 2453 atberun,
1845 2380 1880 2440 et
1902 2363 1999 2442 hunc
2018 2388 2154 2448 coetum
2180 2401 2227 2458 et

295 2467 351 2540 Ad
367 2462 459 2538 hanc
472 2480 599 2536 metam
615 2465 751 2556 periodi
767 2489 848 2542 curn
865 2467 935 2538 iam
951 2471 1082 2560 pariter
1097 2465 1183 2542 haec
1232 2458 1319 2536 haec
1332 2465 1473 2554 tuguria
1488 2477 1659 2557 protegat.

191 2595 300 2663 regna
317 2569 539 2662 accederent,
566 2589 710 2656 magnas
726 2566 848 2638 ruinas
865 2590 903 2640 se
916 2584 1073 2642 metuere
1087 2573 1183 2642 dice-
1332 2562 1425 2636 Cum
1440 2577 1558 2638 autem
1574 2562 1763 2640 honesturn
1779 2581 1815 2644 et
1837 2571 2007 2646 usitatum
2029 2577 2076 2650 sit
2093 2577 2132 2653 in
2156 2581 2229 2660 his

191 2675 265 2748 bat.
320 2669 501 2744 lotardurn
520 2663 576 2738 bis
586 2667 809 2740 sermonibus
819 2683 853 2741 et
862 2663 958 2748 laurac
970 2672 1089 2768 ipsum
1104 2697 1183 2744 ver·
1232 2667 1494 2758 congressibus,
1517 2668 1574 2738 vei
1588 2669 1632 2740 de
1646 2683 1744 2763 parte
1758 2671 1878 2767 aliqua
1894 2676 2146 2767 doctrinarum,
2173 2706 2228 2763 ut

193 2801 272 2850 sum
291 2771 474 2846 miscebat:
990 2769 991 2774 ’
1114 2815 1126 2838 .
1231 2769 1414 2842 iuniorum
1437 2771 1636 2843 formentur
1658 2771 1808 2858 iudicia,
1833 2775 1968 2862 dicere,
1992 2780 2050 2850 vel
2067 2787 2231 2862 recitare

347 2877 437 2944 Eheu
451 2901 539 2964 qaam
555 2880 671 2942 levitas
682 2891 809 2961 pereum
821 2881 954 2962 ingentia
964 2887 1073 2950 musis.
1230 2865 1408 2956 historias,
1432 2892 1582 2964 quarum
1595 2873 1831 2946 consideratio
1846 2878 1973 2950 multas
1985 2883 2100 2955 adfert
2114 2891 2229 2961 utili.

296 2975 367 3048 Sed
393 2971 485 3048 banc
516 2997 552 3046 se
577 2974 855 3046 consolationem
881 2989 1001 3049 tenere
1032 2977 1184 3064 dicebat,
1230 2984 1337 3056 tates,
1358 2967 1416 3040 hic
1431 2994 1488 3042 me
1501 2972 1577 3042 dies
1586 2971 1760 3064 Matthiae
1769 2971 1954 3068 Apostoli,
1980 3005 2061 3052 cnm
2076 2987 2120 3057 de
2135 2993 2229 3068 aliis

193 3082 291 3174 quad
307 3079 383 3148 sine
396 3077 470 3148 ulla
483 3075 706 3151 dubitatione
721 3087 904 3160 statueret,
930 3091 965 3148 et
974 3101 1046 3150 esse
1055 3077 1183 3164 Deum,
1229 3071 1353 3144 multis
1366 3066 1525 3143 historiis
1538 3075 1735 3160 admonuit,
1755 3089 1832 3148 tam
1846 3103 1931 3150 vero
1944 3083 2050 3154 etiam
2064 3087 2227 3184 deRege

193 3199 230 3253 et
262 3178 377 3252 Qum
409 3199 490 3248 vere
520 3177 684 3267 colligere
715 3177 784 3246 sibi
810 3177 850 3246 in
875 3200 1001 3267 genere
1023 3176 1181 3252 hnmano
1229 3171 1436 3246 Pannoniae
1445 3169 1619 3261 Matthia,
1643 3178 1708 3271 qui
1722 3201 1763 3247 co
1779 3179 1839 3250 die
1851 3195 1933 3252 ante
1945 3205 2059 3255 annas
2071 3205 2225 3268 centum

192 3299 372 3356 aeternam
387 3276 600 3362 Ecclesiam,
624 3291 658 3350 et
674 3302 719 3348 ne
736 3277 768 3348 ei
783 3279 898 3352 desint
911 3276 1083 3373 hospitia,
1107 3304 1182 3354 ser-
1229 3288 1265 3347 cl
1278 3289 1357 3348 0010
1372 3288 1476 3348 natus
1490 3290 1554 3359 etl,
1580 3278 1624 3348 de
1638 3279 1739 3350 cuius
1753 3279 1884 3354 virtute
1898 3295 1932 3354 et
1946 3283 2145 3377 faelicitate,
2170 3315 2224 3371 ue

192 3409 276 3456 vare
297 3406 378 3454 cum
398 3381 535 3473 aliquas
557 3379 713 3470 politias,
746 3393 780 3452 et
812 3381 955 3474 quidem
986 3377 1181 3454 Ecclesiam
1229 3377 1367 3470 saepius
1391 3377 1464 3446 itm
1488 3377 1698 3467 cogitemus,
1732 3405 1918 3456 movemur
1939 3387 2046 3456 etiam
2069 3389 2225 3468 Panno-

191 3483 261 3562 ¹llei
275 3482 556 3555 constantissime
571 3481 778 3552 adfirmabat
796 3475 892 3554 hunc
912 3483 1028 3576 ipsum
1042 3499 1181 3558 coetum
1228 3479 1309 3550 niae
1322 3477 1598 3565 calamitatibus,
1623 3505 1713 3574 qaae
1729 3505 1825 3552 nnnc
1840 3498 1924 3556 sunt
1936 3485 1974 3556 in
1988 3511 2189 3584 conspectu.

191 3575 286 3672 esse,
310 3587 348 3654 in
363 3609 436 3678 qao
449 3608 517 3654 vox
530 3579 717 3672 Evangelii
731 3598 834 3656 sonat
848 3583 1066 3678 incorrupta.
1328 3573 1502 3650 Existimo
1523 3603 1598 3649 non
1619 3583 1706 3653 ialso
1730 3581 1899 3674 scriptum
1921 3609 1994 3658 csse
2016 3613 2036 3658 a
2053 3587 2221 3688 Platone,

295 3685 650 3758 Hircumaliamulta
666 3683 866 3756 testimonia
880 3687 1067 3772 recitabat,
1091 3711 1181 3782 quae
1228 3679 1349 3754 letale-s
1366 3703 1439 3751 esse
1458 3681 1688 3773 imperiorum
1712 3685 1893 3778 periodos,
1917 3701 1953 3759 ct
1970 3692 2139 3789 tantisper
2154 3703 2220 3772 di-

192 3793 381 3864 adbrmant
403 3783 595 3856 Ecclesiam
616 3799 651 3856 et
670 3785 709 3854 in
732 3779 799 3856 hac
817 3787 959 3858 mortali
979 3787 1051 3860 vita
1067 3790 1182 3860 dura·
1229 3783 1361 3853 vinitas
1377 3783 1518 3873 praefici
1537 3785 1653 3874 regnis
1667 3787 1837 3857 salutares
1851 3789 2119 3885 gubernatores,
2145 3803 2220 3874 do.

191 3909 309 3966 turam
330 3913 402 3962 esse
425 3911 537 3982 usque
560 3889 605 3957 ad
625 3885 925 3958 resuscitationem
947 3903 1181 3976 mortuorum,
1228 3909 1293 3956 nec
1314 3884 1452 3977 periodi
1470 3883 1698 3957 circumactae
1719 3899 1820 3974 sunt,
1851 3891 1912 3960 sed
1937 3905 2055 3964 tamen
2079 3900 2118 3970 in
2143 3898 2218 3974 bo-

192 4013 270 4070 tnm
289 4014 371 4065 aera
394 3991 579 4083 praecipue
598 3989 841 4062 delectabatur
863 3983 932 4060 lroc
962 3991 1064 4065 brevi
1076 3980 1179 4064 ‘dicto
1228 3987 1366 4056 minum
1390 3985 1490 4055 viciis
1516 3988 1704 4080 praecipua
1739 4011 1842 4060 causa
1874 4003 1927 4063 est
1960 3993 2124 4071 interitus
2155 4030 2218 4076 re-

193 4097 290 4192 quod
306 4107 399 4163 estat
411 4092 503 4182 apud
517 4086 675 4160 Esaiam:
699 4085 777 4180 Ego
791 4113 852 4162 vas
863 4091 972 4164 etiam
989 4093 1028 4162 in
1042 4107 1180 4166 senecta
1226 4111 1391 4178 gnarum.

192 4213 228 4272 et
253 4195 385 4270 canicie
407 4193 561 4282 gestabo.
618 4189 671 4262 Ac
695 4192 889 4282 suspiciens
911 4193 951 4262 in
964 4195 1103 4266 coelum
1120 4219 1179 4265 ar·
1328 4187 1412 4260 ldeo
1437 4213 1639 4284 quanquam
1665 4204 1797 4262 veteres
1818 4193 1945 4278 dures,
1977 4223 2130 4290 qnorum
2151 4229 2218 4277 ex.

190 4299 357 4370 dentibus
382 4295 471 4366 votis
490 4292 606 4364 Deum
629 4295 854 4385 precabatur,
878 4307 918 4368 ut
939 4291 1179 4368 etEcclesiam
1226 4291 1355 4364 cellans
1378 4290 1445 4362 l'uit
1470 4291 1601 4377 virtus,
1627 4315 1701 4362 uon
1725 4319 1908 4386 possumus
1930 4299 1969 4368 in
1989 4295 2081 4371 hanc
2101 4305 2214 4380 vitam

190 4403 230 4472 in
247 4396 313 4474 hac
328 4421 389 4468 sua
404 4397 534 4486 patria,
559 4409 594 4465 et
608 4395 756 4488 patriam
773 4409 946 4482 servaret,
970 4421 1035 4468 nec
1048 4397 1180 4470 sineret
1226 4417 1410 4477 revocare,
1434 4405 1656 4464 tamencum
1678 4393 1872 4468 discordias
1894 4421 2079 4490 procerum
2103 4401 2213 4484 huius

189 4505 230 4574 in
244 4499 437 4572 Germania
460 4521 523 4570 seu
538 4495 726 4570 Turcicam
749 4495 1054 4571 seuBarbaricam
1070 4501 1180 4572 vasti·
1226 4495 1367 4579 aetatis,
1401 4507 1435 4564 et
1457 4495 1644 4568 orbitatem
1669 4491 1876 4568 Pannoniae
1905 4500 2106 4591 intuemur,
2137 4535 2214 4583 non

188 4621 295 4680 tatem
310 4601 398 4673 lieri.
1227 4617 1412 4690 possumus
1429 4619 1501 4665 non
1518 4595 1696 4690 requirere
1712 4599 2051 4686 animislluniadea,
2073 4623 2209 4700 patrem

289 4703 386 4778 llaec
416 4702 525 4794 ipsius
546 4701 712 4772 vaticinia
740 4713 777 4772 et
798 4713 880 4772 vota
905 4701 1179 4789 consideremus,
1226 4697 1287 4770 aut
1310 4691 1500 4769 Matthiam
1523 4697 1656 4785 tilium,
1688 4723 1841 4792 quorum
1864 4705 2034 4775 autoritas
2063 4709 2211 4785 dissidia

2154 1610 2162 1618 .

57 4861 63 4868 -
189 4826 325 4882 etcum
349 4806 417 4874 iarn
440 4817 492 4874 tot
514 4803 663 4873 volnera
685 4801 895 4888 sentiamus,
920 4817 954 4876 et
973 4803 1178 4897 impendere
1227 4823 1411 4893 procerum
1437 4799 1622 4884 dirimere,
1655 4813 1689 4870 et
1711 4801 1884 4875 fortitudo
1909 4819 2071 4880 externos
2091 4807 2210 4888 hostes

188 4933 336 5002 magnae
352 4929 470 4977 rerum
488 4903 713 4975 confusiones
726 4902 931 4990 videantur,
957 4927 1022 4976 nos
1035 4930 1177 5000 quoque
1225 4925 1360 4980 arcere,
1387 4899 1463 4972 Deo
1481 4901 1622 4992 [uvam
1638 4901 1820 4992 potuisset,

187 5041 208 5084 a
226 5011 302 5084 Deo
320 5007 575 5098 mitigationem
598 5003 836 5078 calamitatum
860 5020 1040 5097 petamus,
1065 5022 1100 5082 et
1112 5032 1177 5078 nos
1326 4997 1404 5074 Etsi
1421 5017 1538 5074 autem
1560 5003 1631 5072 iarn
1647 4997 1712 5072 bos
1726 5004 1855 5078 trustra
1873 5007 2132 5099 desideramus,
2157 5031 2211 5089 ta.

187 5117 226 5184 in
249 5110 314 5182 bac
337 5108 524 5190 imbecilli,
555 5119 590 5176 et
610 5106 723 5176 delira
744 5119 881 5176 senecta
903 5107 1028 5178 mundi
1048 5111 1176 5199 gestari
1224 5129 1308 5177 men
1322 5103 1633 5176 benemeritorum
1659 5106 1789 5176 ducum
1805 5111 2004 5195 recordari,
2029 5117 2209 5203 gratitudo

187 5243 208 5284 a
225 5208 538 5281 titiolleiliominu
554 5221 675 5280 nostro
690 5203 770 5282 Iesu
783 5201 925 5284 Christo
941 5208 1176 5304 aoiduepre.
1223 5222 1287 5280 est.
1337 5202 1387 5278 Et
1409 5207 1585 5299 principes
1601 5205 1696 5276 viros
1710 5230 1832 5280 eorum
1847 5215 2046 5286 recordatio
2066 5219 2111 5288 ad
2135 5221 2211 5290 vir.

188 5336 318 5384 “miff-
369 5308 464 5382 Did·
1222 5310 1310 5379 tntis
1323 5308 1557 5382 imitationem
1570 5310 1758 5380 accendere
1771 5323 1896 5402 potest.
1927 5309 2110 5389 Omnibus
2124 5347 2208 5395 vero

235 5417 239 5424 ¹
1225 5411 1366 5500 prodest
1389 5410 1427 5476 in
1450 5404 1515 5478 hac
1540 5411 1707 5482 varietate
1728 5413 1969 5506 exemplorum
1984 5420 2209 5496 considerare
