4688 5826
247 269 328 354 275
679 265 872 358 ,DECL
901 263 976 346 DE
1009 263 1319 348 rnatum
1349 263 1700 406 poccatttau
1736 287 1823 350 erc.
2209 267 2294 348 ost

254 451 351 520 ultro
366 445 628 540 amplectuntur
642 441 844 516 occasiones
859 443 1011 514 invicem
1037 443 1249 529 insectandi,
1300 445 1475 514 docentes.
1534 439 1723 514 Summum
1745 439 1921 511 malorum
1942 452 2013 526 est,
2044 453 2081 511 et
2098 439 2293 510 certissime

255 550 359 622 facile
379 547 524 640 rapiunt
545 547 584 615 iu
601 545 814 615 calumniam
830 546 982 616 aliorum
1004 546 1117 631 dicta,
1143 547 1249 617 etiam
1298 541 1476 616 Ecclesi.=c
1470 543 1628 662 pestis,
1644 565 1753 635 purae
1767 542 1950 614 doctrinae
1964 541 2187 634 depravatio.
2234 543 2294 612 scd

258 653 354 724 bona
376 661 438 720 ant
458 659 549 719 certe
573 645 792 728 tolerabilia,
818 663 858 720 ιιι
880 671 920 718 ιι
935 646 1019 716 odio
1044 647 1250 738 depravent.
1300 647 1346 716 ad
1366 639 1480 731 hanc,
1516 645 1716 715 occasiones
1740 658 1775 716 et
1803 665 1926 714 causas
1946 644 2090 736 praebet
2111 643 2294 714 discordia

259 748 319 825 Ab
335 746 419 822 his
408 749 520 820 mitiis
536 749 737 820 decurritur
761 750 806 819 ad
820 750 991 820 factiones
1008 761 1042 818 ιι
1056 761 1190 840 partes,
1217 763 1252 820 et
1301 747 1516 818 docentium.
1569 744 1690 834 Quare
1705 746 1932 839 quantumin
1946 745 2130 831 nobisest,
2152 769 2292 816 summa

260 877 361 925 suam
377 851 527 945 quisque
542 849 754 920 sententiam
777 850 891 942 pergit
905 850 1134 942 pertinaciter
1148 849 1252 936 tueri,
1301 871 1385 920 cura
1418 871 1459 918 ac
1489 847 1609 918 studio
1634 871 1696 917 ιιι
1698 850 1829 918 endum
1851 861 1920 932 cst,
1954 869 2000 916 ne
2027 860 2147 918 nostra
2172 847 2292 940 aliqua

261 955 392 1073 quibos
413 964 529 1044 potest
553 953 669 1022 modis
701 965 737 1022 et
764 951 1004 1022 adversarium
1032 951 1253 1022 odiosissime
1301 951 1404 1042 culpa
1421 949 1595 1020 eiusmodi
1610 949 1771 1019 malum'
1760 961 1855 1018 mter
1870 971 1936 1018 nos
1953 948 2133 1022 excitetur.
2169 945 2295 1040 Neque

261 1052 463 1138 criminari,
489 1054 660 1146 quaedam
674 1052 782 1124 etiarn
797 1045 934 1124 tantum
952 1053 1031 1124 ideo
1053 1054 1253 1124 delenduu-
1302 1075 1385 1121 vero
1410 1051 1621 1140 cogitemus,
1652 1073 1718 1120 nos
1733 1051 1865 1120 liberos
1881 1071 1955 1120 esse
1978 1051 2024 1120 ab
2041 1045 2097 1119 his
2113 1049 2292 1141 periculis.

261 1169 341 1235 tur,
371 1177 447 1225 non
470 1154 566 1246 quod
585 1177 668 1224 vera
690 1175 764 1225 esse
786 1155 973 1240 videntur,
1008 1155 1069 1224 sed
1088 1155 1171 1248 quia
1187 1179 1253 1224 vo·
1301 1151 1392 1224 Nam
1405 1149 1597 1238 Diabolus,
1621 1164 1660 1222 ut
1674 1151 1766 1238 dixi,
1784 1175 1859 1222 non
1869 1151 2085 1222 desinitnos
2099 1152 2220 1221 omnis
2237 1173 2294 1240 ge-

260 1255 388 1376 lpptati
409 1267 460 1326 est
480 1255 526 1324 ab
541 1255 743 1326 adversario
763 1255 961 1332 dissentire.
1011 1254 1138 1328 Postea
1153 1255 1253 1328 latis·
1302 1253 1397 1324 neris
1429 1252 1571 1328 insidiis
1596 1266 1702 1346 atque
1728 1205 1864 1324 aitibus
1890 1265 2065 1344 appetere.
2123 1247 2172 1323 Et
2198 1277 2293 1322 nuu-

261 1357 349 1430 simc
371 1369 545 1448 vagantur
571 1355 759 1444 factiones,
795 1357 942 1427 dissidia
970 1358 1016 1428 ab
1043 1353 1254 1429 authoribus
1302 1379 1409 1450 quam
1421 1367 1493 1424 tam
1508 1353 1837 1475 speliciteragctor
1826 1377 1865 1423 ιιι
1880 1355 1986 1424 rebus
1994 1349 2180 1438 humanis,
2207 1354 2294 1446 quin

262 1458 431 1544 excitata,
462 1481 537 1526 non
557 1469 694 1526 tanturn
709 1459 840 1546 nrbes,
872 1460 934 1528 scd
957 1471 1048 1529 totas
1064 1473 1176 1529 terras
1192 1481 1253 1528 oc·
1302 1457 1453 1527 existant
1484 1455 1591 1526 etiam
1613 1455 1708 1527 inter
1737 1458 1852 1526 bonos
1889 1457 2029 1549 aliquae
2054 1407 2294 1524 offensionum

262 1572 405 1651 cupant.
462 1556 514 1628 lta
546 1560 718 1651 quaedam
749 1559 886 1651 privata
908 1560 991 1630 odia
1021 1561 1254 1642 ulciscuntur,
1302 1559 1514 1630 occasiones.
1564 1555 1697 1646 Magna
1712 1570 1763 1627 est
1779 1558 1872 1627 inter
1890 1551 2054 1626 homines
2067 1555 2294 1642 ingeniorum

262 1654 661 1754 publicaEcclesiarum
677 1659 885 1731 calamitate.
934 1656 989 1731 Ac
1011 1661 1096 1731 satis
1110 1676 1254 1752 apparet
1303 1673 1337 1730 et
1360 1673 1569 1730 naturarum
1594 1658 1866 1738 dissimilitudo,
1909 1659 2027 1751 itaque
2049 1657 2152 1726 facile
2179 1669 2295 1748 potest

263 1757 357 1832 hanc
380 1761 547 1830 omnihus
568 1763 642 1830 lere
664 1763 883 1853 temporibus
905 1762 1060 1833 extitisse
1081 1763 1252 1852 originem
1304 1761 1479 1844 accidere,
1504 1773 1544 1829 ot
1558 1759 1794 1830 aliialiorum
1811 1760 1912 1830 iactis
1931 1783 1971 1828 ac
1987 1758 2090 1828 dictis
2108 1759 2295 1827 offendan-
2316 1795 2317 1800 1

263 1857 464 1934 haereseoiu
494 1877 528 1934 ct
560 1857 821 1943 schismatum,
859 1862 930 1932 iam
961 1864 1047 1934 inde
1076 1859 1120 1934 ah
1149 1863 1254 1934 initio
1303 1875 1377 1932 tur.
1425 1857 1561 1931 Etcum
1577 1861 1685 1930 semel
1701 1859 2148 1944 admittimusoccasiones,
2176 1867 2295 1951 postea

263 1963 415 2054 evulgati
428 1959 633 2052 Evangelii,
658 1964 754 2056 quod
770 1960 943 2034 Diabolus
959 1989 1000 2034 ιι
1015 1966 1091 2056 ipso
1108 1987 1255 2056 corpore
1304 1963 1374 2054 ipsi
1395 1961 1500 2031 nobis
1519 1961 1763 2052 indulgemus,
1795 1962 1907 2030 animi
1930 1961 2099 2053 paulatim
2116 1960 2295 2052 incipiunt

262 2061 440 2136 Ecclesiae
461 2059 610 2154 pulchre
635 2065 887 2135 consentientis
911 2065 950 2135 in
974 2083 1057 2136 vera
1081 2067 1255 2152 doctrina,
1304 2063 1472 2148 alienari,
1515 2065 1698 2133 accedunt·
1720 2063 1885 2132 sinistrae
1917 2061 2153 2154 suspiciones,
2207 2085 2317 2155 quac¹

265 2165 431 2237 excitavit
445 2166 601 2258 aliquos,
627 2165 688 2260 qui
706 2180 851 2258 propter
866 2169 1020 2258 privatas
1036 2168 1255 2258 cupiditates,
1304 2163 1530 2236 etiamsinon
1553 2177 1747 2256 erumpunt
1767 2164 1806 2234 in
1830 2164 2025 2234 simultates
2048 2175 2083 2232 et
2104 2163 2209 2243 odia,
2245 2175 2294 2232 ta·

263 2279 325 2338 aut
352 2267 484 2336 simil'es
511 2289 649 2351 causas,
679 2267 725 2336 ab
746 2269 946 2338 animorum
970 2281 1004 2338 et
1030 2269 1255 2340 voluntatum
1305 2291 1387 2336 men
1402 2289 1477 2334 ιιοιι
1492 2267 1625 2338 abeunt
1639 2266 1716 2335 sinc
1732 2266 1958 2334 incommodo
1975 2265 2136 2354 publico,
2162 2265 2317 2336 multae

264 2367 499 2451 dissensione,
525 2369 568 2436 ad
586 2367 822 2438 dissensiones
840 2370 884 2438 de
901 2369 1062 2440 doctrina
1086 2369 1255 2460 provecti,
1304 2369 1420 2438 bonae
1441 2389 1499 2437 res
1521 2367 1784 2457 impediuntur,
1817 2366 2027 2436 cumanimi
2043 2387 2116 2434 non
2133 2365 2221 2433 satis
2238 2359 2317 2436 crs-l

263 2483 432 2560 perpetua
451 2468 629 2538 dissidia'
618 2493 657 2538 m
670 2464 839 2539 Ecclesiis
855 2485 1078 2562 pepererunt.
1137 2469 1254 2557 Quam
1305 2464 1473 2552 haerent,
1506 2491 1612 2537 nemo
1643 2468 1745 2538 alteri
1769 2467 1931 2550 confidit,
1962 2479 2024 2538 aut
2053 2489 2126 2536 sese
2156 2467 2317 2558 aperirel

262 2571 439 2641 alevibus
457 2593 645 2662 prrncrpus
656 2569 843 2643 excitatum
859 2583 909 2640 est
923 2571 1090 2661 pestilens
1103 2567 1209 2641 iru
1198 2594 1256 2639 ιιι
1304 2571 1421 2642 audet.
1476 2566 1526 2638 lta
1543 2591 1619 2639 non
1633 2571 1866 2641 conferuntur
1880 2569 2014 2652 stndra
2045 2569 2088 2638 ad
2106 2561 2317 2644 consuler-l

264 2673 451 2754 caudium,
476 2667 1256 2764 quoposteaomoespropeOrientisEccle-
1305 2673 1390 2740 dum
1411 2666 1589 2741 Ecclesiae
1611 2671 1825 2751 commodis,
1850 2693 1924 2740 uon
1947 2682 2030 2740 suut
2049 2670 2217 2740 derebus
2234 2649 2317 2739 uel

264 2773 336 2842 siae
353 2773 635 2860 conflagrarunt,
659 2775 790 2866 qood
779 2797 818 2842 ιιι
834 2774 1004 2844 electione
1022 2771 1257 2866 Episcopatus
1305 2773 1463 2842 cessariis
1484 2757 1777 2856 deliberationes,
1810 2783 1872 2842 aut
1900 2771 2173 2850 collocutiones,
2208 2795 2295 2862 quo-

174 2869 177 2874 ’
264 2873 355 2943 alius
378 2869 466 2943 Ario
500 2875 676 2964 praelatus
695 2875 820 2944 fuerat.
879 2873 989 2944 Plena
1016 2876 1255 2968 exemplorum
1305 2875 1411 2942 modo
1433 2863 1673 2944 obscuriores
1677 2873 1936 2943 controversiae
1967 2871 2170 2963 religionis,
2205 2873 2294 2941 clarc

265 2987 317 3046 cst
347 2969 875 3063 historiaomniumaetatum,
907 2978 1066 3046 sednon
1090 2991 1142 3048 est
1167 2999 1256 3067 opus
1305 2975 1523 3064 etproprie,
1554 2999 1595 3044 ac
1618 2977 1795 3044 adunam
1820 2975 1974 3066 aliquam
1998 2975 2317 3044 certamlormam‘

264 3075 390 3166 procul
404 3075 560 3164 exempla
577 3088 751 3167 repetere,
777 3101 857 3146 cum
874 3077 1001 3148 sintob
1017 3079 1255 3168 oculos-prse-
1305 3077 1499 3144 secundum
1514 3075 1724 3166 scripturam
1742 3075 1971 3166 explicentur.
2022 3073 2135 3165 Saepe
2148 3097 2223 3144 non
2240 3097 2293 3144 sa-
2316 3083 2317 3104 ³

263 3176 386 3248 sentia.
438 3173 670 3247 Meminimus
686 3199 725 3246 cx
749 3170 814 3246 hac
837 3179 911 3270 ipsa
933 3173 1053 3248 schola
1070 3179 1256 3272 quosdam,
1305 3176 1351 3246 tis
1374 3176 1525 3266 intelligi
1550 3190 1683 3267 potest,
1715 3178 1802 3271 quid
1825 3177 1974 3271 quisquc
1999 3176 2140 3246 sentiat.
2199 3173 2293 3244 Haec

264 3301 346 3348 cum
365 3274 470 3348 initio
493 3277 533 3345 in
555 3279 740 3350 asserenda
762 3302 850 3370 pora
875 3279 1035 3349 doctrina
1059 3277 1257 3368 Evangelii,
1305 3278 1377 3346 iam
1395 3277 1480 3348 satis
1495 3292 1738 3366 magnasunt,
1762 3278 1849 3372 quid
1865 3291 1981 3349 autem
1996 3280 2156 3348 futurum
2171 3290 2242 3361 est,
2266 3275 2294 3345 si
2316 3333 2317 3338 ,

265 3378 397 3448 nostris
433 3375 641 3448 viderentur
670 3401 744 3449 esse
778 3380 1077 3462 coniunctissimi,
1125 3393 1257 3472 postea,
1306 3379 1478 3448 accedunt
1495 3391 1531 3449 et
1546 3379 1629 3449 illae
1647 3393 1779 3472 pestes,
1804 3380 2018 3462 simultates,
2043 3379 2145 3462 odia,
2169 3377 2317 3448 factio-¹

267 3502 348 3550 cum
366 3503 407 3548 ex
433 3479 506 3550 suis
532 3479 744 3572 quibusdam
770 3481 1031 3574 suspicionibus
1055 3507 1129 3552 non
1156 3482 1256 3552 vide·
1306 3501 1387 3565 nes,
1445 3481 1618 3552 tumultus
1659 3495 1706 3552 et*
1736 3483 1976 3552 amarulentac
2019 3477 2317 3562 criminationes*

266 3581 541 3650 rentursc'satis
558 3581 822 3668 admirationis,
847 3597 882 3654 et
902 3583 1034 3673 gloriae
1051 3600 1257 3655 consecutos
1307 3601 1463 3673 pugnae,
1497 3606 1584 3676 quas
1610 3583 1737 3652 merito
1770 3583 1931 3676 quisquis
1954 3595 2022 3662 est,
2061 3577 2292 3664 Christianus,

267 3704 358 3760 esse,
393 3705 458 3750 nec
480 3682 558 3772 pari
589 3677 803 3754 authoritate
826 3707 866 3754 ac
887 3685 1145 3754 existimatione
1176 3709 1255 3756 cum
1307 3697 1381 3754 toto
1415 3683 1535 3752 auimo
1568 3683 1722 3752 execrari
1758 3697 1863 3777 atquc
1899 3678 2143 3753 exhorrescere
2178 3684 2289 3752 debet.

268 3781 483 3854 Doctorihus
514 3777 655 3867 haberi,
699 3808 782 3853 mox
805 3785 973 3854 exarsisse
1001 3785 1154 3870 invidia,
1194 3788 1257 3854 ad-
1307 3781 1567 3870 Quamobrem,
1592 3779 1986 3877 tametsihaecquidem
2003 3779 2150 3866 Schola,
2176 3779 2292 3852 hacte-

266 3881 422 3952 iunxisse
451 3880 520 3952 sibi
544 3879 706 3954 homines
734 3883 903 3970 furiosos,
943 3909 1096 3978 quorum
1124 3886 1256 3956 auxilio
1307 3907 1375 3953 nus
1390 3885 1647 3974 pacataiuerit,
1674 3899 1708 3955 et
1726 3884 2005 3956 interDoctores
2026 3885 2206 3973 singulare
2221 3898 2292 3953 stu·

267 3998 471 4073 spargerent
484 3983 654 4055 fanaticas
663 3985 871 4077 opiniones,
892 3987 989 4056 unde
1003 3987 1046 4055 ad
1063 4000 1256 4056 extremum
1308 3985 1407 4054 dium
1424 3985 1633 4056 concordiae
1645 4001 1834 4078 appareat,
1857 4001 1974 4058 tamen
1990 3999 2078 4057 utca
2094 4010 2200 4077 porro
2211 4009 2291 4054 con-

267 4081 582 4176 Anabaptistarom
600 4087 702 4158 furor
715 4085 878 4157 invaluit.
928 4086 997 4157 Sed
1014 4086 1256 4181 quiaquidatu
1308 4099 1485 4171 servetur,
1514 4081 1584 4157 huc
1606 4089 1848 4173 conseramus,
1875 4111 1993 4158 coram
2016 4100 2051 4158 et
2068 4088 2290 4176 cogitationes

268 4187 677 4276 poenasdederuntnon
697 4189 856 4260 nomino.
909 4187 992 4260 Scio
1006 4189 1182 4282 plerisque
1197 4215 1256 4257 ve-
1309 4200 1465 4272 nostras,
1488 4182 1597 4258 uthis
1612 4190 1845 4284 malis,quae
1863 4189 1954 4275 dixi,
1971 4211 2206 4261 occurramus.
2246 4181 2290 4256 Et

270 4299 383 4358 strum
399 4300 611 4359 notumesse
628 4287 850 4374 Wicelium,
875 4304 916 4361 ut
936 4305 987 4361 est
1008 4285 1115 4360 homo
1130 4305 1257 4361 natura
1309 4302 1457 4358 estsaue
1480 4291 1525 4359 ad
1546 4285 1640 4361 hanc
1657 4313 1731 4361 rem
1750 4315 1841 4383 opus
1863 4244 2034 4381 singirlari
2051 4315 2135 4361 cura
2152 4314 2192 4360 ac
2208 4311 2289 4380 pru·

272 4387 499 4468 ambitiosus,
528 4403 562 4460 et
584 4390 630 4459 de
651 4413 689 4460 se
714 4393 896 4481 magnifice
913 4410 1084 4472 sentiens
1109 4417 1187 4460 cum
1205 4406 1257 4462 ta·
1309 4389 1445 4475 dentis,
1478 4402 1513 4460 ct
1533 4385 1618 4477 hoc,
1648 4405 1690 4464 ut
1710 4393 1749 4462 in
1770 4395 1850 4464 alus
1864 4393 1989 4473 rebus,
2015 4391 2065 4462 ita
2083 4387 2141 4462 luc
2154 4411 2289 4484 quoque

271 4512 354 4556 men
373 4501 462 4559 ιιιιι
479 4483 587 4560 homo
606 4491 792 4572 obscurus,
824 4517 888 4562 nec
906 4495 1094 4586 quicquam
1110 4494 1257 4582 dignum
1309 4491 1543 4562 necessarium
1559 4505 1593 4563 et
1609 4493 1698 4565 utile
1719 4510 1943 4586 praeceptum
1964 4507 2030 4578 est,
2061 4495 2157 4586 quod
2175 4503 2288 4561 monet

271 4601 370 4659 tanta
387 4589 721 4679 opinioneeruditis
737 4587 959 4674 hominibus,
987 4619 1092 4686 quam
1108 4596 1202 4664 sibi
1191 4594 1258 4686 apsi
1311 4591 1580 4685 principiisesse
1598 4595 1823 4668 obstandum.
1880 4592 2001 4666 Litis
1990 4594 2151 4680 mitium,
2178 4589 2288 4685 inquit

273 4689 454 4776 induerat,
487 4693 710 4782 protulisset,
742 4694 826 4788 quia
847 4696 1108 4787 suspicabatur,
1131 4720 1167 4765 se
1185 4720 1258 4764 uon
1310 4694 1497 4777 Salomon,
1529 4695 1677 4786 perinde
1694 4712 1763 4780 cst,
1789 4698 1859 4767 acsi
1882 4698 2022 4766 alveum
2040 4697 2177 4787 ruperit
2195 4715 2289 4787 aqua,

273 4793 358 4864 satis
388 4815 453 4884 pro
476 4793 647 4883 dignitate
678 4795 840 4882 tractari,
876 4791 942 4867 hac
972 4797 1047 4866 sola
1076 4799 1121 4866 de
1145 4821 1259 4884 causa,
1310 4819 1400 4888 quae
1415 4809 1533 4888 postea
1550 4799 1648 4868 nulla
1664 4798 1798 4869 invitus
1821 4797 1996 4870 contineri
2011 4811 2137 4888 potest.
2188 4794 2238 4866 lta
2253 4793 2285 4860 in

273 4893 388 4981 coepit
401 4917 422 4964 a
437 4896 566 4965 nostris
580 4896 777 4970 dissentire.
834 4895 978 4970 Etcum
994 4901 1165 4991 quaedam
1184 4899 1260 4969 eius
1309 4894 1465 4969 Ecclesia
1481 4921 1501 4968 a
1521 4899 1638 4990 parvis
1660 4900 1772 4970 initiis
1788 4914 1885 4972 ortae
1901 4898 2154 4984 dissensiones,
2177 4908 2287 4990 postea

274 4997 401 5090 scripta
417 4997 463 5066 ab
476 4994 597 5067 amicis
612 4996 740 5069 leniter
749 5013 863 5070 essent
878 4994 1105 5092 reprehensa,
1121 5002 1260 5071 ‘exarsit
1311 5023 1390 5068 cum
1412 5000 1661 5087 invaluerunt,
1692 5001 1802 5072 nullis
1823 5000 1988 5072 remediis
2009 5001 2126 5070 sanari
2142 5008 2289 5092 possunt.

276 5095 328 5165 ira
344 5097 565 5190 atqueodio,
590 5110 626 5168 et
647 5098 794 5170 miscere
813 5102 932 5172 omnia
952 5115 1099 5170 conatus
1123 5115 1192 5181 ιιι
1226 5116 1261 5173 ιι
1312 5099 1430 5190 Quare
1468 5115 1641 5193 quantum
1679 5125 1882 5193 possumus,
1921 5103 2071 5173 vitemus
2099 5101 2287 5172 occasiones

276 5197 452 5290 qurdqurd
465 5199 583 5290 poturt
595 5221 725 5271 venena
738 5225 777 5270 sn
792 5215 931 5274 nostros
943 5203 1112 5274 evomuit
1163 5201 1260 5272 Haec
1310 5223 1450 5288 omues,
1482 5205 1725 5292 praecidamus
1747 5206 1914 5298 quicquid
1940 5204 2108 5294 impedit,
2139 5217 2199 5274 aut
2227 5201 2284 5268 ob·

173 5334 188 5350 „
275 5299 445 5418 exempla·
457 5301 583 5370 docere
604 5324 669 5372 nos
695 5317 860 5394 possunt,
892 5301 1064 5397 quantum
1084 5307 1260 5376 malorum
1310 5318 1392 5388 stat,
1411 5302 2285 5396 etiamsiquaeiustaevidenturessecausaeoffro

276 5396 445 5470 afferat
433 5424 473 5470 us
504 5397 680 5489 Ecclesia,
717 5405 889 5476 dissensio
915 5405 1178 5477 voluntatum
1167 5420 1262 5478 rnter
1309 5406 1471 5488 sionum,
1497 5407 1739 5480 condonemus
1760 5421 1903 5494 mutuo,
1934 5405 2194 5478 dissimulemus
2217 5400 2284 5495 pri-
