4688 5826
80 277 138 356 m
450 313 457 333 ι
547 271 714 352 nucu.
746 273 823 352 ιι
853 209 1134 352 ιιιοιιιο
1170 272 1592 354 ιοιιιιιιιιιιιι.
2021 275 2095 358 ιιι

79 467 176 542 etego
196 449 238 518 sd
252 457 294 517 te
316 445 538 519 adolescens:
579 450 667 520 novi
690 461 809 522 antem
833 463 911 522 tum
934 472 1042 540 gene-
1064 454 1079 596 q
1093 448 1332 521 lescentiam
1319 473 1360 519 m
1381 451 1461 520 ocio
1484 451 1723 542 perdiderint,
1746 466 1964 526 senectutem
1984 415 2101 526 mise-¹

78 577 153 627 rocos
175 561 331 644 parentes
352 561 453 636 tnos,
484 565 519 622 et
539 551 700 622 indolem
725 553 1068 646 educationemque¹
1093 575 1170 623 ram
1192 565 1227 624 et
1248 551 1488 624 calamitosam
1511 569 1632 644 agunt.
1685 555 1791 626 Tunc
1813 570 1847 650 et
1867 558 1978 649 pudet
1993 569 2093 626 ante-

77 673 159 730 tuam.
217 651 314 724 Haec
337 647 426 722 mihi
449 675 548 744 spem
568 655 725 739 faciunt,
750 655 845 742 iore,
870 669 909 726 ut
933 655 964 724 si
985 679 1041 722 me
1093 667 1189 725 actae
1211 654 1325 740 vitae,
1355 669 1390 726 et
1409 656 1504 747 piget
1525 658 1680 775 primum
1705 681 1874 750 quaerere
1895 658 2092 730 necessaria

77 771 187 830 mutus
206 752 336 838 suerit,
365 776 511 846 magnas
520 761 569 826 et
593 751 758 828 honestas
778 779 835 828 res
857 779 975 846 geras,
1008 770 1042 828 et
1093 757 1201 826 aetati
1218 757 1389 829 subsidia.
1442 757 1608 829 Suavis
1597 783 1636 827 m
1657 761 1892 831 adolescentia
1907 773 1988 830 ante
2003 772 2094 830 tem-

75 885 117 931 ne
134 859 237 928 multo
258 855 447 926 clariorem
469 859 564 949 apud
588 852 751 929 homines
772 859 915 936 cilicias.
966 857 1041 930 Nec
1093 873 1490 950 pustpraecerpserunt,
1516 861 1677 930 laborem
1700 875 1734 931 et
1753 885 1941 933 aerumnas
1958 862 1997 932 iu
2013 883 2093 932 eam

76 965 155 1051 longa
169 973 201 1030 te
216 957 454 1051 praefatione,
476 983 567 1052 quae
585 961 630 1029 ad
646 961 865 1052 voluptatem
881 961 968 1052 tingi
982 983 1042 1032 so·
1091 974 1240 1032 aetatem
1266 960 1492 1032 distulerunt.
1544 959 1621 1052 Ego
1636 987 1727 1046 ¹vero
1746 965 1840 1055 apud
1856 961 1951 1036 Dens
1970 983 2093 1035 versor

76 1066 120 1150 let,
141 1063 307 1146 morabor,
328 1061 388 1131 sed
407 1059 616 1152 simpliciter
631 1062 668 1132 id
680 1065 778 1156 quod
789 1085 845 1132 res
855 1077 917 1147 est,
938 1085 1041 1134 vere·
1093 1076 1128 1132 et
1142 1063 1237 1154 apud
1254 1057 1422 1132 honestos
1437 1057 1612 1136 homines.
1664 1063 1815 1135 Nullum
1830 1060 2020 1136 honestum
2035 1066 2091 1136 fa-

42 1171 51 1194 ⁸
74 1191 125 1260 que
135 1165 289 1248 narrabo,
315 1163 412 1257 quod
428 1160 489 1232 Dii
505 1164 780 1236 constituerunt.
832 1164 940 1236 Nulla
956 1189 1040 1236 vera
1093 1165 1196 1234 cinus
1218 1187 1335 1258 neque
1357 1163 1417 1234 Dii
1442 1190 1556 1259 neque
1580 1162 1744 1237 homines
1768 1167 1844 1236 sine
1866 1191 1924 1236 me
1945 1165 2093 1246 faciunt,

75 1271 156 1352 bons,
180 1267 253 1336 sine
264 1267 388 1336 labore
397 1287 552 1360 carraque
561 1267 774 1338 mortalibus
783 1264 1039 1338 Diidederunt.
1093 1267 1245 1360 ideoque
1274 1289 1332 1335 me
1364 1281 1399 1336 et
1423 1263 1484 1336 Dii
1510 1282 1544 1338 et
1566 1263 1729 1338 homines
1751 1263 1889 1340 honore
1911 1268 2092 1339 adiiciunt.

74 1368 125 1440 Sed
139 1365 305 1440 siveDeos
317 1367 382 1438 tibi
402 1367 455 1436 vis
470 1391 544 1436 esse
553 1369 743 1460 propicius,
767 1369 930 1461 placandi
941 1381 1039 1440 suut:
1094 1365 1204 1448 Grata
1223 1391 1301 1436 sum
1320 1361 1741 1460 opitulatrix‘artificum,
1768 1371 1838 1439 fida
1854 1383 1971 1441 custos
1986 1369 2093 1438 fami-

74 1472 128 1540 sire
145 1473 185 1540 ab
199 1470 277 1540 aliis
292 1467 394 1559 diligi
412 1469 482 1554 vis,
508 1471 688 1540 beneficiis
703 1469 922 1561 adiungendi
939 1483 1039 1540 sunt:
1092 1471 1161 1543 liae
1176 1470 1422 1551 dominorum,
1449 1472 1620 1541 benevola
1636 1471 1789 1541 adiutrix
1805 1481 2009 1555 servorum,
2033 1470 2094 1542 iu·-

74 1574 127 1642 sive
145 1569 274 1642 honore
294 1571 398 1641 adiici
418 1595 438 1642 a
457 1571 595 1642 civibus
612 1573 729 1664 cupis,
755 1574 846 1643 bene
861 1572 991 1643 mereri
1006 1585 1040 1642 te
1094 1573 1210 1643 cunda
1233 1595 1351 1641 comes
1368 1573 1533 1642 laborum
1551 1574 1589 1642 in
1607 1597 1710 1664 pace,
1733 1574 1834 1642 firma
1848 1575 2092 1665 periculorum

73 1677 105 1744 de
126 1675 227 1766 patria
254 1685 413 1766 oportet:
446 1673 521 1743 sive
549 1673 604 1743 vis
633 1674 671 1742 iu
700 1675 939 1746 admiratione
966 1697 1041 1744 esse
1093 1676 1130 1743 in
1153 1673 1248 1743 bello
1271 1673 1490 1760 auxiliatrix,
1522 1676 1658 1768 optima
1682 1675 1856 1746 amicitiae
1879 1676 1984 1746 socia.
2043 1671 2093 1746 Et

73 1779 144 1868 apud
170 1799 290 1846 omnes
313 1773 486 1860 Graecos,
519 1776 714 1847 benefactis
741 1778 779 1846 id
806 1791 841 1848 te
870 1777 1039 1869 consequi
1092 1777 1162 1846 mei
1193 1775 1299 1844 amici
1330 1799 1454 1846 suaves
1486 1777 1687 1868 voluptates
1709 1777 1786 1848 sine
1810 1778 1953 1848 fastidio
1975 1777 2093 1869 perci-

73 1892 198 1970 oportet:
224 1878 301 1947 sive
316 1877 422 1946 visut
437 1889 532 1948 terra
548 1878 662 1970 pariat
676 1879 743 1949 tibi
758 1879 895 1969 fruges,
918 1879 1039 1948 colen·
1092 1878 1198 1969 piunt
1225 1901 1267 1946 ex
1295 1877 1376 1948 cibo
1407 1893 1442 1950 et
1469 1891 1576 1970 potu,
1612 1892 1797 1971 expectant
1826 1879 1922 1948 enirn
1945 1879 2093 1948 illorum

72 1983 105 2051 da
122 1994 179 2051 est:
205 1980 281 2050 sive
295 2003 336 2048 ex
350 1971 547 2070 pecudibus
561 1981 731 2050 ditescere
746 1981 819 2066 vis,
844 1983 1040 2073 pascendae
1092 1979 1253 2050 naturale
1282 1979 1511 2052 desiderium.
1563 1979 1719 2052 Somnus
1747 1981 1854 2051 etiam
1878 1979 2022 2051 suavior
2042 1980 2093 2049 eis

73 2098 148 2154 suot:
171 2081 251 2154 Sive
272 2081 369 2152 bello
390 2105 475 2174 opes
489 2095 568 2152 tuas
584 2105 712 2171 augere
726 2084 845 2170 voles,
870 2095 911 2152 ut
926 2083 1040 2151 socios
1092 2095 1143 2152 est
1167 2105 1274 2175 quam
1294 2082 1442 2167 ociosis,
1469 2107 1574 2175 quem
1598 2083 1704 2154 etiam
1721 2107 1801 2152 cum
1818 2107 1908 2176 opus
1922 2096 1991 2168 est,
2015 2083 2092 2152 sine

72 2185 100 2254 in
118 2185 306 2256 libertatem
330 2184 489 2268 adseres,
523 2199 557 2254 et
582 2184 748 2254 inimicos
770 2185 810 2254 in
833 2185 1038 2254 servitutem
1092 2184 1252 2253 molestia
1275 2183 1514 2272 abrumpunt,
1540 2208 1606 2254 nec
1622 2199 1767 2278 propter
1784 2181 1880 2254 huuc
1896 2184 2092 2254 necessaria

71 2287 199 2376 redigas,
222 2285 310 2356 belli
332 2295 424 2354 artes
446 2285 635 2356 discendae
656 2287 806 2357 suntab
827 2282 1040 2379 hisquieas
1092 2284 1345 2356 intermittunt.
1386 2281 1592 2355 Etiuvenes
1605 2309 1729 2357 senum
1744 2287 1911 2357 laudibus
1925 2289 2092 2378 gaudent,
2156 2289 2162 2298 '

71 2401 196 2472 nomnt,
219 2403 254 2459 et
275 2387 510 2467 exercendae,
536 2399 577 2458 ut
596 2389 777 2481 quomodo
801 2389 851 2458 eis
865 2389 1039 2458 utendum
1092 2399 1126 2457 et
1142 2407 1242 2454 senes
1257 2385 1479 2457 delectantur
1493 2387 1662 2458 iuvenum
1676 2385 1896 2475 honoribus,
1923 2403 1957 2460 et
1974 2389 2091 2458 incre-

73 2491 119 2576 sit,
140 2489 236 2558 scias:
266 2487 308 2558 Si
323 2489 436 2558 robur
451 2487 611 2582 corporis
626 2491 680 2558 vis
696 2490 926 2573 confirmare,
952 2513 1038 2558 con·
1092 2487 1196 2558 dibili
1220 2487 1402 2577 voluptate
1419 2513 1538 2559 rerum
1557 2513 1575 2558 a
1594 2513 1630 2560 se
1645 2503 1820 2579 gestarum
1838 2491 2091 2561 meminerunt.

72 2592 307 2662 sneiaciendum
329 2603 398 2675 est,
428 2602 468 2660 ut
489 2591 622 2661 rationi
642 2593 802 2672 obediat,
827 2606 1039 2662 etexercen-
1090 2585 1138 2659 Et
1169 2589 1246 2658 siue
1267 2589 1303 2658 di
1308 2589 1476 2660 ilicultate
1500 2605 1699 2682 praesentes
1720 2593 1860 2662 labores
1885 2593 2091 2678 conficiunt,

71 2695 135 2762 dum
152 2715 275 2782 magno
292 2691 413 2761 labore
426 2715 466 2761 ac
481 2695 621 2766 sudore
675 2691 782 2781 Quod
797 2717 878 2763 cum
894 2691 1040 2762 drxrsset
1092 2715 1155 2784 per
1184 2715 1239 2760 me
1264 2687 1343 2760 Diis
1373 2687 1495 2777 chari,
1527 2694 1671 2775 amicis,
1705 2689 1804 2763 chari
1829 2695 1975 2786 patriae.
2040 2689 2090 2764 Et

28 2819 30 2848 ι
70 2793 184 2876 Virtus,
208 2793 416 2886 interpellat
434 2817 510 2864 eam
518 2793 691 2884 Ignavia,
718 2794 902 2914 inquiens:
929 2795 1039 2862 Vides
1091 2799 1171 2862 cuin
1189 2786 1311 2862 exhac
1327 2793 1399 2863 vita
1415 2795 1669 2865 discedendum
1687 2809 1754 2882 est,
1780 2819 1854 2865 non
1870 2796 2014 2868 obscuri
2028 2808 2091 2866 aut

28 2905 30 3040 ἶ
71 2893 229 2977 Hercules,
251 2919 361 2991 quam
381 2917 540 2987 asperam
556 2910 591 2966 et
603 2897 797 2986 longam
763 2921 855 2966 viam
874 2897 917 2966 ad
934 2896 1038 2966 ioelt
1090 2894 1205 2984 ignoti
1222 2894 1358 2976 racent
1385 2898 1446 2965 sed
1467 2897 1589 2980 laudes
1607 2921 1729 2968 eorum
1748 2911 2090 2990 perpetunaposte-

28 2999 180 3068 citatem
213 2994 303 3068 haec
331 2997 398 3068 tibi
425 2997 556 3067 mulier
576 3000 758 3083 ostendat,
790 3023 863 3092 quo
886 3021 950 3088 ego
970 2997 1038 3067 tihi
1090 3021 1139 3065 ns
1152 2997 1414 3088 praedicantur
1466 2995 1564 3069 Haec
1577 2999 1749 3069 ubiofils
1766 3002 1944 3070 bonorum
1959 3023 2090 3092 paren-

70 3101 342 3192 eompendiariam
359 3099 663 3191 etplanamviam
681 3101 887 3175 monstravi.
941 3099 1037 3170 Tum
1090 3113 1166 3169 tum
1193 3096 1364 3168 Hercules
1396 3099 1621 3190 contingent,
1653 3116 1687 3173 et
1718 3126 1837 3171 veram
1862 3102 2090 3174 foelicitatem

71 3199 180 3273 Virtus:
211 3198 423 3286 Omisera,
449 3201 507 3270 die
530 3201 695 3296 nunquid
718 3197 849 3272 habeas
872 3201 977 3288 boni,
1004 3215 1038 3271 et
1090 3189 1359 3302 stabilemque'
1348 3215 1396 3269 ιιι
1422 3203 1667 3295 consequeris,
1694 3204 1724 3272 si
1748 3205 1906 3274 laborem
1930 3227 2005 3273 non
2026 3205 2090 3272 de-

71 3305 203 3398 runqnid
226 3327 337 3375 suave
358 3326 518 3398 unquam
535 3305 761 3394 cognoveris,
788 3327 879 3398 quae
893 3305 1036 3375 nullum
1089 3303 1213 3390 fugies.
1266 3291 1326 3373 Sic
1349 3303 1463 3372 virtus
1488 3305 1581 3395 apud
1598 3301 1875 3397 Xenophontem
1898 3306 2088 3376 concinna·
2192 3297 2196 3303 ’

71 3404 252 3476 laborem
216 3429 273 3475 vis
296 3405 444 3474 illorum
457 3407 788 3498 consequendorum
804 3429 906 3476 causa
925 3406 1037 3476 susci·
1089 3419 1166 3489 tur,
1192 3417 1227 3474 et
1245 3405 1290 3473 ad
1307 3405 1446 3474 labores
1463 3406 1723 3497 suscipiendos,
1743 3432 1817 3484 non
1836 3421 1975 3478 tantum
1993 3405 2088 3476 Her·

69 3530 139 3596 pere.
182 3504 230 3579 Et
242 3529 292 3576 ne
305 3506 451 3601 quidem
467 3519 627 3598 expectas
641 3508 803 3578 naturale
819 3508 1035 3577 desiderium
1089 3507 1223 3590 sulem,
1251 3508 1312 3575 sed
1329 3530 1452 3576 omnes
1469 3507 1725 3593 adolescentes,
1752 3509 1934 3579 verissima
1951 3509 2088 3598 gravis-

70 3609 358 3692 suaviumrcrum,
384 3610 445 3678 sed
462 3623 652 3704 antequam
670 3621 796 3678 natura
813 3621 953 3700 expetat
968 3631 1036 3694 eas,
1089 3607 1248 3700 simaque
1270 3630 1356 3676 voce
1380 3603 1555 3710 hortatur.
1615 3607 1696 3698 Qua
1719 3611 1877 3702 oportuit
1902 3633 2005 3680 aures
2026 3633 2089 3678 ve-
2214 3620 2217 3626 '

69 3709 169 3802 imples
194 3725 303 3806 atque
333 3710 457 3780 obruis
484 3723 537 3796 te,
574 3711 649 3780 edis
676 3709 885 3803 priusquam
915 3709 1037 3794 esuris,
1089 3722 1177 3779 stras
1194 3708 1400 3802 undique
1370 3733 1645 3796 circumsonare
1668 3726 1702 3783 et
1715 3711 2087 3782 inertesansmostan

70 3811 142 3882 titis
166 3828 354 3908 antequam
381 3813 478 3898 sitis,
510 3811 740 3883 condimenta
762 3813 860 3883 varia
884 3812 964 3882 ad'
954 3811 1037 3882 irri-
1089 3835 1194 3906 quam
1217 3811 1361 3880 classico
1385 3813 1583 3886 exsuscitari.
1637 3809 1756 3907 Atque
1774 3808 1893 3882 hanc
1882 3835 1994 3932 ipsam
2012 3813 2087 3882 vir-

71 3917 186 3984 undam
207 3915 340 3985 famem
363 3913 554 4004 excogitas,
579 3913 663 3983 vina
681 3913 858 4005 preciosa,
882 3928 923 3985 ut
936 3939 1036 3984 ιιιιι-
1088 3913 1174 3984 tutis
1195 3913 1394 3983 orationem
1420 3915 1626 3984 divinitus'
1615 3914 1824 3984 mformicis
1840 3915 2005 4005 scriptam
2018 3937 2087 4006 pu·
2135 3951 2140 3961 ·

70 4027 108 4086 tet
129 4016 231 4102 sitim,
266 4039 471 4107 comparas,
504 4017 544 4085 in
573 4030 703 4087 aestate
733 4015 852 4085 nivern
885 4016 1037 4110 quaeris.
1088 4028 1171 4100 tate,
1187 4039 1273 4108 quas
1286 4015 1426 4108 quoties
1438 4016 1617 4102 videbitis
1629 4017 1758 4086 ¹veniat
1772 4015 1812 4084 in
1823 4029 1980 4088 mentem
1995 4011 2087 4086 hanc

69 4110 325 4190 trutinantes
343 4118 518 4204 dormias,
542 4141 618 4188 non
640 4117 748 4188 modo
769 4115 893 4188 mollia
916 4131 1037 4203 strata,
1088 4116 1223 4188 vobis
1211 4118 1424 4206 imaginem,
1450 4141 1541 4237 quae
1564 4143 1627 4187 vos
1649 4119 1693 4187 ad
1717 4118 1909 4187 laborem'
1898 4119 2023 4189 incitet
2045 4119 2097 4188 in⁴

70 4220 217 4290 cedrum
232 4223 345 4292 lectos
358 4220 463 4306 iacis,
488 4243 652 4291 somnum
666 4243 762 4289 enim
776 4243 938 4305 accersis,
961 4243 1036 4289 nnn
1088 4217 1317 4290 terrisaDeo
1335 4221 1552 4310 propositam
1568 4241 1652 4291 esse.
1706 4215 1754 4290 Et
1768 4219 1859 4290 sicut
1869 4217 2084 4290 Comoedrae
2204 4209 2207 4216 ’

69 4334 99 4390 ut
112 4346 164 4413 per
182 4323 317 4396 laboris
338 4323 527 4394 intervalla
550 4323 723 4416 quiescas,
748 4321 842 4391 sed
831 4321 952 4416 iuopia
970 4343 1035 4391 ne·
1087 4317 1319 4406 exhibentur,
1351 4332 1392 4390 ιιι
1424 4321 1461 4388 in
1486 4321 1559 4390 illis
1580 4323 1749 4413 exemplis
1771 4322 1964 4406 discamus,
1996 4321 2085 4414 quid

72 4423 140 4512 prii
160 4424 233 4496 sine
262 4427 404 4519 pudore
431 4447 472 4494 ac
497 4425 614 4544 legum
636 4438 734 4494 metu
754 4423 868 4495 amori
889 4447 1033 4517 operam
1088 4423 1126 4492 in
1143 4422 1215 4492 vita
1233 4423 1372 4502 deceat,
1397 4422 1447 4493 ita
1460 4421 1584 4492 Deus
1573 4447 1612 4493 ιι
1628 4420 1693 4493 hac
1708 4448 1826 4493 rerum
1844 4436 1970 4494 natura
1987 4423 2084 4492 varia

72 4525 125 4607 das,
145 4543 241 4599 nocte
258 4527 428 4611 abuteris,
455 4540 489 4596 et
500 4527 672 4618 optimam
682 4526 752 4596 dier
764 4541 899 4619 partem
909 4549 1034 4598 somno
1086 4523 1284 4616 spectacula
1301 4523 1404 4606 tecit,
1431 4549 1521 4617 quae
1539 4549 1604 4606 nos
1621 4525 1729 4596 officii
1746 4525 1860 4595 nostri
1879 4523 2085 4594 commone-

71 4629 173 4716 pudis.
220 4625 270 4702 Et
291 4653 373 4700 cum
389 4625 501 4699 Deam
523 4641 558 4700 te
581 4651 655 4698 esse
676 4627 858 4718 glorieris,
883 4625 1036 4698 exDeo-
1086 4628 1253 4698 facerent.
1302 4625 1458 4696 Proinde
1476 4651 1555 4697 cum
1571 4627 1739 4696 formscae
1752 4621 1990 4698 convehentes
2003 4649 2084 4716 gra

72 4749 130 4798 mm
148 4754 293 4802 numero
314 4730 421 4801 eiecta
445 4752 502 4816 es,
528 4743 764 4823 aspernantur
786 4743 821 4800 te
844 4744 878 4802 et
893 4726 1035 4801 honesti
1087 4753 1151 4810 na,
1175 4729 1467 4826 candentesque
1456 4754 1494 4798 m
1513 4753 1701 4798 commune
1719 4729 1938 4821 spectabitis,
1964 4729 2084 4798 existi-

72 4821 214 4908 lomines.
272 4831 397 4926 Neque
425 4857 586 4927 unquam
608 4832 856 4904 suavissimum
878 4855 1033 4916 cannen,
1085 4841 1179 4900 mate
1206 4821 1298 4900 hanc
1322 4842 1490 4923 tanquam
1512 4828 1579 4900 Dei
1603 4854 1724 4900 vocem
1747 4854 1837 4916 esee,
1869 4855 1961 4924 quae
1984 4831 2084 4900 iubet

73 4941 128 5002 tuas
145 4935 264 5006 laudes
284 4933 464 5008 audivisti.
521 4931 572 5007 Et
594 4927 876 5054 pulcherrimum
897 4948 1033 5024 specta·
1085 4933 1224 5018 ocium,
1248 4933 1535 5002 nocentissimam
1549 4945 1680 5025 pestem
1696 4933 1834 5024 sugere,
1857 4947 1891 5002 et
1907 4933 2083 5024 suscipere

73 5033 162 5131 tulum
186 5061 372 5132 nunquam
400 5036 541 5108 vidisti.
574 5038 717 5108 nullum
747 5037 843 5106 enim
872 5059 1032 5130 unquam
1085 5030 1424 5114 honestnslabores
1450 5035 1804 5128 quihusetnnhisea
1821 5036 1964 5128 quaein
1981 5033 2082 5103 omni

72 5123 139 5208 rote
162 5141 292 5211 lactum
314 5153 417 5212 tuum
439 5140 612 5231 spectasti
665 5136 758 5228 Quis
780 5139 860 5210 tibi
870 5139 1031 5230 improba
1084 5138 1157 5209 vita
1176 5136 1371 5206 necessaria
1395 5151 1494 5219 sunt,
1527 5159 1790 5228 comparemus,
1821 5152 1856 5208 et
1879 5137 2080 5207 societatem

73 5241 183 5312 sedet?
210 5243 294 5337 quis
323 5239 440 5332 egenti
466 5242 567 5313 dabit
592 5240 755 5334 aliquid?
806 5240 898 5330 Quis
928 5263 1032 5310 sanae
1084 5261 1308 5309 communem
1330 5233 1552 5309 hominum
1540 5262 1714 5309 iuvemus.
1767 5237 1873 5328 Quod
1891 5261 1921 5307 ιι
1910 5239 2082 5320 facietis

72 5343 169 5413 tuentis
187 5343 226 5413 in
245 5358 309 5415 tuo
332 5338 443 5414 choro
464 5365 538 5434 esse
559 5340 671 5414 veliti
708 5343 807 5414 uhi
794 5367 941 5414 iuvenes
963 5343 1032 5411 im·
1082 5340 1216 5411 favebit
1230 5341 1355 5410 vestris
1368 5341 1440 5410 illis
1456 5341 1637 5412 laboribus
1645 5337 1754 5428 Deus,
1779 5353 1813 5410 et
1828 5364 1970 5410 ornnem
1987 5341 2081 5410 vitae

72 5437 162 5514 tsetut
186 5469 342 5540 corpore
356 5457 460 5530 sunt,
493 5469 593 5517 senes
613 5444 724 5531 fatui,
755 5445 818 5539 qui
840 5471 921 5517 cum
943 5445 1033 5516 ado-
1083 5465 1226 5517 cursum
1244 5443 1454 5515 fortunabit.
1520 5439 1654 5514 Contra
1677 5465 1737 5512 eos
1760 5442 1822 5536 qui
1843 5442 1936 5534 capti
1961 5465 2061 5510 amor
