4616 5816
231 195 356 342 aaa
498 234 737 335 orlon
788 253 866 332 nu
897 257 1234 338 urrurraru
1268 259 1550 344 sruu1on.
1582 264 1922 368 uuo'uuuur.
2193 291 2261 372 sss

229 459 311 510 rum
326 455 367 506 ac
380 429 556 524 gentium,
579 443 614 502 et
631 429 688 500 vel
703 429 898 502 incendens
915 431 1139 522 languentes,
1164 435 1221 506 vel
1273 433 1395 523 iussit,
1419 437 1522 510 cuius
1542 465 1668 514 ornnes
1689 447 1921 539 cogitationes
1945 455 2016 528 iam
2042 458 2081 530 io
2106 467 2259 556 parando

228 557 397 612 rerumne
425 556 465 604 ac
492 533 620 622 sedans
651 531 834 620 incitatas,
877 533 1027 629 qualem·
1052 535 1222 610 describit
1272 538 1368 610 bello
1382 541 1551 616 adversm
1567 543 1703 618 Turcas
1719 572 2023 632 consumerentur.
2073 561 2178 637 Hanc
2193 569 2261 641 eius

227 635 407 731 Vergilius
420 635 658 730 eloquentiam
675 659 755 706 cum
772 636 837 707 ait:
1271 641 1470 712 orationem
1486 648 1680 736 prudentes
1694 673 1837 743 omnes,
1859 675 2006 754 propter
2024 667 2212 740 consilium
2229 686 2261 744 et

304 745 354 812 Ao
371 748 467 808 veluti
485 765 595 827 magno
611 749 645 806 in
661 747 779 828 populo
794 767 865 810 oum
880 767 968 830 saepe
982 759 1085 810 coorta
1099 760 1145 812 est
1271 743 1529 818 sententiarum
1543 752 1764 842 gravitatem,
1781 761 1913 833 eruditi
1928 763 2035 836 etiam
2049 785 2195 864 propter
2207 797 2261 864 ge-

304 847 443 928 Sadltio,
469 851 623 934 mensque
638 853 747 910 animis
763 851 898 931 ignobile
912 853 1033 932 nagan,
1272 869 1340 916 nus
1363 847 1575 938 verborum,
1615 877 1742 946 magna
1772 883 1854 932 cum
1882 866 2120 942 admiratione
2144 877 2261 946 audie.

301 947 428 1036 lunque
443 950 524 1014 feces
536 963 566 1014 et
583 973 655 1014 saxa
666 956 787 1032 volant,
814 952 900 1015 furor
916 975 998 1014 arma
1012 957 1179 1017 ministrat:
1272 949 1376 1020 bant:
1412 962 1551 1023 tantum
1577 955 1694 1028 laudis
1706 957 1867 1056 Principi
1891 969 2048 1060 pariebat
2064 973 2193 1046 Latine
2211 979 2261 1048 di.

301 1051 385 1118 Tum
398 1057 510 1136 pietate
523 1075 644 1138 gravem
659 1058 821 1118 aemerici·
835 1061 861 1118 si
874 1057 952 1118 loru
965 1062 1066 1118 virum
1080 1079 1171 1144 quem
1271 1051 1376 1122 cendi
1397 1052 1558 1130 facultas.
1611 1057 1733 1148 Quare
1763 1077 1800 1136 et
1822 1067 1981 1164 reliquae
2004 1076 2207 1164 nobilitati,
2231 1096 2261 1154 ct

302 1156 514 1242 Conspexere,
541 1162 649 1237 silent,
675 1162 856 1242 arrectisque
873 1161 993 1233 auribus
1010 1173 1116 1240 astans,
1271 1153 1416 1224 caeteris
1430 1155 1495 1249 qui
1507 1159 1553 1226 ad
1570 1157 1749 1254 Rempub.
1764 1172 1937 1242 accessuri
1949 1189 2051 1262 sunt,
2076 1183 2178 1250 omni
2192 1197 2260 1254 stu·

301 1255 359 1324 Ille
373 1264 451 1342 regit
466 1261 553 1324 dietis
567 1265 701 1342 animos,
729 1275 758 1324 et
772 1276 892 1345 pectora
903 1265 1025 1326 mulcet.
1271 1255 1332 1326 dio
1366 1257 1571 1352 eloquentia
1608 1269 1803 1356 expetenda
1839 1285 1911 1356 esi,
1959 1282 2167 1369 praesertim
2201 1280 2261 1357 hac

225 1357 340 1430 Porro
360 1357 404 1428 de
419 1351 484 1426 hac
502 1357 687 1429 excellenti
703 1357 758 1444 vi,
783 1371 817 1428 et
833 1359 985 1452 perfecta
1005 1357 1220 1452 eloquentia,
1272 1371 1395 1433 aetate.
1450 1357 1587 1434 Videtis
1609 1367 1706 1436 enim
1727 1387 1882 1463 quantae
1903 1399 1959 1448 res
1974 1377 2104 1452 in-hsc
2122 1387 2260 1458 natione

226 1483 303 1532 nou
319 1482 397 1531 sum
413 1457 590 1542 dicturus,
616 1464 677 1531 sed
693 1463 738 1532 de
754 1455 810 1530 his
829 1461 962 1534 nostris
977 1462 1125 1547 studiis,
1151 1455 1219 1532 hoc
1270 1473 1388 1532 motae
1405 1461 1494 1548 sint,
1519 1481 1692 1558 quantum
1715 1471 1763 1544 sit
1784 1478 1924 1566 negocii
1939 1484 2072 1554 nostris
2088 1483 2260 1580 Principi-

227 1576 297 1648 est,
329 1563 374 1632 de
397 1561 583 1650 diligentia
608 1578 702 1636 recte
725 1563 889 1656 dicendi,
915 1588 977 1634 seu
1001 1587 1220 1656 componcn·
1271 1562 1357 1649 bus,
1398 1588 1479 1634 cum
1501 1569 1672 1642 omnibus
1689 1570 1851 1664 Regibus
1872 1575 2068 1656 Christiani
2096 1591 2258 1673 nominis,

225 1668 292 1737 dae
305 1663 456 1736 Latinae
471 1664 663 1751 orationis,
688 1689 778 1760 quae
795 1679 914 1736 tamen
935 1689 1016 1756 pars
1033 1667 1152 1766 aliqua
1169 1679 1221 1736 est
1273 1665 1337 1735 ubi
1355 1665 1523 1760 pleraque
1539 1670 1662 1743 omnia
1677 1673 1806 1748 Latim
1822 1684 1957 1770 agenda
1974 1702 2071 1764 sunt.
2126 1690 2205 1782 Qua
2226 1695 2259 1763 io

225 1767 470 1862 eloquentiae,
507 1779 541 1838 et
564 1767 663 1838 velut
682 1761 876 1843 inchoatio.
926 1765 1023 1838 Haec
1046 1781 1218 1862 quantum
1271 1791 1310 1837 re
1328 1779 1364 1838 et
1387 1769 1478 1838 illud
1497 1773 1796 1875 considerandum
1814 1796 1886 1870 est,
1910 1809 2095 1884 nunquam
2111 1810 2258 1866 caeteros

225 1869 272 1944 sit
286 1881 556 1956 ornamentum,
581 1894 688 1963 quam
709 1870 923 1964 multiplices
946 1871 1115 1942 utilitates
1131 1869 1219 1940 affe-
1272 1867 1389 1958 Reges
1411 1872 1500 1942 adeo
1526 1876 1702 1948 studiosos
1719 1881 1828 1954 fuisse
1847 1887 2089 1983 eloquentiae,
2114 1911 2156 1968 ut
2171 1923 2258 1968 nunc

225 1985 303 2059 rat,
345 1995 528 2062 exponam.
594 1969 757 2072 Primum
794 1968 889 2042 enirn
923 1974 1220 2060 commemorabo,
1270 1985 1364 2042 sunt.
1414 1969 1559 2046 Etenim
1576 2002 1651 2050 non
1667 1985 1774 2054 modo
1791 1985 1870 2058 itali
1888 1989 2054 2082 etGalli‚
2080 2001 2258 2072 sedetiam

225 2075 312 2172 quid
337 2075 513 2144 conducat
531 2075 689 2144 studium
714 2088 807 2146 recte
829 2075 973 2146 dicendi
997 2077 1042 2144 ad
1066 2090 1219 2146 caeteras
1270 2071 1401 2144 Poloni
1415 2088 1451 2144 et
1466 2074 1666 2170 Pannoues,
1689 2087 1831 2178 explosa
1848 2095 1959 2164 veteri
1972 2096 2149 2187 barbarie,
2170 2127 2258 2172 ntsnc

221 2191 318 2271 ρῑῑεε
341 2175 398 2246 vel
430 2175 699 2267 intelligendas,
732 2177 790 2246 vel
814 2179 1025 2250 tractandas.
1086 2177 1218 2268 Magna
1270 2199 1351 2246 cum
1380 2177 1543 2252 scribunt
1571 2185 1618 2254 ad
1649 2199 1803 2272 exteros,
1835 2193 1993 2284 elegans,
2024 2201 2200 2289 nitidum,
2223 2229 2257 2274 ac

226 2293 279 2352 est
300 2277 453 2369 dignitas
475 2277 643 2351 scientiae
669 2279 777 2362 iuris,
810 2302 959 2369 maguus
982 2305 1076 2372 usus.
1126 2277 1218 2353 Cum
1271 2277 1538 2350 vereLatiuum
1554 2287 1727 2358 orationis
1748 2293 2054 2381 genusauhibenc
2108 2303 2257 2376 Necalia

224 2396 341 2454 autem
357 2381 450 2472 leges
465 2379 539 2453 sint
555 2381 791 2452 eruditissime
806 2382 976 2475 scriptae,
1002 2397 1036 2453 et
1053 2381 1163 2452 multa
1180 2381 1219 2451 in
1271 2403 1329 2448 ars
1349 2383 1445 2470 apud
1468 2384 1652 2480 plerasque
1668 2393 1833 2466 nationes
1847 2398 1928 2488 plus
1950 2397 2057 2475 habet
2070 2407 2257 2496 dignitatis,

226 2485 277 2556 eis
301 2497 529 2576 compareant
553 2484 700 2574 vestigia
723 2485 850 2554 veteris
872 2483 1029 2578 Reipub.
1053 2508 1130 2554 non
1149 2485 1218 2554 du-
1270 2505 1377 2575 quarn
1391 2479 1520 2556 Latine
1536 2489 1851 2573 dicendilacultas.
1899 2499 1973 2572 lam
1989 2507 2140 2598 cogitate
2158 2535 2256 2605 quam

224 2587 326 2659 bium
342 2599 404 2666 est,
429 2586 520 2680 quin
534 2586 689 2656 multum
704 2585 795 2656 lucis
811 2585 861 2656 eis
874 2589 1026 2668 accedat,
1050 2601 1144 2658 recte
1161 2585 1219 2654 in·
1270 2583 1381 2654 multa
1397 2583 1623 2662 incommoda
1638 2593 1712 2666 sint
1724 2605 1947 2690 expectanda,
1967 2607 1997 2676 si
2013 2609 2204 2684 mittantur
2217 2615 2257 2682 ad

141 2733 145 2754 .
225 2689 367 2760 tellecto
385 2709 511 2778 genere
525 2687 712 2772 sermonis,
737 2701 771 2758 et
784 2687 936 2778 cognitis
950 2683 1122 2760 historiis.
1157 2685 1218 2758 lu·
1271 2697 1408 2756 exteros
1440 2688 1546 2778 legati
1580 2693 1744 2768 infantes.
1792 2699 1952 2776 Primum
1978 2709 2120 2783 ridetur
2152 2716 2256 2806 gentis

225 2791 360 2863 dicium
377 2802 494 2860 autem
510 2791 554 2860 de
578 2813 705 2881 genere
722 2790 896 2862 sermonis
922 2791 1106 2862 confirmat
1132 2786 1218 2860 haec
1270 2786 1429 2878 ignavia,
1461 2789 1663 2868 detrahitur
1681 2803 1851 2874 autoritas
1873 2811 2023 2896 nostris,
2055 2839 2133 2886 uon
2153 2820 2256 2886 inter-

225 2891 427 2966 exercitatio
441 2891 597 2968 dicendi.
648 2891 718 2986 Sed
742 2917 817 2962 uon
838 2907 977 2964 tautum
998 2895 1037 2962 in
1057 2895 1155 2978 loro,
1180 2893 1218 2962 in
1271 2903 1356 2960 sunt
1372 2893 1548 2981 consiliis,
1574 2899 1755 2992 accipiunt
1770 2907 1900 2980 dictata
1916 2911 1963 2982 ab
1977 2915 2079 3002 aliis,
2101 2943 2168 2990 nec
2183 2943 2256 2990 rato

224 2994 369 3068 iudiciis
394 2995 488 3066 inter
517 2995 705 3066 illiteratos
731 2996 930 3066 versabitur
954 2995 1003 3082 is,
1038 2995 1101 3088 qui
1130 2993 1219 3066 iuris
1271 2991 1423 3084 turpiter
1436 2993 1630 3086 falluntur,
1655 3016 1690 3074 et
1705 3017 1874 3102 tanquam
1897 3015 2044 3087 naribus
2059 3015 2256 3106 trahuntur,
2306 3011 2307 3065 ¹

226 3095 410 3170 scientiam
427 3097 623 3188 profitetur,
637 3121 762 3188 verum
776 3092 1007 3168 adhibebitur
1021 3097 1064 3166 ad
1083 3097 1219 3166 maiora
1270 3105 1402 3163 utnon
1420 3095 1596 3172 intellecta
1619 3107 1784 3196 probent.
1835 3110 1927 3184 Cum
1941 3115 2051 3206 igitur
2066 3123 2113 3193 sit
2128 3123 2255 3216 perspi·
2305 3173 2306 3235 q

225 3197 385 3292 negocia,
411 3222 450 3268 ac
470 3223 552 3270 vere
566 3199 735 3285 oratoria,
760 3199 824 3268 ubi
839 3222 986 3288 magnae
1003 3223 1042 3270 ac
1058 3199 1219 3270 difficiles
1271 3219 1336 3265 cua
1358 3197 1512 3286 utilitas,
1537 3225 1618 3273 cum
1639 3207 1794 3284 invitent
1813 3215 2048 3290 maximorum
2064 3222 2204 3316 Regum
2226 3239 2256 3296 et
2304 3301 2305 3328 χ

226 3325 351 3376 causae
369 3297 533 3370 Latinam
549 3301 745 3372 orationem
762 3299 986 3392 flagitabunt.
1037 3299 1117 3370 Hoc
1141 3302 1218 3372 loco
1271 3295 1479 3392 Principum
1502 3318 1704 3382 exteromm
1726 3317 1903 3408 exempla,
1924 3325 2070 3394 carsoli
2089 3325 2254 3398 Germani
2304 3331 2305 3405 l

226 3407 308 3502 quis
329 3425 405 3472 non
420 3403 534 3486 videt,
559 3416 732 3497 quantum
754 3403 925 3474 decussit
949 3397 1087 3473 homiui
1104 3405 1219 3488 docto,
1271 3391 1355 3470 huic
1377 3403 1495 3472 studio
1517 3404 1588 3476 iam
1611 3411 1756 3500 lurum,
1780 3433 1987 3509 apparatum
2004 3429 2255 3512 conviviorum,
2303 3449 2304 3510 t

225 3529 328 3602 posse
346 3505 488 3597 diserte,
515 3506 712 3600 perspicue,
737 3529 811 3574 non
825 3505 979 3586 sordide,
1003 3529 1059 3575 res
1073 3528 1219 3596 magnas
1272 3514 1306 3572 et
1322 3505 1439 3596 nescio
1456 3529 1544 3598 quas
1556 3511 1755 3604 voluptates
1768 3521 2016 3610 anteierimus,
2039 3531 2252 3626 quiquidem
2303 3511 2304 3577 i

225 3606 423 3702 explicare?
1271 3605 1378 3696 paulo
1394 3611 1595 3682 antestium
1613 3609 1678 3686 hac
1695 3617 1801 3689 laude
1815 3625 1961 3696 caeteris
1975 3631 2183 3704 nationibus
2196 3657 2253 3704 an·

328 3707 483 3780 Memini
508 3707 547 3776 in
575 3721 753 3778 conventu
776 3705 1004 3798 Augustano,
1037 3707 1219 3779 Liburnos
1271 3707 1541 3781 tecellebamusi
1590 3712 1662 3786 Sed
1680 3721 1779 3790 brevi
1795 3723 1883 3796 mira
1899 3731 2053 3801 estfacta
2072 3726 2182 3808 huius
2197 3759 2253 3804 na·
2301 3779 2302 3786 κ

225 3815 271 3888 ad
293 3811 501 3902 Principum
523 3809 714 3880 concilium
737 3809 878 3890 venire,
912 3812 1062 3901 petitum
1087 3810 1218 3881 auxilia
1270 3808 1379 3877 tionis
1410 3813 1581 3900 mutatio,
1619 3821 1811 3914 negligitur
1842 3849 1898 3897 res
1924 3831 2108 3924 militaris,
2139 3840 2252 3910 literae

225 3929 357 3994 comm¹
376 3909 531 3996 Tuscae,
567 3925 602 3982 et
624 3912 809 4004 deplorare
842 3911 1058 3982 calamitates
1084 3911 1219 4003 patriae
1270 3933 1345 3978 nou
1366 3909 1482 3980 solum
1504 3935 1741 4011 spernuntur,
1773 3929 1962 4002 sedetiam
1992 3939 2140 4010 suntin
2166 3940 2250 4012 odio.
2299 3949 2301 4089 Ι

225 4042 309 4095 suae
330 4015 429 4106 gravi
452 4013 628 4086 oratione:
663 4012 716 4084 ibi
738 4013 865 4084 caeteri
888 4011 1072 4105 Principes
1095 4037 1219 4084 omnes
1268 4007 1318 4081 Et
1337 4004 1596 4090 honestissimis
1624 4027 1751 4098 studiis
1771 4051 2013 4110 successerunt
2033 4043 2147 4114 multa
2166 4043 2250 4124 vitia,

225 4119 431 4194 detulerunt
452 4141 582 4187 munos
606 4116 846 4210 respondendi
868 4117 913 4184 ad
934 4113 1217 4186 illustrissimum
1270 4113 1388 4199 luxus,
1411 4117 1573 4207 ambitio,
1594 4125 1752 4216 perfidia,
1776 4145 1811 4201 et
1829 4133 2017 4232 pleraeque
2030 4143 2122 4214 aliae
2138 4159 2251 4238 pestes,

225 4220 429 4309 principem
453 4215 652 4290 Electorem
678 4211 926 4288 Marchionem
954 4213 1173 4288 loachimum
1192 4215 1217 4290 Ι.
1270 4239 1359 4308 quae
1379 4216 1564 4292 intestinas
1585 4227 1780 4302 discordias
1803 4247 1839 4305 et
1858 4236 1946 4308 alias
1965 4241 2179 4318 calamitates
2196 4270 2248 4338 ps·

226 4323 309 4395 Non
325 4335 398 4390 erat
413 4343 567 4404 novum,
594 4317 826 4389 Germanicas
842 4319 876 4389 ei
897 4343 1017 4394 causas
1033 4317 1217 4402 committi,
1269 4318 1379 4393 riunt.
1408 4395 1414 4407 ,
1432 4317 1554 4408 Quare
1578 4341 1612 4398 et
1627 4329 1827 4426 Principes,
1852 4351 1886 4410 et
1903 4341 2033 4436 reliqui
2048 4348 2111 4441 qui
2126 4349 2249 4420 antori-

227 4423 385 4496 sciebant
413 4421 509 4488 enirn
533 4445 554 4488 a
577 4420 721 4489 nemine
749 4421 970 4514 splendidius
994 4445 1034 4492 ac
1057 4421 1217 4492 ornatius
1268 4433 1340 4492 tate
1354 4435 1508 4494 caeteros
1525 4435 1750 4518 praecedunt,
1776 4439 1876 4509 omni
1890 4449 2120 4521 contentione
2134 4451 2248 4522 iuven-

226 4525 301 4617 θεὴ
333 4524 394 4592 aed
410 4545 489 4590 cum
506 4521 650 4590 laudern
664 4521 887 4616 eloquentiae
910 4524 1134 4616 praecipuam
1151 4524 1218 4594 uni
1269 4536 1381 4592 tutem
1404 4547 1569 4600 revocare
1591 4535 1635 4604 ad
1659 4551 1751 4609 recta
1774 4543 1890 4613 studia
1903 4547 2076 4637 debeant,
2101 4578 2141 4624 ac
2156 4575 2248 4644 prae·
2295 4615 2297 4630 .

226 4619 434 4699 Marchioni
460 4623 675 4716 tribuerent,
710 4639 744 4694 et
769 4625 856 4695 alias
881 4625 1008 4696 Latine
1040 4625 1216 4697 dicentem
1269 4624 1371 4715 cipue
1392 4627 1437 4694 ad
1459 4629 1716 4726 eloquentiam,
1741 4666 1830 4735 quae
1847 4645 1885 4714 in
1899 4645 2042 4741 Repub.
2065 4657 2246 4728 maximum
2294 4643 2297 4771 1

226 4729 429 4809 audissent,
463 4717 555 4796 hanc
576 4747 716 4794 causam
733 4725 837 4796 etiam
857 4727 890 4795 ei
910 4729 1218 4801 commendabant.
1269 4721 1374 4797 habet
1390 4750 1505 4804 usum.
2061 4735 2067 4742 ’

225 4831 305 4904 Hoc
322 4827 725 4901 iudiciumcaeterornm
735 4825 956 4920 Principum,
973 4845 1095 4904 nostro
1110 4855 1215 4924 quam
1369 4825 1482 4902 Porro
1504 4836 1534 4904 si
1560 4839 1640 4931 quis
1663 4835 1731 4913 hoc
1752 4849 1910 4932 studium
1937 4876 1979 4924 eo
2002 4857 2121 4928 minus
2147 4869 2245 4939 curat,
2293 4799 2296 4941 i

226 4935 335 5007 fuerit
368 4926 624 5014 honorificum,
664 4951 788 4998 omnes
821 4929 1031 5022 intelligitis.
1093 4931 1217 5026 ltaq'ue
1268 4931 1351 5024 quia
1366 4946 1468 5022 putat
1481 4949 1622 5010 tanturn
1643 4947 1808 5034 prodesse
1822 4954 1867 5021 ad
1882 4976 1993 5043 genus
2015 4961 2202 5043 sermonis,
2221 4959 2246 5026 ii
2292 4949 2295 5114 1

176 5035 308 5107 'cum
324 5033 510 5105 audiretur
525 5053 604 5099 cum
619 5025 757 5101 summa
772 5033 983 5116 attentione,
1010 5031 1217 5106 honestissi-
1268 5035 1372 5122 longe
1388 5051 1493 5109 errat.
1531 5037 1610 5112 Etsi
1624 5045 1718 5116 enirn
1737 5071 1811 5119 non
1826 5067 1878 5125 est
1893 5057 2016 5148 exigua
2031 5061 2174 5148 utilitas,
2196 5062 2246 5129 iu·
2293 5131 2294 5148 ,

227 5139 295 5206 mi,
317 5135 484 5206 laudibus
505 5131 646 5204 ornavit
667 5129 864 5219 Liburnos,
888 5151 1033 5228 propter
1054 5139 1159 5208 fidem
1182 5151 1217 5208 et
1268 5149 1440 5208 structum
1462 5163 1536 5212 esse
1559 5145 1661 5236 copia
1687 5155 1878 5237 sermonis,
1910 5141 2029 5232 iamen
2055 5163 2244 5234 exercitatio

226 5237 490 5320 fortitudinem,
515 5257 623 5328 quam
644 5231 684 5304 in
710 5236 928 5305 sustinendis
946 5251 981 5307 et
998 5239 1217 5330 depellendis
1269 5239 1412 5308 dicendi
1433 5242 1538 5312 etiam
1561 5247 1605 5316 de
1628 5251 1749 5323 multis
1770 5257 1876 5328 rebus
1899 5261 2030 5335 format
2051 5265 2193 5350 iudicia,
2216 5277 2245 5333 et
2292 5313 2293 5316 =

228 5334 724 5426 Turcgmmiffupfionibus‚
747 5335 1217 5430 totiarnannospraestite·
1268 5353 1363 5411 certe
1384 5341 1524 5414 animos
1545 5350 1589 5418 ad
1611 5351 1832 5442 diligentiam
1853 5365 2048 5441 assuefacit.
2097 5365 2244 5458 Legendi

227 5445 327 5516 runt,
352 5454 392 5500 ac
404 5433 495 5501 bene
508 5457 649 5526 sperare
664 5457 724 5504 eos
737 5437 782 5505 de
796 5436 978 5508 voluntate
991 5437 1218 5531 Imperatoris
1269 5455 1352 5512 sunt
1367 5443 1411 5512 de
1424 5446 1567 5536 optimis
1582 5453 1689 5526 rebus
1703 5460 1953 5550 sapientissimi
1971 5469 2163 5562 scriptores,
2187 5468 2243 5562 qui
2290 5485 2292 5623 A

2288 5665 2291 5773 l
