4616 5816
215 271 290 344 489
632 261 791 341 DECL.
821 259 896 336 DE
925 263 1070 338 VITA
1103 259 1413 340 annotant
1447 259 1811 352 AGRICQLAE.
1924 342 1930 352 ,
2159 258 2231 334 tto
2299 361 2300 368 ἵ

219 439 484 514 delectabimur.
541 435 582 508 si
606 436 685 528 quis
708 449 760 508 est
782 449 898 506 autem
929 436 990 528 qni
1013 451 1084 508 tam
1107 435 1205 525 gravi
1256 449 1350 508 mata
1367 450 1400 508 et
1426 434 1573 506 consilia
1595 450 1753 510 veterum
1769 437 1913 510 Ducum
1938 457 2049 510 nosse.
2101 429 2235 504 Accede

220 565 325 614 causa
341 565 414 610 uon
429 552 591 609 movetur
606 539 650 606 ad
665 533 994 622 amandasscholas,
1016 534 1112 606 hunc
1127 561 1206 606 vere
1259 539 1367 628 igitur
1380 541 1423 606 ad
1438 535 1633 608 historiam.

538 667 641 744 genuit
657 664 738 724 duris
752 687 768 722 e
783 666 917 722 cautibus
931 661 1054 723 honera
1360 639 1470 710 Natus
1493 653 1545 709 est
1567 634 1782 730 liudolphus
1804 638 1970 730 Agricola
1994 639 2032 706 in
2048 634 2181 720 Frisia,
2203 660 2238 704 ιιι
2299 603 2300 690 i

323 763 488 838 Gadanus,
513 765 729 848 Hyrcanaeque
747 765 905 824 admorunt
919 768 1010 824 ubera
1024 763 1152 846 Tygres.
1257 765 1340 810 rute
1357 743 1509 834 quodam
1534 764 1608 809 non
1630 741 1754 831 procul
1777 743 1821 811 ab
1842 745 1930 812 urhe
1948 738 2156 826 Groninga‚
2179 733 2240 806 lto·
2299 779 2300 798 ι

220 877 329 949 Decet
343 877 524 967 igiturnos
538 873 634 944 hunc
651 877 911 968 promotionum
928 901 1079 954 morem,
1102 899 1206 968 quem
1232 884 1235 901 .
1259 843 1367 912 uestis
1384 843 1607 932 parentibus,
1632 866 1785 936 quorum
1801 845 1998 925 facultates,
2023 855 2064 910 ut
2086 851 2169 910 sunt
2184 840 2241 919 ibi,

222 982 386 1072 prodesse
411 981 454 1049 ad
481 979 818 1049 ordinemdqsoendi
844 978 1097 1069 comperimus,
1123 1001 1209 1046 con,
1259 945 1452 1012 mediocres
1484 944 1647 1026 fuerunt,
1694 957 1728 1013 et
1761 944 1857 1012 unde
1894 943 2018 1012 liberis
2052 943 2099 1009 ad
2135 943 2241 1010 studia

222 1103 360 1150 servare
1261 1057 1422 1134 sumptus
1454 1044 1648 1113 liberaliter
1684 1045 1908 1135 suppeditare
1947 1056 2125 1133 poterant.
2195 1044 2241 1114 De

258 1189 262 1197 ·
361 1132 371 1153 ⁰
1018 1209 1025 1220 ,
1261 1146 1394 1238 primae
1412 1145 1582 1235 pueritiae
1605 1145 1730 1214 studiis
1751 1165 1830 1214 cum
1851 1141 1942 1214 nihil
1959 1145 2240 1226 audierim,non

319 1247 541 1319 Cumautem
559 1243 1212 1330 hicdestudiisoratiohaherisoleat,
1262 1247 1383 1339 putavi
1399 1245 1534 1340 aliquid
1557 1245 1759 1336 fingendum
1785 1269 1870 1320 esse.
1926 1245 2039 1316 Nemo
2057 1259 2173 1314 antem
2191 1271 2241 1314 ex·-

223 1353 340 1424 etalii
368 1351 405 1418 in
438 1349 567 1442 quibus
597 1350 676 1439 plus
700 1361 750 1416 est
772 1350 988 1434 autoritatis,
1021 1372 1123 1440 saepe
1154 1349 1211 1415 vel
1263 1349 1445 1418 cellentcm
1469 1349 1635 1418 virtutem
1660 1347 1827 1439 consequi
1853 1360 1965 1439 potest
1982 1347 2058 1414 sine
2075 1369 2199 1433 magna
2213 1347 2244 1414 vi

224 1465 421 1524 monstrent
437 1451 531 1542 quod
558 1451 625 1518 iter
641 1450 909 1537 ingrediendum
934 1451 996 1533 sit,
1018 1451 1074 1518 vel
1090 1473 1152 1518 vos
1167 1449 1213 1518 ad
1263 1449 1397 1538 ingenii
1423 1461 1457 1516 et
1477 1449 1553 1516 sine
1577 1443 1817 1517 enthusiasmo
1845 1449 1986 1540 aliquo,
2015 1448 2080 1539 qui
2105 1472 2182 1516 cum
2205 1449 2245 1516 sit

225 1555 453 1645 expetendam
480 1551 693 1640 optimarum
716 1550 845 1618 artium
869 1551 1066 1618 doctrinam
1083 1547 1214 1620 adhor·
1264 1549 1474 1620 accerrimus
1494 1549 1657 1618 stimulus
1678 1549 1834 1618 inbonis
1850 1549 2006 1628 naturis,
2032 1543 2245 1618 hauddubie

226 1671 361 1738 tantur,
387 1675 451 1742 ego
476 1653 584 1720 vitam
605 1647 790 1738 [ludolphi
812 1649 1015 1740 Agricolae,
1041 1666 1213 1742 quantum
1265 1645 1479 1740 Rodolphus
1498 1649 1657 1718 celeriter
1675 1653 1806 1740 primas
1829 1664 1921 1720 artes
1937 1650 2111 1740 arripuit,
2138 1663 2177 1720 ut
2193 1651 2245 1718 ille

225 1759 406 1848 explorare
423 1776 498 1821 eam
517 1751 634 1842 potui,
661 1751 807 1818 recitare
823 1752 974 1824 decrevi.
1023 1747 1215 1844 Exemplo·
1266 1752 1385 1843 inquit
1399 1753 1442 1818 de
1456 1746 1596 1818 heroica
1612 1764 1755 1820 natura:

227 1884 307 1928 rum
331 1855 426 1923 enirn
448 1875 574 1942 magna
594 1851 646 1918 vis
671 1865 739 1934 est,
765 1865 799 1921 et
818 1855 933 1921 bonae
951 1865 1098 1921 naturae
1119 1853 1215 1942 cogi·
1341 1857 1424 1920 Auta
1440 1879 1534 1918 aanor
1547 1861 1743 1942 animumque
1757 1879 1860 1940 gerens
1873 1879 2034 1942 curamque
2049 1862 2178 1922 virilem.

225 1959 358 2029 tatione
381 1969 486 2046 atque
517 1953 748 2021 admiratione
779 1951 921 2024 virtutis
945 1954 982 2020 iu
1009 1953 1096 2020 viris
1115 1977 1218 2044 prae·
1266 1949 1399 2022 Namet
1414 1977 1455 2021 ex
1470 1953 1609 2044 scriptis
1624 1953 1777 2044 ipsiuset
1790 1954 1948 2026 consiliis
1961 1970 2109 2045 apparet
2123 1951 2247 2044 ingenii

227 2059 402 2128 stantibus
437 2055 587 2122 maxime
624 2051 862 2121 extrscitantur
894 2079 933 2123 ac
966 2055 1216 2126 incenduntur.
1268 2053 1321 2122 vis
1337 2068 1371 2122 et
1386 2055 1549 2144 impetus.

226 2159 366 2232 Deinde
381 2152 549 2225 historiae
574 2153 793 2222 cruditorum
822 2155 864 2222 de
890 2155 1012 2224 multis
1033 2157 1138 2224 rebus
1160 2156 1218 2224 iu·
1369 2153 1459 2225 Cum
1478 2152 1671 2224 Germania
1695 2156 1962 2247 corruptissimo
1978 2178 2108 2244 genere
2126 2178 2248 2223 sermo·

228 2259 321 2330 dicia
350 2256 544 2327 iuventutis
574 2255 738 2324 formant.
816 2251 976 2348 Cumque
1003 2251 1218 2347 Rodolphus
1268 2255 1324 2324 nis
1338 2267 1513 2338 uteretur,
1538 2268 1704 2348 tantaque
1724 2258 1906 2326 literarum
1920 2258 2061 2326 inscitia
2086 2271 2191 2340 esset,
2215 2268 2249 2324 ut

230 2363 383 2454 primum
402 2359 440 2425 in
455 2354 645 2426 Germania
662 2355 902 2427 emendaverit
921 2379 1031 2445 genus
1047 2358 1218 2426 sermonis
1269 2357 1356 2448 quid
1376 2371 1464 2426 esset
1478 2369 1571 2426 recte
1584 2357 1703 2450 loqui,
1729 2381 1775 2426 ne
1797 2359 1940 2450 quidem
1960 2357 2133 2448 suspicari
2148 2357 2249 2426 nostri

230 2478 265 2532 et
289 2459 536 2543 Dialecticam,
575 2481 614 2525 ac
643 2457 825 2524 meliorem
857 2458 1015 2526 discendi
1044 2459 1218 2527 rationem
1269 2454 1431 2526 homines
1452 2471 1611 2548 possent,
1643 2459 1715 2527 imo
1732 2459 1835 2528 etiam
1859 2459 2039 2530 insulsitas
2055 2460 2250 2529 admiratio·

231 2560 502 2642 monstraverit,
545 2571 820 2626 consentancum
849 2572 901 2626 est
932 2557 1108 2650 plerisque
1144 2559 1219 2627 eius
1269 2581 1350 2626 nem
1374 2553 1538 2642 haberet,
1570 2581 1663 2628 unus
1692 2555 1905 2650 liudolphus
1932 2560 2088 2649 primum
2113 2560 2249 2630 auribus

232 2664 336 2734 dictis
348 2685 388 2730 ac
403 2659 703 2748 disputationibus
715 2659 852 2726 utiliter
865 2659 1127 2728 commonelieri
1143 2673 1219 2729 stu·
1270 2673 1375 2750 atque
1397 2661 1517 2728 animo
1537 2660 1668 2728 sentire
1687 2659 1749 2728 illa
1770 2661 1874 2740 vitia,
1908 2673 1943 2728 et
1965 2661 2167 2730 desiderare
2184 2684 2250 2728 me·

234 2767 364 2836 diusos.
413 2758 492 2830 Etsi
507 2773 624 2828 autem
640 2782 828 2828 nemonon
844 2773 937 2828 amat
952 2757 1136 2852 Rodolphi
1153 2785 1219 2830 no·
1270 2761 1396 2829 liorem
1413 2760 1584 2829 orationis
1598 2761 1746 2830 formam
1767 2763 1892 2852 coepit.
1943 2759 2250 2850 llaecfuitsingu-

233 2861 336 2944 rden,
371 2874 517 2956 propter
532 2861 607 2928 eius
625 2860 861 2930 eruditionem
876 2885 916 2930 ac
933 2861 1075 2944 merita,
1102 2873 1219 2932 umen
1271 2861 1355 2930 laris
1380 2863 1588 2950 prudentiae
1610 2862 1836 2950 significatio:
1875 2860 1941 2931 Illa
1971 2863 2105 2934 virium
2127 2862 2249 2952 ingenii

233 2968 371 3058 privata
391 2987 447 3032 me
469 2963 639 3055 quaedam
662 2961 769 3030 officii
791 2961 881 3030 ratio
903 2962 1087 3046 invitavit,
1117 2975 1159 3032 ut
1177 2963 1221 3030 de
1272 2975 1306 3032 et
1322 2963 1522 3046 doctrinae,
1547 2965 1643 3054 quod
1659 2985 1767 3051 genus
1783 2963 1953 3034 orationis
1969 2963 2106 3034 effinxit
2122 2988 2252 3056 purum,

235 3092 276 3138 eo
297 3067 413 3136 dicere
435 3061 631 3132 maluerim.
689 3059 885 3132 Nemeum
910 3085 988 3130 mea
1010 3062 1122 3154 patria
1147 3086 1221 3132 non
1272 3063 1522 3152 splendidum,
1548 3085 1696 3148 sonans,
1721 3063 1797 3132 sine
1819 3064 1979 3154 ineptiis,
2011 3089 2131 3136 rerum
2157 3066 2250 3134 etiam

235 3170 352 3240 solum
366 3165 490 3236 Frisiis
515 3163 630 3233 vicina
653 3162 716 3243 sit,
742 3165 803 3230 sed
829 3161 931 3231 etiam
948 3162 1145 3233 Frisiorum
1160 3189 1222 3232 co·
1273 3165 1429 3255 pondere
1455 3177 1490 3233 et
1519 3165 1696 3252 gravitate·
1718 3165 1953 3256 probandum.
2017 3164 2093 3236 Nec
2122 3181 2249 3237 tantum
2299 3243 2300 3258 ἶ

236 3270 355 3352 lonia,
387 3289 477 3358 qnae
509 3264 615 3334 etiam
646 3257 752 3332 hodie
776 3287 906 3332 nomen
930 3266 1058 3335 retinet
1088 3263 1223 3334 Frisiae
1273 3265 1459 3356 prudentia
1479 3266 1564 3350 fuit,
1590 3268 1650 3333 sed
1676 3265 1780 3333 etiam
1799 3269 1970 3358 quaedam
1988 3268 2101 3336 animi
2121 3268 2251 3338 celsitu·
2299 3261 2300 3338 l

235 3368 386 3440 minoris
406 3367 445 3436 in
468 3363 645 3447 Holsatia‚
679 3377 713 3432 et
736 3365 774 3432 iu
792 3365 1047 3453 gubernatione
1066 3364 1222 3456 Reipub.
1275 3369 1321 3434 do
1340 3380 1374 3433 et
1388 3366 1477 3434 mira
1493 3366 1650 3434 discendi
1666 3365 1834 3451 aviditas,
1859 3369 1955 3460 quod
1972 3369 2009 3436 in
2025 3365 2163 3440 ltaliam
2178 3391 2249 3438 cum

235 3483 409 3540 vetustam
431 3467 519 3537 iuris
542 3465 826 3556 aequabilitatem
843 3489 916 3534 non
933 3466 1007 3535 sine
1028 3468 1132 3536 laude
1145 3482 1224 3536 tue-
1276 3467 1526 3557 patrimonium
1550 3463 1695 3536 baberet
1716 3470 1911 3552 mediocre,
1936 3471 2115 3561 profectus
2129 3483 2193 3554 est,
2216 3479 2250 3538 ut

236 3588 314 3657 tur,
347 3569 465 3640 indico
488 3561 674 3657 Redolphi
701 3567 823 3636 laudes
845 3567 962 3659 aliqua
987 3591 1029 3636 ex
1060 3582 1158 3658 parte
1179 3569 1224 3637 ad
1275 3568 1401 3638 melius
1419 3568 1599 3642 doctrinae
1616 3591 1726 3657 genus
1746 3585 1940 3661 quaereret.
1991 3567 2045 3640 Ac
2060 3573 2090 3640 si
2105 3575 2148 3641 de
2163 3571 2249 3658 inge·
2299 3615 2300 3670 ,

236 3696 333 3744 meos
348 3671 452 3742 etiarn
468 3669 561 3738 cives
577 3667 772 3758 pertinere,
792 3669 888 3760 quod
904 3669 1042 3737 comita
1058 3671 1121 3754 sit,
1146 3693 1225 3760 spe-
1276 3669 1327 3736 nii
1342 3669 1509 3738 laudibus
1525 3671 1634 3740 multa
1651 3671 1809 3738 dicturus
1825 3694 1953 3757 emero,
1975 3674 2186 3762 amplificare
2200 3693 2248 3740 eas
2299 3681 2300 3752 ξ

237 3800 277 3844 ιο
302 3797 365 3842 vos
386 3794 503 3840 meum
525 3767 713 3838 consilium
728 3770 772 3836 de
791 3770 970 3838 recitanda
985 3765 1134 3839 historia
1148 3769 1227 3840 Ro-
1277 3771 1379 3838 etiam
1397 3771 1530 3860 patriae
1550 3771 1978 3862 praedicationepossem.
2028 3771 2119 3844 Nam
2139 3772 2251 3854 Frisia,

238 3870 364 3964 dolphi
386 3873 598 3964 probaturos
619 3891 702 3938 esse.
754 3865 912 3937 Tametsi
931 3882 962 3938 et
986 3870 1059 3959 ipse
1074 3872 1225 3962 optarim
1276 3885 1316 3940 nt
1339 3871 1425 3940 olim
1451 3872 1695 3960 magnitudine
1718 3895 1835 3942 rerum
1858 3887 2033 3962 gestarum
2049 3875 2187 3957 floruit,
2208 3873 2249 3940 ita
2299 3877 2300 3958 l

238 3975 363 4064 colligi
384 3997 461 4043 eam
484 3971 627 4040 uberius
648 3971 693 4038 ab
717 3969 814 4054 aliis,
846 3969 909 4062 qui
933 3974 1026 4060 apud
1048 3995 1108 4040 cos
1129 3972 1225 4040 vixe-
1277 3973 1531 4065 nunc'quoque
1552 3973 1663 4062 gignit
1683 3973 1823 4062 ingenia
1847 3997 2069 4068 nequaquam
2096 3973 2250 4064 vulgaria,
2299 3963 2300 4046 l

237 4092 343 4160 runt,
369 4067 745 4167 quiRudolphivitam
762 4085 797 4155 et
813 4072 927 4140 studia
942 4073 1068 4142 melius
1082 4085 1226 4146 norunt.
1278 4075 1339 4141 sed
1354 4097 1434 4142 curn
1449 4077 1491 4142 ad
1503 4073 1736 4160 literas,tum
1752 4078 1797 4144 ad
1812 4077 2104 4167 gubernationem
2119 4097 2248 4164 magna·
2299 4063 2300 4136 l

186 4223 188 4226 -
239 4177 315 4248 Nos
339 4199 449 4266 pauca
474 4174 697 4264 collegimus,
727 4185 865 4263 sumpta
890 4173 1019 4264 partim
1047 4199 1089 4243 ex
1116 4175 1227 4266 ipsius
1278 4197 1485 4244 cumrerum
1500 4176 1644 4262 idonea,
1668 4191 1703 4246 et
1716 4189 1756 4246 ut
1771 4173 1859 4244 mihi
1874 4177 2032 4264 videtur,
2058 4202 2132 4248 non
2146 4178 2246 4246 solum
2299 4193 2300 4248 i

241 4277 398 4369 scriptis,
430 4275 558 4366 partim
581 4275 626 4342 ab
650 4274 693 4341 iis
715 4273 777 4364 qui
798 4276 1036 4345 meminerunt
1049 4297 1227 4346 sermones
1278 4275 1411 4364 sagacia
1425 4288 1459 4345 et
1473 4298 1578 4362 sana,
1598 4279 1659 4346 sed
1674 4277 1779 4346 etiarn
1789 4279 2005 4368 ingenuitate
2020 4295 2055 4352 et
2069 4279 2176 4350 animi
2190 4275 2249 4345 cel·
2299 4297 2300 4354 t

241 4403 384 4461 senum,
420 4377 550 4468 quibus
571 4375 607 4442 in
624 4370 814 4442 Academia
830 4372 1131 4467 Heydelbergensi
1146 4401 1227 4446 cum
1278 4377 1434 4446 situdine
1446 4377 1617 4466 singulari
1633 4381 1806 4468 praedita:
1838 4381 1918 4465 sed,
1943 4397 1984 4454 ut
2006 4382 2100 4462 dixi,
2124 4377 2249 4450 Rodol-

239 4474 431 4569 Ptodolpho
464 4475 686 4546 familiaritas
711 4474 788 4542 fuit.
851 4473 923 4545 Nec
950 4477 1089 4546 institui
1120 4501 1228 4547 enco·
1278 4473 1342 4568 phi
1360 4479 1540 4566 ingenium
1561 4503 1601 4548 ex
1618 4481 1758 4571 scriptis
1771 4464 1949 4551 aestimari
1972 4497 2096 4575 potest.
2146 4479 2247 4550 Loa·
2299 4509 2300 4548 ς

239 4582 370 4665 mium;
420 4601 502 4646 nam
535 4600 614 4646 cum
649 4577 827 4664 ingentem
853 4576 1000 4664 gloriam
1026 4578 1228 4670 eloquentia
1279 4579 1332 4647 nii
1347 4579 1455 4648 audio
1471 4572 1772 4674 eurntyrocinium
1789 4585 1944 4675 primum
1958 4577 2248 4677 deposuisse‚ubi

241 4705 304 4754 sua
324 4697 530 4750 consecutus
555 4677 619 4762 sit,
650 4699 740 4768 quae
763 4677 960 4767 exscriptis
979 4679 1055 4748 eius
1079 4679 1231 4750 iudicari
1279 4705 1359 4751 cum
1386 4677 1574 4750 Gallorum
1595 4697 1774 4775 appeteret
1802 4685 2094 4771 familiaritatem,
2125 4706 2182 4754 seu
2202 4678 2248 4746 vi·
2299 4743 2300 4752 ,

241 4798 373 4877 potest,
397 4781 451 4850 uil
472 4779 504 4848 ei
520 4803 609 4870 opus
623 4791 675 4846 est
697 4777 915 4862 laudatione,
941 4781 1143 4869 praesertim
1162 4775 1228 4850 ho-
1278 4795 1357 4852 tans
1385 4794 1589 4852 nostrorum
1624 4787 1947 4872 commessationes,
1985 4811 2047 4859 scu
2080 4785 2172 4880 quod
2202 4778 2248 4849 illi
2299 4829 2300 4834 η

222 4887 349 4956 'minis
371 4880 543 4952 indiserti.
594 4877 750 4948 Tantum
768 4873 970 4948 historicam
988 4882 1228 4952 narrationem
1279 4895 1394 4952 essent
1414 4885 1642 4970 eruditiores,
1674 4887 1791 4958 statim
1814 4888 1908 4959 iuter
1928 4890 2009 4960 illos
2025 4889 2129 4960 simul
2147 4881 2246 4954 Galli·
2299 4875 2300 4880 ’

243 5002 341 5068 texo,
367 4987 489 5078 inqua
504 5005 543 5050 ea
560 5005 649 5072 qnae
666 4980 860 5051 sciscitatus
879 5001 956 5050 sum
972 4983 1016 5051 de
1034 4983 1126 5068 vita,
1150 5007 1229 5054 mo·
1279 5007 1354 5054 carn
1374 4983 1531 5074 linguam
1547 4987 1683 5058 didicit.
1720 4987 1764 5058 ln
1780 4989 1972 5062 dialecticis
1991 4978 2245 5076 ethilosopbia

242 5089 341 5157 ribus
384 5100 418 5160 et
453 5083 683 5174 opinionibus
715 5080 809 5162 eius,
858 5105 940 5150 vere
972 5106 1151 5165 recenseo,
1193 5099 1229 5155 et
1279 5109 1359 5156 cum
1375 5087 1585 5178 percepisset
1600 5089 1759 5160 celeriter
1780 5091 1861 5176 illa,
1892 5115 1980 5186 quae
1994 5092 2032 5162 in
2046 5087 2169 5161 scholis
2185 5099 2246 5156 tra·
2299 5077 2300 5084 ἵ

242 5201 345 5257 testes
362 5185 584 5278 gravissimos
599 5184 725 5254 citabo.
775 5181 887 5252 Porro
905 5177 991 5252 haec
1014 5209 1229 5256 commemo·
1279 5188 1475 5269 debentur,
1511 5188 1586 5276 ipse
1609 5189 1729 5260 animo
1751 5193 1899 5262 meliora
1920 5194 2097 5286 requirere
2118 5187 2244 5265 solebat,

243 5288 334 5356 ratio
366 5288 564 5358 studiorum
595 5299 701 5378 atquc
732 5283 966 5373 opinionum,
1009 5309 1084 5355 non
1109 5287 1228 5358 minus
1278 5311 1383 5380 seque
1405 5290 1445 5357 in
1465 5285 1700 5361 bibliothecas
1721 5294 1871 5380 abdens,
1898 5318 1962 5366 suo
1980 5293 2125 5365 consilio
2147 5293 2244 5360 bonos

244 5387 409 5458 conducit
441 5387 627 5473 studiosis,
666 5403 773 5481 quant
801 5384 1032 5456 bellatoribus
1060 5399 1229 5479 stratage-
1277 5392 1464 5480 scriptores
1485 5391 1637 5482 legebat}
1663 5395 1775 5467 multa
1791 5395 1936 5468 iuterim
1958 5419 2038 5468 cum
2055 5387 2242 5490 prudentia·
