4688 5826
119 273 125 278 ·
236 251 308 322 sos
716 241 874 319 nucu.
907 241 1256 366 ousruuns
1292 239 1785 320 auouuscuuruu.
1916 185 1921 192 ⁴
2209 243 2275 318 ast

237 418 380 491 monuit
395 415 530 488 Fabius
544 414 672 506 scripta
686 415 881 487 evolvenda
895 439 968 486 esse
985 441 1065 488 cnm
1079 417 1143 490 tali
1158 418 1230 487 sol·
1250 475 1251 479 ,
1281 415 1410 506 ceptis,
1435 415 1655 507 concipimus
1673 437 1713 485 ac
1734 415 1931 506 gignimus,
1953 427 2114 486 mortuae
2138 426 2222 484 sunt
2242 427 2274 486 et

235 521 440 605 licitudiue,
465 518 566 612 quasi
588 541 653 587 uos
676 518 744 608 ipsi
768 518 816 587 ita
840 517 1005 610 scripturi
1023 519 1080 588 vel
1098 519 1230 589 dicturi
1282 518 1472 598 informes,
1498 541 1588 610 quae
1609 517 1739 588 deinde
1762 520 1848 587 dum
1868 519 1993 588 crebro
2016 519 2061 586 de
2085 516 2172 608 ipsis
2196 541 2271 585 cum

237 623 366 703 simus,
407 623 503 714 quod
537 620 585 690 ita
616 619 694 705 liat,
731 632 771 690 ut
803 619 1091 709 vigilantioribus
1117 623 1230 692 oculis
1282 619 1361 690 aliis
1382 619 1621 712 colloquimur
1640 643 1680 688 ac
1700 633 2001 704 commentamur,
2035 619 2081 688 ab
2101 619 2178 710 ipsa
2197 619 2273 687 viva

237 725 359 796 omnia
372 725 573 802 lustremus,
592 717 686 790 nihil
701 721 806 792 nobis
821 723 913 791 elabi
928 723 1115 813 patiamur,
1133 725 1230 817 quod
1283 735 1368 790 voce
1384 735 1418 790 et
1439 721 1646 792 tractatione
1664 745 1728 791 ceu
1744 722 1853 791 vitam
1871 735 1904 792 et
1918 723 2108 812 perfectam
2125 722 2271 789 formam

240 829 428 898 observatu
445 811 594 913 dignum
618 823 681 904 sit,
709 835 742 892 et
766 825 807 892 ad
835 847 958 893 omnes
973 826 1122 895 virtutes
1143 825 1231 894 scri·
1282 823 1472 914 recipiunt.
1524 819 1573 893 Et
1594 846 1676 892 vere
1699 825 1834 894 dictum
1859 837 1911 894 est
1935 825 1981 892 ab
2003 818 2215 902 Aristotele,
2238 821 2271 889 id

240 942 382 1022 ptorum
397 927 645 1017 expendendas
661 925 866 994 attentiores
881 928 1082 995 reddamur.
1131 925 1230 995 Idem
1283 925 1439 1014 primum
1459 937 1595 995 certum
1619 925 1760 1014 signum
1785 949 1874 1011 esse,
1900 927 1997 1018 quod
2021 925 2152 1018 aliquis
2170 923 2272 1016 quid-

240 1030 281 1099 iu
314 1028 463 1098 consilio
493 1027 562 1097 fuit
593 1023 666 1111 his,
707 1027 769 1119 qui
796 1027 956 1096 examina
990 1028 1232 1114 instituerunt,
1284 1027 1377 1118 piam
1401 1039 1493 1095 recte
1518 1027 1620 1112 sciat,
1647 1027 1677 1094 si
1693 1029 1738 1096 de
1756 1053 1795 1098 eo
1818 1027 1895 1118 ipso
1911 1027 2012 1120 loqui
2035 1039 2069 1096 et
2084 1025 2196 1096 alium
2212 1027 2273 1093 do-

240 1154 390 1222 nempe,
416 1143 456 1198 ut
470 1129 729 1204 circumdarent
744 1151 863 1196 curam
878 1129 1095 1200 discentibus
1111 1131 1232 1199 omnia
1285 1151 1362 1198 cere
1382 1128 1503 1218 possit.
1562 1124 1652 1198 Eam
1677 1129 1825 1220 gratiam
1848 1130 2017 1198 debemus
2044 1127 2273 1210 examinibus,

240 1233 381 1326 plenius
398 1246 432 1302 et
447 1231 600 1300 exactius
616 1229 869 1319 cognoscendi,
895 1243 936 1300 ut
952 1231 1088 1324 aliquid
1104 1232 1233 1320 integri
1285 1253 1376 1323 quae
1393 1231 1490 1300 velut
1505 1230 1576 1300 vita
1594 1241 1676 1300 sunt
1696 1233 1914 1316 studiorum,
1937 1229 2014 1299 sine
2028 1229 2161 1324 quibus
2175 1229 2272 1296 lectio

241 1360 282 1405 ac
309 1333 415 1403 solidi
442 1333 679 1423 perciperent,
722 1332 1015 1420 nec'vagabundi
1041 1335 1080 1402 in
1107 1335 1234 1403 studiis
1286 1331 1885 1404 omnisetmeditatiomortuaest.
1936 1329 2272 1423 Hucacceditquod

242 1437 466 1518 oberrantes,
493 1434 656 1504 extremis
674 1447 813 1503 tantum
833 1433 940 1502 labris
959 1435 1053 1504 varia
1071 1437 1234 1526 degusta·
1286 1433 1328 1501 iis
1351 1434 1455 1503 multi
1478 1457 1614 1503 errores
1639 1447 1771 1504 temere
1797 1434 1958 1525 concepti
1982 1447 2017 1504 et
2036 1429 2222 1502 haerentes
2238 1433 2273 1501 in

243 1553 341 1622 rent,
374 1533 458 1606 hinc
481 1537 566 1604 iude
587 1537 743 1604 concisas
763 1537 989 1606 sententiolas
1016 1552 1049 1606 et
1071 1538 1234 1606 mutilata
1287 1535 1415 1604 animis
1436 1536 1682 1625 corriguntur,
1716 1537 1921 1606 eximuntur
1949 1536 2138 1625 opiniones
2164 1537 2274 1617 falsae,

242 1639 401 1710 membra
417 1651 602 1728 venantes,
629 1641 725 1730 quod
747 1661 843 1706 nunc
867 1639 1113 1708 amultisfieri
1134 1641 1256 1708 viden
1287 1661 1377 1729 quae
1393 1639 1449 1705 vcl
1472 1662 1535 1728 per
1558 1652 1723 1722 aetatem,
1748 1639 1804 1706 vel
1828 1663 1868 1706 ex
1885 1639 2003 1732 aliqua
2019 1636 2138 1706 fallaci
2156 1637 2274 1727 specie,
2322 1707 2323 1718 ,

243 1765 332 1826 tuus,
350 1742 412 1836 qui
427 1763 507 1809 cum
523 1741 761 1824 excutiuntur,
778 1740 827 1808 ita
844 1741 976 1830 stupidi
991 1753 1095 1834 atque
1109 1741 1234 1830 ignari,
1287 1739 1344 1806 vel
1371 1739 1594 1810 institutione
1624 1753 1807 1831 corrupta,
1842 1741 1897 1808 vel
1926 1740 2054 1807 artium
2085 1737 2274 1830 praeceptis

243 1859 284 1916 ut
301 1857 404 1933 turpe
420 1843 483 1926 sit,
511 1836 836 1932 deprehenduntur.
892 1843 988 1912 Dum
1004 1844 1097 1911 enim
1114 1844 1152 1910 in
1167 1838 1235 1912 hoc
1287 1841 1379 1908 male
1404 1841 1591 1910 intellectis
1612 1841 1931 1912 accommodatisve
1948 1841 1985 1908 iu
2008 1826 2140 1909 animis
2160 1836 2275 1908 haese-

244 1971 318 2018 uno
331 1945 488 2014 studium
502 1967 607 2012 omne
621 1967 723 2012 suum
741 1959 965 2023 consumunt,
983 1957 1022 2014 nt
1038 1946 1235 2034 fragmenta
1288 1955 1383 2015 runt.
1417 1939 1465 2014 Et
1480 1945 1526 2012 ob
1543 1937 1635 2012 hanc
1651 1945 1837 2036 praecipue
1852 1965 1991 2012 causam
2011 1967 2049 2010 ea
2067 1968 2085 2011 a
2102 1942 2275 2011 veteribus

245 2048 418 2142 quaedam
436 2069 477 2114 ex
494 2044 726 2134 scriptoribus
741 2047 928 2134 colligant,
953 2046 1010 2130 fit,
1034 2059 1075 2116 ut
1099 2047 1235 2115 nullius
1288 2044 1451 2114 instituta
1467 2045 1650 2132 videntur3
1677 2045 1863 2114 nonenim
1883 2046 2148 2114 adolescentum
2166 2043 2273 2112 studia

245 2151 298 2220 rei
313 2150 485 2240 integram
501 2170 541 2215 ac
556 2149 743 2236 perfectam
765 2147 1001 2235 coguitionem
1016 2171 1235 2241 consequau-
1289 2159 1420 2215 temere
1443 2169 1482 2214 ac
1510 2149 1586 2215 sine
1618 2148 1694 2236 lege
1724 2148 1852 2232 fluere,
1882 2149 1942 2216 sed
1968 2146 2051 2216 huic
2077 2147 2274 2214 examinum

245 2269 319 2322 tur:
340 2275 360 2318 a
376 2275 446 2343 quo
464 2272 551 2337 vago
567 2261 599 2316 et
614 2249 734 2316 inutili
749 2249 870 2318 labore
886 2249 1047 2318 examina
1063 2251 1236 2319 discentes
1289 2271 1453 2317 censurae
1468 2251 1622 2318 subiecta
1638 2273 1711 2318 esse
1726 2249 1927 2317 voluerunt.
1969 2246 2093 2340 Neque
2106 2248 2204 2315 euim
2222 2269 2275 2314 eos

245 2352 401 2422 velutin
426 2363 555 2420 certam
578 2349 671 2419 viam
696 2364 873 2422 revocant.
923 2349 996 2420 Nec
1017 2353 1061 2420 ad
1081 2376 1154 2420 non
1173 2375 1236 2419 ne-
1287 2349 1445 2438 fugiebat
1461 2373 1585 2418 omnes
1601 2367 1690 2420 artes
1706 2352 1884 2442 peccando
1901 2349 2007 2434 disci,
2034 2363 2068 2419 et
2087 2362 2129 2418 ut
2150 2349 2274 2417 fertiles

246 2454 393 2527 cessaria
416 2467 450 2522 et
475 2451 617 2521 inutilia
641 2465 836 2543 respectare
865 2453 1010 2539 sinunt,
1036 2454 1097 2521 sed
1120 2453 1159 2520 in
1182 2453 1237 2537 iis,
1289 2451 1364 2540 agri
1387 2452 1539 2520 multum
1565 2453 1716 2541 gignunt
1746 2452 1930 2542 spinarum
1959 2463 2065 2543 atque
2096 2449 2275 2521 inutilium

156 2592 160 2599 ·
246 2581 335 2652 quae
369 2555 564 2624 necessaria
590 2567 690 2638 sunt,
723 2555 849 2622 ordine
876 2557 1031 2647 quodam
1059 2555 1236 2622 discendis
1290 2547 1492 2649 herbarum,
1515 2555 1644 2646 quihus
1658 2554 1810 2623 subinde
1827 2566 1910 2623 sunt
1925 2553 2142 2644 repurgandi
2157 2577 2195 2621 ac
2208 2575 2275 2620 sar·

246 2659 441 2730 continent.
495 2654 593 2724 Parit
614 2651 698 2724 vero
723 2655 824 2724 istam
843 2655 881 2723 iu
899 2655 1068 2724 discendo
1085 2657 1237 2744 diligen·
1290 2655 1426 2739 ciendi,
1455 2653 1548 2723 idem
1577 2656 1682 2726 etiam
1706 2656 1858 2744 ingeniis
1878 2669 1912 2724 et
1933 2655 2076 2747 quidem
2098 2653 2275 2722 foecundis

245 2763 334 2832 tiani
349 2758 533 2850 praecipue
547 2757 634 2826 haec
649 2757 871 2836 sollicitudo,
897 2750 976 2826 ctam
990 2757 1119 2827 scimus
1134 2759 1237 2826 nobis
1290 2757 1380 2825 solet
1395 2757 1562 2840 accidere,
1586 2781 1688 2848 saepe
1705 2759 1800 2826 euim
1814 2757 1863 2840 lit,
1882 2771 1921 2825 ut
1934 2757 2039 2824 falsas
2054 2779 2175 2825 rerum
2193 2757 2274 2824 ima-

246 2863 286 2931 iu
302 2860 461 2929 examine
478 2859 576 2928 velut
591 2857 764 2928 rationem
784 2849 1001 2928 reddendam
1023 2883 1096 2928 esse
1113 2883 1236 2929 eorum
1290 2859 1388 2948 gines
1403 2883 1467 2949 pro
1484 2859 1568 2947 ipsis
1583 2859 1689 2927 rebus
1706 2853 1986 2950 adprehendant.
2048 2853 2096 2928 Et
2111 2858 2274 2955 quemad-

247 2987 338 3058 quae
355 2963 483 3032 tradita
501 2973 602 3044 sunt,
629 2974 663 3030 et
679 2959 790 3049 magis
803 2983 839 3029 se
856 2961 1048 3030 intendunt
1068 2963 1179 3030 animi
1198 2961 1237 3028 in
1291 2961 1435 3030 modum
1458 2959 1557 3028 lxiou
1580 2985 1660 3028 cum
1678 2963 1773 3029 nube
1794 2961 2049 3043 concumbens,
2075 2982 2158 3028 cum
2181 2972 2275 3050 puta·

248 3089 306 3150 ea,
331 3087 420 3158 quae
436 3062 503 3154 ipsi
520 3073 687 3154 tanquam
711 3075 831 3131 nostra
849 3063 928 3131 aliis
945 3086 1119 3153 exponere
1133 3077 1238 3155 atque
1291 3075 1344 3130 ret
1359 3084 1395 3128 se
1414 3059 1587 3130 lunonem
1604 3061 1784 3151 amplecti,
1809 3059 2007 3130 Centauros
2021 3062 2153 3150 gignit,
2179 3061 2226 3129 sic
2239 3084 2273 3129 ex

247 3167 421 3256 explicare
448 3163 625 3252 cogimur,
656 3175 690 3231 et
708 3164 790 3232 illae
813 3165 908 3254 ipsae
934 3165 1104 3253 imagines
1127 3165 1238 3253 magis
1289 3163 1386 3232 falsis
1409 3165 1562 3252 uruhris,
1587 3187 1675 3255 quas
1697 3188 1761 3254 pro
1784 3164 1859 3253 ipsa
1879 3164 2024 3232 veritate
2039 3177 2274 3232 consectamur

247 3268 430 3339 evidenter
449 3265 632 3333 inanimis
649 3265 783 3349 lucent,
811 3289 850 3334 ac
870 3265 1006 3335 firmius
1027 3266 1238 3354 deliguntur,
1291 3279 1325 3335 et
1357 3264 1566 3354 arripimus,
1600 3265 1822 3356 prodigiosae
1855 3265 2043 3355 opiniones
2077 3280 2274 3342 nascuntur,

247 3393 335 3464 quas
352 3367 421 3460 ipsi
436 3368 480 3435 de
496 3367 601 3435 rebus
618 3367 778 3435 doctrina
794 3367 966 3457 perceptis
980 3369 1187 3437 tractatione
1205 3381 1238 3437 et
1291 3391 1380 3460 quae
1398 3366 1468 3434 nisi
1491 3379 1628 3436 mature
1655 3381 1689 3438 et
1716 3381 1904 3460 autequam
1922 3367 2029 3436 altius
2050 3367 2189 3436 radices
2204 3388 2274 3454 ege·

248 3470 409 3542 oratione
428 3468 627 3557 effingimus
643 3481 746 3561 atque
761 3467 1000 3558 exprimimus.
1040 3468 1131 3538 Nam
1149 3494 1238 3563 quae
1291 3471 1381 3553 rint,
1406 3469 1535 3537 animis
1550 3471 1689 3538 evulsae
1705 3470 1790 3556 sint,
1812 3471 1850 3537 in
1870 3469 2086 3560 perniciosos
2104 3466 2274 3538 Ecclesiae

247 3571 394 3645 auribus
413 3582 552 3640 tantum
575 3564 774 3650 hausimus,
801 3584 863 3639 aut
881 3595 921 3638 ex
945 3571 1106 3662 lectione¹
1118 3595 1239 3661 perce·
1291 3569 1987 3661 acReip.erroresdeindeerrutnpuot.
2022 3569 2112 3640 Nam
2129 3584 2170 3640 ut
2186 3570 2274 3650 lolio,

248 3675 382 3768 pimus,
408 3695 447 3741 ea
471 3685 640 3764 tauquam
658 3673 806 3742 umbrae
825 3695 887 3760 per
910 3673 1089 3742 somnium
1115 3675 1238 3742 obser·
1291 3673 1433 3744 tribulis
1458 3673 1644 3764 lappisque
1682 3686 1717 3742 et
1744 3673 1824 3742 aliis
1854 3674 1893 3742 id
1921 3695 2032 3762 genus
2057 3672 2274 3741 infoelicibus

245 3789 369 3846 ventes
388 3775 523 3842 incerta
547 3767 693 3842 haerent
717 3787 752 3843 et
772 3773 873 3841 facile
890 3773 974 3841 inde
997 3775 1116 3863 fugere
1134 3789 1238 3868 atque
1291 3769 1411 3842 herbis
1451 3774 1751 3843 succrescentibus
1791 3788 1921 3862 segetes
1950 3774 2205 3865 opprimuntur
2240 3795 2274 3839 ac
2322 3821 2323 3824 ,

247 3878 406 3948 excidere
419 3875 544 3946 solent.
598 3873 761 3962 Quorum
777 3897 860 3942 vero
876 3897 940 3944 ceu
956 3873 1055 3944 vivas
1069 3877 1239 3965 imagines
1291 3875 1558 3966 praefocantur,
1583 3887 1618 3944 et
1633 3875 1855 3945 sterilescunt
1873 3878 1966 3966 agri,
1992 3877 2040 3946 ita
2058 3901 2077 3944 a
2092 3877 2189 3945 falsis
2205 3874 2274 3966 opi-

248 3977 520 4056 commentando
535 3989 639 4070 atque
659 3975 823 4065 agitando
840 3975 1097 4067 impressimus,
1123 4001 1163 4046 ea
1179 3979 1238 4046 ve·
1290 3976 1480 4061 niouibus,
1505 3977 1535 4045 si
1548 3977 1813 4064 continuentur,
1837 4003 1903 4048 nec
1919 3991 2056 4048 mature
2069 3977 2272 4058 eximantur,

246 4083 302 4153 lut
319 4079 425 4151 altius
444 4078 531 4149 actis
546 4077 725 4148 radicibus
746 4073 894 4148 haerent
908 4079 1146 4159 tenacissime,
1173 4103 1239 4149 nec
1291 4091 1396 4172 atque
1411 4079 1455 4146 iis
1470 4079 1568 4148 velut
1582 4095 1817 4170 repurgentur
1830 4094 1986 4164 mentes,
2012 4079 2143 4149 veritas
2162 4077 2272 4171 oppri-

248 4183 354 4254 evelli
378 4205 416 4252 se
443 4193 504 4250 aut
529 4181 644 4250 excuti
666 4179 769 4249 facile
795 4182 990 4270 patiuntur.
1050 4175 1117 4251 Est
1142 4181 1238 4250 enim
1290 4181 1402 4250 mitur
1422 4193 1455 4250 et
1477 4195 1706 4270 expugnatur.
1758 4180 1817 4251 Ad
1839 4182 1875 4252 id
1898 4205 1982 4251 vero
2014 4205 2088 4251 nou
2112 4197 2164 4252 est
2184 4179 2270 4250 aliud

247 4281 568 4358 commentationis
580 4293 685 4374 atque
713 4282 913 4370 agitationis
941 4281 994 4352 vis
1023 4283 1173 4352 maxima
1199 4285 1238 4352 in
1291 4282 1405 4374 aptius
1428 4283 1643 4368 remedium,
1668 4309 1774 4377 quam
1793 4285 1964 4358 examina.
2017 4282 2085 4352 His
2105 4286 2199 4352 enim
2220 4305 2272 4349 ex·

247 4388 346 4461 omni
361 4409 417 4472 re,
450 4384 554 4477 plene
568 4385 786 4477 perfecteque
802 4384 1026 4474 percipienda
1041 4409 1081 4454 ac
1099 4385 1239 4454 discen·
1291 4385 1477 4476 plorantur
1493 4383 1653 4474 ingenia,
1678 4387 1810 4480 siquid
1828 4382 1945 4456 adhuc
1961 4387 2076 4470 deest,
2101 4387 2145 4460 iis
2162 4397 2272 4454 osteu-

247 4494 311 4578 da,
337 4489 494 4580 sinequa
511 4485 704 4555 auditionis
721 4499 753 4554 et
774 4485 936 4556 lectionis
950 4487 1084 4557 fructus
1109 4486 1239 4557 sterilis
1291 4489 1408 4572 ditur,
1441 4487 1576 4580 siquid
1603 4487 1681 4556 vitii
1704 4502 1765 4558 aut
1788 4512 1951 4558 errorum
1974 4485 2102 4572 haesit,
2134 4483 2272 4574 corrigi-

247 4619 288 4666 ac
314 4613 423 4684 prope
450 4588 571 4658 nullus
596 4600 665 4672 est;
701 4579 896 4681 συζήτησις
921 4601 1059 4673 autem,
1091 4603 1132 4661 ut
1155 4613 1237 4658 vere
1274 4593 1349 4658 'tur
1375 4603 1480 4681 atque
1507 4589 1682 4662 evellitur.
1742 4587 1876 4683 Estque
1902 4584 1990 4660 haec
2015 4590 2114 4659 velut
2139 4588 2271 4658 sarritio

246 4697 472 4776 dictumest,
498 4689 773 4781 omniapotest,
806 4703 842 4760 et
864 4690 1029 4780 agitando
1053 4703 1158 4784 atque
1180 4692 1238 4760 in·
1290 4691 1512 4775 studiorum,
1546 4692 1594 4762 ita
1618 4693 1829 4772 necessaria,
1862 4705 1902 4762 ut
1919 4692 1948 4760 si
1969 4691 2172 4776 omittatur,
2205 4709 2271 4758 non

247 4798 422 4896 quitando
444 4815 567 4862 omnes
593 4805 684 4862 artes
712 4791 878 4862 inventae
900 4815 940 4861 ac
968 4793 1124 4862 excultae
1145 4809 1238 4879 sunt,
1291 4794 1399 4861 modo
1428 4816 1508 4861 vera
1538 4817 1577 4862 ac
1604 4793 1717 4862 solida
1742 4794 1906 4863 doctrina
1932 4794 2032 4864 nulla
2063 4793 2173 4884 possit
2195 4812 2272 4862 cou-

247 4915 368 4996 cstque
407 4921 447 4968 ea
485 4895 543 4964 vel
583 4894 657 4964 sola
698 4893 814 4963 omnis
847 4894 1030 4963 doctrinae
1069 4893 1236 4966 effectrix.
1290 4907 1401 4979 stare,
1426 4897 1487 4964 sed
1507 4894 1617 4987 ipsius
1640 4897 1717 4965 loco
1740 4895 1873 4964 infiniti
1896 4918 2032 4966 errores
2052 4903 2273 4965 succrescant.

246 4999 557 5097 Quemadmodum
580 4995 675 5066 enim
701 4997 847 5066 leonum
869 4996 983 5066 foetus
1005 4997 1175 5066 informes
1197 5022 1237 5066 ac
1290 4993 1339 5067 Ut
1366 5007 1497 5066 taceam
1524 4999 1619 5090 quod
1647 4997 1729 5066 illae
1753 4997 2092 5068 communicationes
2115 5011 2148 5066 et
2172 4995 2273 5066 collo·

244 5121 406 5180 mortuos
426 5102 505 5174 aedi
526 5113 743 5183 memorant,
768 5111 802 5168 ct
825 5097 953 5168 deiude
971 5099 1086 5189 longis
1108 5123 1238 5192 paren·
1290 5097 1495 5192 quinetiam
1516 5099 1721 5170 facundiam
1743 5101 1844 5170 alunt
1870 5111 1906 5170 et
1932 5099 2088 5170 afferunt
2105 5097 2273 5193 quandam

244 5227 322 5285 tum
344 5203 657 5280 vociferationibus
681 5201 871 5285 vivificari,
896 5225 936 5270 ac
959 5201 1123 5290 spiritum
1146 5202 1237 5270 reci·
1289 5201 1417 5271 animis
1439 5201 1694 5282 constantiam,
1726 5215 1822 5274 utet
1845 5203 2002 5294 accipere
2022 5227 2063 5272 ac
2085 5199 2272 5288 intelligere

244 5338 346 5408 pere,
370 5313 419 5382 ita
431 5307 539 5402 primi
552 5307 667 5378 foetos
680 5303 925 5395 ingeniorum,
951 5296 1019 5371 hoc
1033 5315 1084 5372 est
1102 5304 1236 5392 primae
1289 5327 1329 5373 ea
1350 5309 1442 5396 'quae
1462 5317 1714 5396 proponuntur
1735 5305 1874 5398 possint
1900 5318 1935 5375 et
1955 5317 2036 5396 apte
2063 5305 2108 5374 ad
2126 5298 2271 5398 quaesita

244 5418 413 5511 imagines
429 5436 517 5508 quas
532 5413 576 5482 de
591 5409 696 5482 rebus
706 5407 761 5478 vel
776 5405 907 5478 auditis
917 5406 971 5475 vel
986 5405 1138 5477 lectione
1154 5429 1236 5498 per·
1287 5405 1514 5498 respondere.
1565 5403 1739 5478 Videmus
1769 5407 1867 5480 enim
1897 5407 2094 5478 nonnullos
2121 5403 2209 5476 serio
2230 5399 2270 5468 de
