4704 5826
214 261 290 340 ddi
339 333 344 340 .
650 260 811 340 nucu
861 261 938 342 DE
970 265 1193 346 srumo
1226 268 1494 349 LlllGUAE
1521 269 1810 352 EllllAllAE
2165 283 2238 361 860

215 449 269 508 tra
285 433 367 505 illos
380 429 680 528 laqueos'suanse
696 432 917 502 communire
931 457 972 505 sc
993 457 1202 527 praeparare
1253 459 1417 507 enarrare
1439 439 1624 521 discimus,
1649 463 1731 512 cum
1752 439 1906 534 Reipub.
1930 442 2137 516 barbaricae
2153 447 2239 516 ima·

214 535 399 629 possimus.
451 535 511 606 Sic
526 535 621 604 enim
640 531 736 603 Deus
751 533 918 626 praecipit
936 533 1104 608 Proverb.
1118 533 1199 611 27.:
1253 538 1488 628 ginemnohis
1503 540 1690 632 pingimus,
1715 545 1919 612 uousalnm
1936 547 2109 616 armonia
2121 547 2238 620 Latini

214 635 318 708 Disce
344 637 393 706 lili
421 637 468 704 mi
496 636 723 726 sapientiam,
755 650 795 708 ιιι
819 637 963 706 refutari
991 640 1126 730 possint
1150 635 1202 724 hi,
1254 641 1440 732 puritatem
1456 656 1491 712 et
1501 657 1723 714 venustatem
1738 647 1918 736 corrumpi
1933 647 2045 732 aiunt,
2059 651 2117 720 scd
2137 649 2239 720 etiam

214 740 276 832 qui
309 737 397 806 mihi
433 739 631 808 convicium
664 737 810 811 faciunt.
862 734 909 808 Et
940 741 1108 829 gaudebit
1141 763 1202 810 cor
1253 742 1389 836 aliquid
1414 743 1543 814 accersi
1565 746 1794 836 ineptiarum:
1830 761 1870 817 ut
1893 748 1932 816 iu
1961 751 2139 838 tragoedia
2162 748 2241 820 Me·

212 863 343 911 meum.
393 837 487 914 Dixi.
1253 845 1375 916 uelaus
1389 845 1521 916 dicitur
1535 846 1647 916 factus
1664 848 1856 932 barbarus,
1882 849 2051 920 diuturna
2073 852 2242 920 barbaro-

1253 967 1333 1014 rum
1357 946 1623 1022 cousuetudine.
1680 945 1777 1017 llaec
1807 971 1911 1040 saepe
1933 948 2133 1022 Politianus
2157 949 2241 1022 Pico

1254 1047 1408 1117 obiicere
1440 1049 1564 1118 solitus
1596 1062 1665 1120 est:
1704 1063 1740 1119 et
1772 1050 1980 1120 incredibile
2013 1065 2079 1137 est,
2111 1054 2242 1124 multos

1023 1234 1201 1352 Q
1254 1147 1760 1344 {ttttdtt'tttdfttt
1775 1149 2244 1346 :tlttttdttttttt

1255 1351 1375 1435 matis,
1406 1349 1552 1421 Graecis
1571 1353 1792 1443 praesertim,
1826 1349 1892 1422 hac
1910 1355 2074 1424 oratione
2096 1356 2243 1439 moveri,

1254 1467 1293 1522 ut
1311 1449 1483 1522 Ebraeam
1501 1454 1656 1543 linguam
1673 1455 1785 1544 magis
1798 1456 1992 1526 fastidiant.

1356 1551 1415 1623 Au
1436 1555 1622 1648 quisquam
1649 1569 1719 1626 tam
1737 1555 1861 1644 agresti
1879 1558 2000 1625 animo
2015 1570 2084 1640 est,
2109 1571 2243 1628 utnon

1254 1655 1353 1724 malit
1383 1657 1497 1746 legere
1525 1654 1699 1726 Herodoti
1729 1650 1912 1726 historiam
1945 1665 2169 1748 perpetuam,
2197 1661 2244 1726 de

1256 1757 1415 1824 maximis
1432 1757 1537 1826 rebus
1555 1758 1658 1846 gestis
1679 1758 1762 1826 inde
1776 1781 1888 1850 usque
1910 1757 2074 1829 aCroeso
2090 1763 2133 1828 ad
2150 1757 2245 1828 Xer·

1254 1881 1348 1940 xem,
1373 1859 1416 1925 de
1439 1858 1673 1948 plurimorum
1695 1881 1883 1949 regnorum
1906 1860 2163 1931 mutationibus
2185 1883 2245 1928 sa-

1255 1957 1469 2049 pientissime
1492 1973 1528 2030 et
1550 1959 1750 2028 dulcissime
1778 1977 1984 2028 narrantem
2003 1960 2151 2029 consilia
2176 1983 2246 2048 gu-

211 1069 778 1081 ——n—m——nn-

212 1226 280 1302 Nn.
305 1227 391 1302 109.

223 1325 394 1355 m

336 1433 414 1517 De
441 1430 595 1516 studio
623 1431 815 1540 liuguae
843 1428 1067 1518 Eoraeae.

282 1612 313 1666 lu
328 1611 420 1666 select.
433 1611 582 1666 lleelamst.
597 1609 630 1664 T.
639 1607 686 1664 lV.
701 1610 784 1676 pto?
792 1629 863 1680 sqq„
882 1607 1009 1666 Richard.
1022 1609 1055 1666 Τ.
1064 1611 1083 1666 Ι.
1095 1629 1120 1680 p.
1130 1609 1202 1683 833,

315 1681 430 1736 Servus.
449 1680 482 1732 Τ.
497 1679 543 1732 lV.
566 1697 592 1749 p.
606 1679 665 1732 424.
683 1687 707 1730 et
729 1679 756 1730 in
773 1680 856 1734 Τοιιι.
868 1678 914 1732 ΙΙΙ.
934 1679 1043 1733 Erlord.
1060 1680 1099 1736 lit.
1114 1699 1151 1748 m,
1165 1683 1202 1745 2,

184 1803 185 1816 ,
312 1749 358 1804 ubi
373 1750 523 1818 adscriptus
537 1759 576 1802 est
588 1765 675 1802 sunus
692 1747 768 1801 1549.
829 1776 831 1785 ν

352 1911 478 1979 Oratio
500 1904 548 1976 de
567 1904 695 1978 studio
715 1907 871 2002 linguae
883 1903 1063 1979 Ειιιαιαε.

211 2037 311 2128 cum
338 2057 381 2124 de
405 2055 546 2144 linguae
563 2049 721 2124 Ebraeae
746 2054 871 2124 studiis
896 2050 984 2122 mihi
1010 2055 1200 2126 dicendum

211 2179 285 2228 esse
301 2155 552 2246 intelligerem,
578 2155 680 2224 valde
696 2157 902 2245 gaudebam,
929 2181 1001 2226 nou
1018 2157 1111 2226 iuter
1129 2157 1201 2224 illi-

211 2270 358 2342 teratos,
391 2258 452 2350 qui
483 2269 620 2327 tantum
647 2270 872 2348 quaestuosas
892 2273 983 2327 artes
1006 2258 1200 2328 mirantur:

210 2383 275 2430 nec
300 2360 392 2430 inter
413 2353 615 2450 prophanus
639 2351 818 2442 homiues,
850 2359 911 2452 qui
935 2357 1113 2430 Ecclesiae
1136 2363 1200 2428 do-

211 2459 360 2532 ctrinam
385 2473 638 2542 contemnunt,
669 2459 864 2529 orationem
890 2455 1089 2530 habendam
1111 2483 1200 2530 esse:

211 2565 270 2636 sed
294 2562 332 2630 iu
356 2587 396 2632 eo
418 2575 540 2645 coetu,
574 2561 739 2654 quicum
763 2585 845 2654 pars
864 2560 909 2631 sit
930 2559 1107 2631 Ecclesiae
1121 2558 1199 2644 Dei,

179 2664 435 2757 'praecipuam
470 2664 637 2733 virtutem
671 2683 764 2745 esse,
804 2687 924 2732 curam
955 2663 1199 2752 cognoscendi,

1255 2061 1500 2143 bernatorum,
1526 2083 1645 2130 causas
1668 2062 1864 2144 bellorum,
1889 2062 2003 2133 exitus
2022 2062 2180 2152 placidos
2205 2061 2246 2130 iu

1253 2162 1404 2252 negotiis
1420 2163 1621 2246 moderatis,
1645 2162 1762 2232 tristes
1775 2185 1860 2231 vero
1875 2162 1912 2230 iu
1928 2163 2033 2232 rebus
2049 2163 2246 2252 cupiditate

1253 2275 1286 2333 et
1308 2262 1500 2332 ambitione
1523 2263 1706 2356 susceptis:
1733 2287 1839 2356 quam
1858 2267 1969 2353 legere
1984 2258 2247 2332 Thalmudicos

1255 2364 1413 2447 libellos,
1439 2365 1631 2456 inquibus
1660 2379 1693 2434 et
1717 2378 1876 2455 tempora
1900 2363 2026 2434 mundi
2052 2365 2246 2434 manifesto

1253 2487 1372 2534 errore
1385 2465 1545 2534 mutilata
1562 2479 1662 2549 scrut,
1685 2479 1720 2535 et
1734 2477 1871 2534 tautum
1888 2479 1940 2534 cst
1953 2465 2177 2548 insulsitatis,
2205 2475 2248 2536 ut

1255 2567 1493 2635 Alexandrum
1517 2567 1695 2635 somnient
1718 2566 1861 2655 gessisse
1881 2567 2014 2636 bellum
2035 2589 2113 2636 cum
2128 2563 2247 2636 Dario

1252 2667 1326 2736 lilio
1344 2665 1547 2762 Hystaspis,
1572 2667 1635 2758 qni
1650 2668 1812 2738 successit
1829 2665 2007 2762 Cambysi.
2059 2667 2100 2738 si
2120 2691 2247 2736 rerum

210 2766 451 2848 custodiendi,
484 2777 518 2835 et
551 2765 595 2834 ad
631 2777 787 2852 posteros
820 2766 1039 2857 propagandi
1070 2765 1198 2858 scripta
1251 2767 2248 2861 suavitasetexemplamemorabiliaquaeruntur,multo

1251 2885 1303 2942 est
1321 2869 1513 2940 iucundius
1530 2881 1565 2938 et
1594 2870 1719 2940 utilius
1741 2869 1965 2940 considerare
1989 2865 2249 2941 Themistoclis

211 2863 417 2965 prophetica
436 2880 469 2937 et
484 2865 675 2958 apostolica
691 2865 810 2936 sentit.

311 2967 385 3038 Nec
400 2992 483 3038 vero
502 2967 644 3037 dillicile
660 2979 721 3050 est,
747 2969 900 3038 refutare
915 2968 1111 3050 illiteratos,
1136 2969 1199 3061 qui
1250 2970 1478 3062 sapientiam,
1502 2971 1541 3039 in
1556 2971 1724 3040 omuibus
1738 2969 1823 3039 belli
1837 2971 2027 3040 momentis
2046 2972 2248 3060 providen-

210 3085 301 3142 artes
317 3094 392 3136 uon
406 3069 603 3141 metiuntur
618 3067 789 3158 dignitate
810 3092 891 3148 sua,
914 3094 978 3138 nec
1000 3073 1200 3161 attendunt,
1251 3073 1325 3157 dis,
1346 3085 1380 3142 et
1396 3069 1562 3140 Aristidis
1579 3069 1752 3141 iusticiam
1770 3085 1874 3164 atque
1890 3073 2186 3155 moderationem,
2213 3084 2250 3140 et

210 3195 299 3268 quos
321 3171 479 3261 singulae
503 3171 632 3261 gradus
650 3170 743 3240 vitae
764 3185 904 3260 regant,
929 3174 988 3240 sed
1013 3172 1198 3262 pecuniam
1252 3173 1421 3244 Graeciae
1437 3171 1623 3242 universae
1637 3171 1864 3244 constitutam
1879 3173 2104 3242 concordiam
2121 3173 2163 3240 in
2182 3175 2249 3242 de-

210 3297 390 3346 summum
407 3274 541 3342 bouum
565 3293 639 3340 esse
654 3272 798 3357 dicunt,
824 3287 929 3344 eteas
950 3287 1086 3343 tautum
1107 3288 1198 3343 artes
1250 3276 1410 3344 tensione
1441 3274 1593 3364 patriae,
1627 3295 1734 3367 quam
1763 3273 1878 3363 legere
1907 3273 2078 3346 fanaticos
2104 3274 2249 3343 furores

208 3376 382 3471 probant,
401 3388 587 3468 quaesunt
603 3373 750 3464 aucupia
769 3375 1002 3444 cumulandae
1018 3374 1198 3466 pecuniae.
1250 3373 1327 3445 Beu
1341 3374 1494 3446 Cosbau.

308 3475 448 3546 Horum
466 3475 595 3546 iniusta
613 3475 762 3558 iudicia,
793 3500 857 3545 nec
875 3501 952 3546 meo
971 3476 1107 3562 studio,
1134 3501 1198 3548 uec
1352 3475 1489 3548 Nolunt
1510 3475 1654 3566 igitura
1671 3473 1817 3546 Graecis
1837 3489 1872 3546 et
1889 3473 2027 3546 Latinis
2048 3475 2163 3544 literis
2187 3475 2248 3545 irs-

207 3580 292 3652 ullis
308 3575 481 3648 Ecclesiae
496 3579 649 3662 artibus,
675 3579 747 3646 imo
772 3601 836 3646 nec
858 3573 1111 3667 Philosophiae
1133 3603 1198 3669 op-
1250 3579 1351 3670 ςειιίιι
1366 3578 1512 3658 abduci,
1538 3601 1628 3670 qssae
1642 3599 1723 3647 cum
1739 3577 1941 3665 universam
1958 3571 2247 3668 Philosophiam,

143 3733 146 3740 f
208 3682 481 3776 pauendasunt.
512 3677 664 3750 .Coluut
687 3679 782 3746 euim
802 3674 864 3747 has
885 3693 976 3750 artes
994 3679 1099 3764 boui,
1124 3681 1198 3748 vir·
1250 3693 1445 3752 scutetum
1468 3681 1590 3749 orbem
1613 3678 1763 3762 artium,
1789 3692 1830 3748 ιιι
1853 3692 2018 3764 vocatur,
2067 3699 2134 3748 nae
2160 3691 2249 3748 sunt

208 3784 292 3856 tutis
317 3804 438 3872 causa,
470 3794 614 3872 propter
640 3781 856 3869 agnitionem
878 3778 964 3860 Dei,
997 3795 1033 3852 et
1055 3793 1199 3872 propter
1250 3784 1343 3853 vitae
1376 3781 1609 3864 necessariae,
1652 3779 1782 3848 deiude
1813 3780 2018 3850 continuam
2042 3703 2246 3850 historiam

207 3883 440 3977 Reipublicae
461 3879 671 3966 utilitatem,
713 3906 787 3950 nou
810 3895 850 3952 ut
872 3881 994 3951 Midae
1024 3897 1058 3952 et
1080 3880 1199 3954 Crassi
1250 3884 1411 3954 omnium
1433 3895 1652 3974 temporum,
1678 3879 1829 3950 illustria
1854 3881 2009 3972 exempla
2032 3881 2070 3948 in
2097 3887 2247 3972 ροὸιιιιι-

207 4010 292 4078 opes
311 3999 496 4055 venentur.
532 3981 778 4074 Necignotum
795 3985 983 4063 canabis,
1009 3983 1094 4078 quid
1111 4008 1197 4054 con·
1250 3987 1312 4070 tis,
1337 3999 1447 4055 artem
1463 3983 1655 4086 medicam,
1679 3995 1715 4052 et
1732 3982 1956 4074 praecipuam
1972 3981 2159 4072 religionis
2177 3985 2246 4052 do·

207 4101 260 4160 tra
274 4087 334 4158 illa
351 4087 481 4157 insulsa
497 4086 626 4156 iudicia
641 4087 830 4154 dicendum
846 4087 902 4170 sit,
919 4089 1045 4156 robore
1061 4100 1198 4156 tantum
1250 4089 1420 4172 ctrinam,
1447 4085 1607 4155 videlicet
1625 4083 1880 4176 Apostolorum
1895 4099 2124 4155 monumenta
2142 4109 2245 4153 com·

207 4191 317 4264 animi
332 4213 421 4281 opus
437 4201 486 4258 est
501 4191 601 4274 adea
619 4189 876 4258 contemnenda
893 4201 927 4256 et
943 4191 1147 4257 execranda.
1250 4191 1372 4282 plexae
1393 4189 1482 4268 sint,
1513 4209 1559 4254 ue
1581 4209 1718 4256 causam
1744 4186 1890 4278 quidem
1912 4207 1986 4256 esse
2009 4187 2245 4268 arbitrantur,

309 4291 377 4362 Sed
396 4291 474 4360 aliis
483 4291 694 4383 quibusdam
705 4291 765 4382 qui
782 4289 933 4379 ingeniis
950 4305 985 4360 et
998 4291 1198 4360 eruditione
1250 4315 1314 4362 cur
1326 4287 1463 4360 Ebraea
1481 4289 1601 4376 liugua
1618 4288 1847 4358 desideretur.

207 4394 401 4478 excellunt,
433 4407 466 4462 et
486 4391 693 4482 elegantiam
717 4393 957 4461 doctrinarum
980 4417 1020 4461 ac
1041 4391 1197 4463 suavita·
1349 4388 1427 4463 Etsi
1449 4403 1566 4461 autem
1588 4391 1757 4460 usitatum
1773 4401 1826 4459 cst
1850 4387 1887 4456 in
1903 4387 2092 4458 collatione
2106 4390 2244 4459 doctri-

206 4511 278 4568 tem
295 4509 432 4581 amant,
458 4494 602 4563 difficile
617 4508 668 4564 est
687 4496 918 4586 respondere,
945 4495 1004 4587 qui
1020 4517 1040 4563 a
1055 4494 1198 4584 linguae
1249 4517 1376 4564 narum
1394 4493 1481 4562 alias
1506 4489 1656 4560 aliarum
1681 4490 1929 4561 extenuatione
1947 4511 2091 4579 augere:
2121 4503 2242 4560 tamen

205 4594 377 4670 Ebraicae
396 4597 522 4668 studiis
537 4597 668 4666 multos
682 4597 860 4666 deterrent
874 4597 1054 4666 mentione
1069 4597 1197 4666 barba-
1248 4598 1332 4691 quia
1355 4595 1488 4666 iustum
1512 4606 1564 4662 est
1583 4613 1686 4662 strum
1708 4591 2028 4684 cuiquetrihuerc,
2049 4605 2083 4663 et
2100 4615 2167 4682 ego
2183 4594 2242 4662 iu·
2338 4673 2339 4696 ,

206 4701 284 4775 rici.
309 4700 411 4770 aiunt
430 4699 588 4788 linguam
613 4693 796 4767 horridam
819 4722 908 4779 esse,
935 4698 1198 4790 etpeneamis-
1248 4721 1361 4788 geuue
1380 4693 1526 4766 caeteris
1549 4693 1680 4784 linguis
1703 4715 1806 4763 strum
1820 4695 1927 4762 decus
1941 4691 2117 4778 tribuam,
2142 4709 2179 4765 et
2196 4695 2241 4764 ab
2338 4699 2339 4786 j

207 4826 298 4874 sam:
326 4827 390 4871 uec
407 4801 518 4872 multo
542 4797 670 4869 certius
691 4824 767 4868 eam
791 4799 924 4892 percipi
946 4823 1065 4892 posse,
1087 4823 1196 4894 quam
1248 4801 1321 4870 illis
1335 4797 1733 4888 elegantibusetdoctis
1755 4789 1964 4864 hominihus
1978 4807 2080 4885 peto,
2105 4808 2147 4866 ut
2161 4821 2242 4866 mo-
2338 4829 2339 4862 a

205 4905 235 4976 si
249 4929 345 4974 ntruc
361 4904 511 4974 velimus
528 4897 785 4996 Aegyptiorum
814 4897 1096 4996 hieroglyphicas
1116 4901 1196 4972 lite-
1248 4903 1427 4973 numentis
1442 4897 1591 4970 Ebracis
1611 4899 1716 4968 etiam
1740 4919 1843 4966 snum
1868 4897 1987 4966 locum
2006 4898 2153 4966 concedi
2178 4923 2240 4988 pa-

205 5030 262 5078 ras
286 5005 524 5097 interpretari.
582 4999 721 5073 Deinde
746 5027 802 5073 res
825 5005 1026 5076 anteferunt
1051 5001 1196 5074 Graecis
1248 5005 1392 5076 tiantur.
1450 4999 1660 5085 Adsentior,
1692 4993 1961 5089 Philosophiam
1982 4997 2119 5086 integre
2141 5021 2240 5070 cour-

206 5108 385 5179 etLatiuis
401 5107 512 5177 literis
527 5105 680 5177 traditas.
714 5099 855 5175 Etdum
872 5101 979 5176 huius
993 5105 1196 5176 barbaricae
1247 5101 1458 5198 prehensam
1488 5125 1562 5172 esse
1596 5100 1745 5172 Graecis
1777 5100 1905 5183 literis,
1935 5113 1970 5170 et
1996 5093 2240 5191 historiarum,

205 5211 347 5298 liuguae
370 5211 493 5279 sibilos
510 5233 550 5279 ac
573 5208 743 5278 stridores
764 5221 945 5304 utcunque
969 5208 1101 5278 imitari
1121 5223 1196 5277 stu-
1248 5213 1467 5298 podmatum,
1492 5217 1526 5274 et
1542 5215 1726 5273 oratorum
1741 5199 1960 5298 Graecorum
1982 5199 2133 5272 lectione
2147 5197 2239 5271 nihil

207 5312 350 5394 demus,
382 5311 411 5378 si
435 5325 554 5379 tamen
580 5311 711 5379 imitari
734 5309 919 5403 quisquam
947 5323 1078 5402 potest,
1108 5311 1195 5377 dnm
1247 5309 1388 5379 dulcius
1405 5329 1495 5393 esse,
1526 5317 1559 5376 rt
1575 5308 1618 5375 ad
1634 5305 1823 5394 regendam
1839 5305 1949 5372 vitam
1964 5299 2239 5390 civilemuesem-

206 5405 350 5504 phrases
379 5411 611 5480 alienissimas
640 5435 660 5480 a
688 5408 824 5480 Graeca
855 5425 889 5482 et
917 5409 1044 5481 Latina
1075 5409 1197 5500 lingua
1248 5412 1306 5504 pla
1330 5409 1481 5481 illustris
1505 5419 1540 5479 ct
1561 5407 1647 5480 setis
1669 5407 1781 5478 multa
1809 5405 1848 5474 in
1871 5402 2017 5476 Graecis
2045 5418 2079 5476 et
2101 5403 2238 5477 Latinis
