4616 5816
83 239 214 400 sa
412 381 417 388 ,
552 269 1675 367 uncuonrurnrraroueorrouur.‘
1763 359 1841 382 „
2018 285 2093 364 sn

79 465 300 564 potentissimi
313 461 446 557 Reges,
471 477 512 536 ut
526 462 710 546 Roboam,
735 457 1052 548 Nabuchdonosor‚
1153 461 1207 527 Ad
1225 454 1392 540 summam,
1417 465 1533 544 sepiens
1548 483 1609 525 nno
1626 468 1727 527 minor
1741 471 1785 527 est
1796 459 1886 545 lore,
1912 465 2013 545 dives,

78 571 161 642 elabi
175 591 300 640 manus
311 563 380 638 Dei
394 568 546 641 viventis
568 590 642 637 non
659 578 870 657 potuerunt,
896 587 970 633 non
988 575 1050 647 est,
1152 563 1263 646 Liber,
1287 567 1469 644 honoratus,
1495 565 1638 646 pulcher,
1663 589 1717 628 rex
1732 567 1859 654 denique
1875 591 1996 652 regum,

77 688 112 744 ut
131 671 239 741 nostri
261 669 503 756 admirentur,
536 691 573 738 se
592 681 664 739 lam
682 667 746 736 diu
763 665 909 758 impune
930 664 1052 737 tulisse
1152 669 1315 753 Praecipue
1330 689 1436 754 sarius,
1461 671 1520 729 nisi
1534 689 1602 728 cum
1618 672 1727 750 pituita
1741 673 1867 733 moleste
1883 688 1936 733 est.
1981 661 1984 679 '

77 770 230 852 iniurias,
262 795 343 841 cum
363 769 459 844 Deus
482 769 568 840 velit
588 791 690 861 saepe
706 768 952 858 impunitatem
979 787 1052 836 esse
1102 763 1173 837 Sed
1203 779 1299 835 taceo
1331 758 1630 853 Philosophorum
1653 765 1860 835 stulticiam:
1896 765 2091 859 lmperato·

77 874 343 958 diuturniorem,
366 887 408 945 ut
424 871 566 964 gravius
580 895 622 941 ex
637 893 757 940 rerum
779 867 1052 939 commutatione
1102 885 1314 936 rumveram
1332 865 1538 958 sapientiam
1561 867 1672 935 miror
1688 879 1722 935 et
1738 867 1919 956 praedico,
1943 869 2006 963 qui
2022 895 2089 941 no-

77 976 209 1046 doleant
223 973 336 1066 impii.
386 973 460 1044 Nos
476 974 612 1066 itaque,
635 973 729 1066 quod
750 993 824 1040 non
840 971 1053 1060 ignoremus,
1102 969 1196 1038 ticiis
1210 971 1253 1037 de
1267 965 1343 1037 Deo
1356 967 1537 1038 mentibus
1559 967 1736 1059 impressis
1752 964 1944 1054 admoniti,
1972 967 2091 1042 homi·
2121 1011 2123 1016 ·

77 1077 259 1168 plurimum
294 1075 334 1143 in
369 1074 533 1146 extremis
572 1073 740 1167 periculis
773 1072 925 1142 valuisse
957 1071 1050 1161 apud
1103 1094 1164 1139 nes
1196 1069 1521 1140 animadverterunt
1548 1083 1646 1138 natos
1678 1091 1750 1138 esse
1778 1071 1822 1138 ad
1853 1071 2089 1161 cognitionem
2171 1138 2176 1158 ,

75 1175 180 1249 Deum
199 1176 434 1246 maximorum
457 1173 614 1266 Regum,
640 1187 679 1245 ut
703 1173 868 1258 Davidis,
889 1171 1053 1243 Salomo-
1103 1171 1186 1254 Dei,
1213 1185 1266 1251 et,
1293 1172 1389 1264 quod
1413 1171 1452 1238 in
1474 1169 1580 1240 coelis
1602 1183 1732 1240 canunt
1757 1169 1904 1261 Angeli,
1927 1173 2091 1247 interris

77 1280 141 1358 nis,
165 1277 438 1368 poenitentiam,
463 1277 641 1367 singulare
655 1275 811 1346 studium
828 1295 907 1364 erga
926 1275 1053 1342 iuvan-
1103 1275 1147 1342 ab
1165 1268 1370 1341 bominibus
1385 1271 1578 1342 rectissime
1595 1272 1747 1353 cantari,
1775 1270 1902 1344 Gloria
1917 1274 1956 1343 iu
1977 1279 2091 1347 excel-

78 1381 149 1448 dam
171 1381 440 1472 ornandamque
470 1375 604 1448 Christi
628 1373 840 1461 Ecclesiam,
874 1398 1053 1466 speramus
1103 1375 1150 1445 sis
1178 1369 1266 1448 Deo.
1324 1371 1414 1444 Cum
1439 1373 1535 1441 euim
1565 1373 1609 1442 ad
1633 1374 1830 1454 doctrinam
1851 1376 2032 1465 religionis
2057 1393 2092 1449 et

77 1495 107 1550 te
119 1503 255 1571 quoque
277 1481 315 1548 in
338 1474 395 1548 his
410 1480 519 1549 tantis
541 1477 808 1548 difficultatibus
820 1476 989 1566 singulari
1006 1475 1052 1546 ti·
1103 1479 1147 1544 ad
1169 1475 1318 1563 gloriam
1338 1469 1472 1544 Christi
1493 1473 1686 1566 plurimum
1708 1469 1847 1544 scholae
1864 1479 2092 1569 pertinerent,

16 1619 18 1634 ·
77 1603 165 1648 more
179 1577 245 1650 Dei
273 1595 308 1650 et
332 1605 453 1651 amore
467 1575 650 1669 Evangelii
673 1580 834 1649 futurum
848 1577 953 1648 nobis
968 1577 1053 1646 sub-
1106 1575 1294 1647 voluerunt
1308 1571 1375 1644 hos
1388 1575 1510 1646 titulos
1523 1577 1652 1645 artium
1667 1577 1867 1646 liberalium
1886 1595 2093 1652 ornamenta

78 1681 157 1750 sidio
182 1703 273 1766 esse,
306 1705 412 1775 quarn
439 1669 512 1752 rem
541 1681 748 1752 iamdudum
777 1681 881 1750 nobis
904 1681 1054 1748 demon·
1105 1701 1197 1764 esse,
1232 1693 1267 1748 et
1297 1678 1425 1767 gradus
1448 1677 1646 1746 officiorum
1676 1675 1923 1768 imperatores,
1957 1705 2092 1774 nequa·
2120 1674 2124 1683 ’

79 1795 180 1852 strant
194 1777 432 1853 honestissimi
455 1784 509 1853 tui
526 1797 691 1866 conatus,
716 1779 844 1874 quibus
870 1782 908 1850 in
926 1781 1056 1848 libera·
1105 1803 1212 1875 quam
1237 1803 1321 1850 vero
1344 1779 1480 1870 magnis
1502 1777 1630 1870 opibus
1646 1780 1909 1870 comparandis,
1933 1796 1994 1852 aut
2008 1784 2094 1855 reti-

79 1883 281 1953 lissimarum
309 1865 439 1954 artium
470 1885 596 1955 studiis
625 1883 794 1968 versaris,
832 1906 1056 1976 nequaquam
1105 1882 1233 1950 nendis
1247 1882 1439 1951 destinatos
1454 1903 1545 1966 esse,
1570 1893 1610 1950 ut
1625 1880 1722 1970 vulgi
1743 1896 1794 1952 est
1808 1881 1949 1972 opinio,
1973 1908 2038 1953 nec
2053 1885 2092 1955 in

80 1985 290 2072 neglecturus
325 1987 548 2056 autoritatem
574 1983 800 2076 Imperatoris
823 1981 971 2054 Ottouis
995 2007 1057 2051 ve·
1108 1979 1163 2052 his
1179 1979 1378 2051 honoribus
1401 1981 1568 2060 ultimum
1590 1983 1725 2051 bonum
1748 1983 1892 2074 reponi,
1917 1979 2094 2056 utPhilo-

80 2085 144 2157 stri.
194 2083 298 2174 Quae
320 2087 464 2179 quidem
486 2111 542 2156 res
564 2085 602 2154 in
624 2107 725 2156 causo
752 2087 855 2154 etiam
878 2085 964 2168 luit,
995 2108 1058 2153 cur
1107 2080 1210 2176 sophi
1232 2097 1315 2152 sunt
1344 2082 1491 2173 opinati.
1551 2078 1599 2152 lit
1622 2092 1672 2152 est
1699 2084 1855 2174 profecto
1874 2109 2095 2176 pernecessa-

79 2185 136 2254 tlbi
159 2179 380 2276 potissimum
402 2183 494 2256 hanc
516 2211 629 2256 meam
646 2185 843 2256 orationem
860 2187 904 2255 de
921 2181 1057 2255 Ottone
1107 2187 1200 2255 dnm
1232 2185 1378 2255 retineri
1408 2183 1447 2252 in
1478 2177 1645 2252 Ecclesiis
1680 2185 1842 2254 ordinem
1875 2188 2094 2266 docentium:

81 2287 232 2376 scriptam
256 2287 640 2372 dedicarevolnerim,
667 2299 705 2358 ut
719 2287 773 2355 illi
793 2311 897 2380 quem
913 2301 1058 2378 propter
1107 2282 1175 2356 boc
1190 2286 1285 2356 enim
1308 2285 1465 2374 neglecto
1494 2307 1632 2353 necesse
1649 2299 1701 2354 est
1722 2285 1913 2376 plurimum
1930 2289 2098 2360 dissidio·

81 2387 218 2456 similem
243 2389 411 2459 virtutem
432 2390 471 2458 in
493 2385 630 2460 Ottone
645 2389 847 2459 monstratis
862 2389 1056 2457 multorum
1107 2411 1187 2456 rum
1212 2387 1297 2456 oriri
1321 2387 1358 2453 in
1382 2382 1568 2466 Ecclesiis,
1602 2389 1695 2478 quod
1722 2389 1910 2458 concordia
1933 2412 2097 2460 essenon
2191 2421 2192 2424 ¹

80 2489 279 2559 existimatio
305 2489 479 2562 inlocum
502 2490 676 2561 maiorum
692 2503 835 2560 tuorum
856 2490 902 2559 sit
916 2491 1059 2558 restitu-
1109 2489 1236 2582 possit,
1259 2487 1322 2556 ubi
1338 2488 1431 2556 docti
1446 2502 1481 2556 et
1503 2487 1638 2556 indocti
1663 2488 1850 2558 autoritate
1875 2505 1957 2560 sunt
1982 2515 2098 2582 pares.

81 2603 159 2659 tura.
208 2589 290 2660 Hoc
305 2590 430 2682 igitur,
455 2592 486 2660 si
503 2591 708 2662 intellexero
724 2615 798 2660 non
813 2591 920 2660 sitisse
942 2591 1060 2658 omni*-
1109 2591 1189 2680 Qua
1212 2591 1257 2658 de
1282 2611 1385 2658 causa
1406 2611 1485 2657 cum
1509 2581 1548 2656 hi
1571 2588 1705 2678 publici
1722 2589 1897 2659 bonarum
1916 2591 2097 2662 literarum
2152 2657 2159 2670 ,

81 2795 299 2882 quamobrem
322 2792 398 2885 ipse
421 2789 509 2861 mibi
534 2795 679 2863 debeam
696 2817 771 2862 non
787 2793 964 2863 immerito
981 2816 1061 2883 gra·
1111 2793 1203 2862 cebit
1225 2803 1369 2884 propter
1391 2790 1612 2860 autoritatem
1634 2790 1880 2881 Magistratus,
1906 2815 1966 2864 seu
1984 2795 2099 2864 divini

80 2892 192 2978 tulari,
224 2907 269 2964 ut
287 2893 333 2963 ab
355 2895 420 2962 illo
443 2895 665 2980 factumest,
697 2895 754 2964 cui
777 2891 854 2965 Rex
870 2893 1061 2964 Persarum
1110 2891 1285 2978 mandati,
1315 2887 1401 2961 hacc
1422 2903 1629 2961 ornamenta
1650 2895 1833 2962 doctorum
1865 2894 2024 2964 virorum
2053 2899 2098 2966 ab

81 2989 279 3064 Artaxerxes
295 3017 449 3080 memor,
473 2997 568 3088 quod
584 2996 709 3086 ingens
722 2997 901 3088 quoddam
917 3019 1061 3088 pomum
1111 2995 1277 3064 omuibus
1300 2993 1404 3064 bonis
1426 2993 1571 3062 maximi
1598 2993 1685 3067 lieri.
1737 2993 1776 3066 si
1799 2995 1879 3086 quis
1902 3011 2100 3082 estautem,
2186 3051 2188 3054 .

81 3093 119 3160 ab
139 3117 177 3163 eo
195 3097 369 3165 donatum
392 3097 594 3188 accepisset,
620 3119 684 3188 per
704 3093 842 3181 Solem,
867 3097 1062 3189 respondit,
1113 3097 1174 3190 qui
1190 3107 1260 3165 tam
1277 3095 1372 3184 gravi
1385 3117 1486 3164 causa
1502 3117 1575 3164 non
1586 3109 1749 3166 movetur
1762 3097 1804 3163 ad
1820 3095 2101 3168 amandasscho-

81 3205 115 3261 tu
129 3195 256 3264 videris
273 3195 302 3264 is
318 3217 412 3281 esse,
436 3197 498 3288 qui
513 3221 554 3266 ex
570 3221 676 3287 parva
686 3197 790 3266 etiam
800 3200 887 3268 urbe
897 3219 1061 3287 magnam
1112 3199 1183 3282 las,
1215 3210 1249 3266 et
1272 3195 1571 3286 magnifaciendos
1598 3190 1663 3266 bos
1687 3191 1944 3288 pulcherrimos
1969 3202 2101 3270 docen-

82 3295 185 3383 possis
207 3297 365 3382 efficere,
391 3298 551 3366 animum
565 3298 746 3384 videlicet,
772 3323 791 3368 a
814 3323 884 3392 quo
899 3301 1063 3382 dabatur,
1110 3300 1201 3368 tium
1218 3301 1346 3386 gradus
1360 3298 1398 3364 iu
1414 3291 1592 3381 Ecclesia,
1618 3291 1701 3367 huic
1717 3301 1932 3388 respondeo:

82 3397 179 3484 magis
202 3401 434 3488 spectandum
457 3413 574 3483 ratus,
599 3423 706 3492 quam
730 3403 825 3492 quod
848 3399 1062 3470 offerebatur
1213 3403 1308 3468 Natus
1322 3402 1549 3486 esescopults,
1574 3410 1704 3467 nutritus
1718 3409 1792 3467 tacte
1808 3407 1923 3486 lerino,

83 3519 210 3572 munus.
273 3496 370 3568 ldem
392 3499 422 3568 si
443 3494 535 3567 milti
557 3499 626 3568 iam
645 3501 684 3568 in
703 3514 738 3570 te
755 3501 938 3583 acciderit,
964 3514 1061 3571 lanio
1263 3504 1303 3568 Et
1317 3507 1414 3568 dicem
1429 3509 1525 3568 silices
1540 3521 1642 3588 peetus
1657 3507 1764 3568 bebere
1779 3521 1876 3574 tuum.

83 3618 116 3664 ea
129 3621 180 3668 res
194 3601 323 3668 dutum
349 3613 401 3670 est
424 3599 559 3690 gratior
578 3597 686 3684 mihi,
711 3613 844 3694 quanto
859 3603 1062 3673 minusate
1111 3595 1202 3670 Cum
1237 3615 1353 3670 eutem
1388 3602 1432 3670 sit
1466 3597 1533 3670 hoc
1559 3603 1824 3672 consuetudinis
1860 3599 1966 3672 huius
1997 3599 2101 3674 scho-

84 3690 142 3767 hoc
156 3724 288 3770 munus
304 3715 465 3773 nostrum
483 3701 591 3772 luerit
607 3702 797 3776 exclusum.
848 3701 949 3778 Vale.
1113 3703 1185 3788 lae,
1209 3715 1268 3788 ut,
1292 3703 1349 3772 vel
1364 3703 1407 3772 de
1421 3703 1549 3773 artium
1564 3703 1690 3772 studiis
1700 3699 1766 3773 hoc
1780 3717 1937 3796 tempore
1952 3703 2101 3792 dicatur,

161 3869 169 3886 ,
402 3821 406 3827 ’
712 3871 720 3890 ,
1113 3804 1170 3873 vel
1194 3803 1384 3874 'clarissimi
1412 3804 1561 3874 alicuius
1584 3800 1810 3896 Philosophi,
1844 3819 1904 3888 aut
1925 3804 2101 3898 Principis
2160 3845 2163 3856 ·

105 3863 385 3962 Wm‘nb‘lgi‘·
410 3868 751 3948 X111·N⁰V²¹¹¹b²¹³·
774 3869 960 3944 MD‘XL·
1112 3899 1261 3977 historia
1283 3921 1520 3999 proponatur,
1546 3906 1656 3995 delegi
1682 3909 1725 3976 ad
1745 3908 1992 3996 praestandum
2011 3908 2103 3978 illud

1114 4007 1285 4094 officium,
1311 4011 1404 4102 quod
1424 4003 1491 4077 hoc
1512 4009 1549 4076 in
1568 4009 1644 4076 loco
1665 4009 1814 4098 publicis
1829 4007 1965 4097 legibus
1980 4009 2103 4094 debeo,

1114 4102 1297 4176 historiam
1330 4111 1507 4202 quandam
1538 4109 1685 4178 Ottonis
1718 4109 1845 4199 primi,
1877 4109 2102 4200 imperatoris
2128 4137 2130 4148 “

1115 4206 1275 4278 Saxonis.
1337 4207 1416 4281 Etsi
1448 4211 1543 4279 euim
1575 4223 1665 4280 artes
1696 4204 1949 4300 Philosophiae
1978 4213 2102 4301 dignas

1114 4308 1327 4396 existimem,
1361 4335 1449 4405 quae
1472 4335 1492 4380 a
1514 4309 1618 4380 nobis
1641 4311 1761 4380 ornari
1783 4335 1939 4403 semper,
1968 4325 2002 4381 et
2015 4314 2101 4384 illu-

88 4390 273 4498 Sapienter
295 4409 340 4479 ab
356 4405 632 4500 imperatoribus
655 4411 816 4484 existimo
832 4414 964 4484 factum
979 4437 1064 4501 esse,
1114 4413 1217 4481 strari
1243 4413 1435 4504 plurimum
1459 4415 1627 4497 deberint,
1661 4428 1778 4484 tamen
1805 4413 1882 4482 iure
1909 4415 2101 4505 vituperari

88 4512 171 4599 qood
190 4523 282 4580 certa
309 4511 450 4581 virtutis
476 4510 627 4600 insignia
651 4515 867 4587 contulerint
884 4517 947 4598 iis,
975 4543 1064 4610 quo·
1115 4535 1270 4603 possem,
1290 4515 1318 4582 si
1329 4515 1422 4583 idem
1436 4529 1680 4604 argumentum
1694 4530 1847 4586 retexere
1862 4539 1965 4585 ansus
1980 4539 2100 4596 essem,

88 4632 158 4676 rum
183 4634 288 4702 opera
310 4635 389 4682 cum
405 4607 562 4702 Respub.
584 4625 659 4680 tum
678 4603 850 4685 Ecclesiae
870 4618 1064 4708 plurimum
1116 4615 1158 4682 de
1175 4639 1245 4708 quo
1263 4615 1393 4685 diserte
1409 4612 1474 4685 hoc
1491 4616 1529 4684 in
1546 4617 1624 4686 loco
1639 4617 1831 4686 doctissimi
1855 4617 1941 4700 viri,
1967 4617 2004 4683 in
2021 4617 2100 4711 qui-

88 4710 194 4780 iuvari
209 4736 310 4802 posse
325 4714 586 4786 intellexerunt.
630 4709 720 4782 Nam
737 4739 894 4788 summae
909 4722 1064 4808 profecto
1116 4716 1181 4785 bus
1196 4718 1341 4808 plus'est
1357 4719 1573 4802 autoritatis,
1596 4718 1770 4789 dixerunt.

89 4812 268 4902 sapientiae
285 4829 354 4900 est,
376 4836 517 4884 cernere
533 4809 695 4884 homines
712 4817 755 4884 ad
774 4842 892 4908 pacem
910 4819 1066 4892 Rerum·
1215 4815 1269 4888 De
1300 4815 1436 4890 Ottone
1464 4843 1565 4904 vero,
1598 4831 1638 4888 ut
1661 4819 1813 4888 dicerem
1838 4814 1907 4888 hoc
1934 4831 2100 4907 tempore,

90 4915 164 4999 pub.
186 4929 291 5008 atque
318 4917 363 4984 ad
392 4915 638 4986 illustrandam
661 4917 809 5006 gloriam
832 4915 966 4992 Christi
993 4946 1065 4992 esse
1117 4913 1644 4992 baecmihiincausafuerunt.
1695 4917 1786 4990 Cum
1805 4921 1960 4990 enimde
1980 4917 2100 4988 Plato-

91 5015 251 5086 tonditos.
301 5015 455 5086 Minime
472 5012 539 5087 boc
561 5018 886 5092 animadverterunt
901 5017 1066 5094 Philoso-
1117 5043 1180 5104 ne,
1206 5023 1250 5091 de
1263 5018 1471 5106 Aristotele,
1497 5023 1541 5090 de
1557 5016 1750 5112 Rodolpho
1761 5017 1943 5110 Agricola,
1969 5017 2099 5090 deAu-

90 5108 162 5201 phi,
181 5117 242 5209 qui
257 5131 374 5187 tamen
389 5119 580 5210 sapientiae
592 5143 723 5188 nomen
735 5145 898 5213 arrogare
912 5125 977 5194 sibi
993 5149 1066 5196 non
1118 5123 1256 5209 gustiuo
1278 5123 1500 5194 ornatissime
1521 5147 1541 5192 a
1557 5117 1647 5192 'viris
1670 5122 1921 5192 excellentibus
1939 5121 1984 5192 sit
1998 5135 2101 5192 antea

92 5229 166 5286 sunt
187 5219 305 5299 veriti,
337 5233 443 5312 atque
474 5220 512 5289 in
539 5219 708 5310 sapientia
736 5217 911 5294 summum
932 5227 1067 5296 bonum
1118 5219 1185 5290 hoc
1202 5225 1240 5292 iu
1263 5227 1340 5296 loco
1366 5227 1617 5310 declamatum,
1642 5225 1772 5314 placuit
1788 5223 1886 5318 sequi
1904 5223 2102 5314 exemplum

92 5317 317 5404 collocarunt,
350 5343 439 5414 quos
462 5336 646 5412 propterea
667 5347 747 5426 'non
771 5325 947 5397 immerito
976 5330 1068 5400 ridet
1119 5325 1402 5397 doctissimorum
1425 5327 1602 5414 virorum,
1627 5326 1778 5418 quosde
1800 5324 1945 5395 summis
1964 5323 2104 5394 Princi-

93 5409 271 5505 Horatius,
297 5445 377 5492 cum
392 5423 459 5492 ait:
1118 5429 1224 5520 pibus
1245 5424 1312 5500 hoc
1334 5429 1372 5498 in
1396 5429 1472 5498 loco
1496 5441 1577 5498 ante
1602 5441 1658 5494 m‘e
1678 5427 1832 5496 dicentes
1862 5451 1935 5497 non
1961 5427 2106 5496 moleste

142 5523 314 5592 Murann-
332 5527 437 5592 Oeru.
452 5525 534 5592 Vos.
550 5524 612 5592 xl.
1405 5583 1406 5588 1
1619 5527 1669 5598 88
