4614 5820
186 241 284 344 ¹ooa

636 249 796 327 osen.
841 245 914 322 ns.
946 219 1406 322 contudcrtonn
1437 237 1816 320 sononanun.

2073 259 2077 268 '
2168 245 2233 318 tot

211 439 349 514 ordinis
362 433 533 526 dignitate
546 427 734 522 quicquam
748 425 919 514 decerpo,
942 443 1071 492 ornare
1084 418 1201 512 potius
1251 431 1372 488 ternae
1388 415 1427 486 in
1442 415 1598 488 tenebris
1619 417 1695 486 sine
1710 411 1841 511 lychno
1863 417 1985 488 nullus
1999 437 2083 488 usus
2099 429 2168 500 est,
2194 419 2237 488 ita
2298 455 2299 462 ι

212 565 335 617 οιιιιιεε
353 540 493 610 studeo:
519 545 554 600 ει
573 526 722 599 ιιιεηιῐηί
742 525 877 595 dictum
893 521 1114 606 Aristotelis,
1139 520 1203 612 qui

212 663 254 718 ut
282 641 452 732 significet
481 633 602 704 multis
631 629 799 718 gradihus
823 641 927 718 atque
953 625 1088 693 artibus
1111 623 1204 692 vitae

213 770 303 842 opus
325 766 415 824 esse,
441 736 574 829 inquit:
600 731 682 801 Non
701 755 741 798 er
759 729 896 796 medico
912 739 946 796 et
962 725 1118 808 medico,
1144 724 1203 792 sed

214 875 257 920 ex
278 845 414 917 medico
438 853 474 908 et
495 835 649 926 agricola
671 833 710 901 fit
732 830 872 913 civitas,
898 829 932 896 id
960 843 1028 910 est,
1054 826 1206 896 coniun-

215 952 280 1024 ctis
302 945 469 1042 pmnibus
492 939 645 1013 artibus,
672 955 758 1026 quas
776 928 871 1000 Deus
895 930 1070 1013 ostendit,
1094 941 1134 997 ut
1151 927 1206 996 vi-

215 1068 270 1124 tae
299 1043 472 1140 praesidia
499 1041 582 1111 sint.
634 1034 807 1123 Magnum
836 1032 985 1101 omnino
1016 1033 1122 1099 alecus
1155 1042 1207 1096 est

216 1175 337 1224 eorum
363 1148 426 1240 qui
450 1143 583 1214 curiam
605 1139 823 1226 gubernant,
849 1157 913 1202 nec
935 1134 1053 1200 minus
1070 1144 1119 1198 est
1138 1130 1207 1197 mi-

217 1258 321 1326 litnm
351 1249 414 1343 qni
443 1244 550 1314 armis
571 1238 749 1331 Rerupub.
775 1249 910 1324 tegunt.
962 1232 1100 1302 Deinde
1124 1255 1208 1302 suus

217 1361 317 1427 locus
340 1366 392 1422 εει
407 1345 588 1438 agricolis,
612 1340 821 1420 artificibus,
846 1338 936 1406 adde
953 1337 1057 1404 etiam
1076 1358 1209 1402 merca-

218 1459 366 1531 toribus.
417 1451 511 1520 Deus
534 1443 647 1514 voluit
667 1437 829 1508 homines
853 1438 948 1506 inter
961 1461 997 1505 se
1014 1431 1079 1504 hae
1094 1435 1209 1502 varie-

219 1575 288 1632 tate
301 1553 498 1627 officiorum
516 1544 696 1616 devinctos
710 1563 794 1612 esse.
846 1539 916 1610 Sed
931 1538 1088 1631 quemad
1101 1537 1208 1603 finem

218 1660 306 1734 haee
334 1677 480 1726 munera
511 1647 630 1718 omnia
652 1643 833 1712 referenda
857 1641 964 1710 suut?
1013 1637 1115 1707 Dicet
1137 1639 1211 1705 for-

220 1763 320 1834 tassis
341 1755 468 1849 aliquis
480 1739 627 1842 Epicuri
651 1748 695 1814 de
720 1765 821 1832 grege
846 1765 984 1832 porcus:
1013 1739 1061 1810 Ut
1083 1740 1121 1806 in
1139 1739 1211 1806 vita

221 1860 414 1954 tranquilla
436 1855 590 1925 suaviter
610 1849 771 1916 fruamur
788 1844 1046 1932 voluptatibus,
1072 1863 1111 1908 ac
1124 1863 1211 1929 pau-

221 1966 321 2036 latim
343 1959 463 2030 nativo
486 1955 602 2024 calore
622 1949 837 2036 deflagrante
860 1945 936 2012 sine
954 1967 1013 2034 spe
1030 1941 1213 2010 immorta-

222 2065 331 2139 litatis
363 2059 501 2152 placide
533 2065 782 2144 putrescemus.
853 2045 948 2114 Haec
981 2066 1064 2111 vero
1100 2040 1214 2110 oratio

222 2171 326 2263 plena
355 2157 588 2252 turpitudinis
616 2176 656 2221 ac
684 2147 823 2218 sceleris
851 2160 913 2216 est.
965 2143 1040 2214 lmo
1065 2145 1144 2212 ideo
1169 2143 1213 2209 ad

224 2271 424 2341 societatem
455 2257 589 2329 conditi
611 2265 693 2322 sunt
718 2247 899 2327 homines,
933 2260 974 2316 ut
995 2245 1035 2312 in
1055 2241 1121 2313 hac
1144 2245 1216 2312 fre-

224 2369 366 2468 quentia
387 2367 501 2433 luceat
523 2356 654 2428 noticia
670 2351 754 2436 Dei,
780 2364 814 2420 et
829 2347 925 2418 Deus
949 2348 1146 2417 celebretur
1162 2359 1215 2414 at-

225 2498 293 2569 que
309 2471 512 2544 invocetur,
536 2473 570 2530 et
588 2457 649 2526 alii
665 2456 709 2524 ab
726 2451 801 2521 aliis
818 2477 855 2519 ea
872 2450 1033 2519 doctrina
1050 2449 1216 2515 imbuan-

223 2592 302 2659 tur,
334 2591 424 2664 quae
449 2565 583 2634 aditum
613 2561 656 2626 ad
686 2570 861 2624 aeternam
891 2551 1064 2620 laeticiam
1094 2561 1127 2616 ει
1149 2545 1217 2615 Dei

225 2667 515 2749 consuetudinem
532 2659 703 2754 patefacit.
756 2653 915 2725 Similem
930 2652 1038 2739 igitur
1053 2646 1144 2718 hanc
1158 2671 1217 2718 so-

226 2781 385 2850 cietatem
406 2765 592 2838 hominum
613 2755 753 2829 scholae
769 2777 841 2823 esse
856 2753 1071 2840 intelligitis,
1095 2753 1217 2843 inqua

227 2884 271 2951 de
285 2876 361 2948 Deo
385 2887 418 2942 et
442 2872 485 2939 de
506 2867 637 2933 virtute
654 2859 839 2950 praecipue
857 2853 1086 2926 commentari
1101 2849 1217 2920 homi-

226 3003 289 3054 nes
305 2987 452 3068 oportet.
503 2965 622 3036 Huius
638 2977 756 3031 coetus
771 2957 949 3026 domicilia
966 2969 1048 3024 sunt
1062 2951 1219 3045 politiae.

184 3123 186 3126 ·
228 3082 276 3155 Et
297 3077 380 3149 huie
404 3089 541 3143 summo
558 3065 677 3156 operi,
704 3062 835 3129 scilicet
851 3057 1032 3126 doctrinae
1048 3075 1219 3146 propaga-

228 3183 319 3256 tioni
342 3177 472 3248 servire
495 3169 645 3240 curiam:
673 3167 796 3246 duces,
823 3161 1011 3240 exercitus,
1037 3156 1219 3246 agricolas,

229 3285 389 3379 opifices,
415 3273 567 3366 deniqne
582 3289 704 3338 omnes
720 3267 811 3335 vitae
825 3263 953 3351 gradus
970 3259 1220 3328 existimemus.

229 3387 304 3459 Cur
317 3381 433 3454 David
458 3376 550 3446 bella
574 3370 660 3440 foris
685 3368 844 3456 gerelnrt,
872 3387 945 3431 non
970 3361 1068 3431 utin
1094 3361 1220 3428 urbem

230 3479 456 3576 triumphans
493 3479 537 3545 ab
577 3465 771 3561 elephantis
807 3461 1049 3534 inveheretur:
1091 3462 1151 3528 sed
1181 3473 1222 3528 nt

230 3589 330 3686 pueri
353 3600 387 3654 ει
408 3580 546 3675 puellae
566 3573 683 3654 domi,
716 3568 926 3658 intemplo,
952 3566 989 3633 in
1010 3559 1142 3632 scholis
1165 3561 1222 3630 di-

232 3703 367 3765 scerent
386 3687 526 3764 literas,
553 3679 710 3765 legerent
730 3669 899 3764 Moysen,
931 3666 1096 3736 audirent
1109 3663 1223 3732 inter-

232 3807 346 3888 pretes
371 3787 456 3876 legis
478 3793 512 3852 ει
534 3774 831 3868 promissionum,
863 3771 901 3838 in
924 3769 1054 3861 quihus
1075 3789 1111 3834 se
1126 3761 1223 3834 Deus

1253 523 1359 592 urbes
1381 519 1533 590 extincta
1555 518 1736 608 agnitione
1758 516 1845 598 Dei,
1879 531 1916 588 et
1937 543 2053 589 renam
2071 519 2237 590 bonarum

1254 621 1435 704 doctrina‘,
1461 620 1606 690 inutiles
1616 621 1728 690 moles
1741 641 1824 694 esse.
1877 618 2075 692 Fatendum
2092 635 2142 690 est
2155 644 2240 711 ergo,

1255 721 1428 796 Ecclesiae
1443 745 1484 792 ac
1507 735 1627 792 coctus
1649 745 1722 792 esse
1737 736 1917 814 oportere,
1944 725 2006 816 qui
2027 719 2144 792 Deuni
2159 726 2239 792 cele·
2298 795 2299 806 ,

1257 829 1381 908 brent‚
1406 823 1468 916 qui
1489 824 1688 893 doctrinam
1714 827 1757 894 de
1783 825 1859 894 eius
1874 839 2003 894 natura
2019 839 2052 894 ει
2068 825 2239 894 voluntate
2298 809 2299 892 i

1257 928 1387 1019 passim
1411 939 1593 1017 spargant:
1629 921 1698 994 boc
1721 949 1825 994 nemo
1847 941 1986 1016 praeter
2000 924 2170 1019 Cyclopes
2185 950 2241 994 ne-

1257 1053 1338 1119 gare
1355 1027 1511 1098 audebit.
1565 1024 1702 1096 Deinde
1729 1027 1794 1096 etsi
1818 1028 1922 1096 multi
1938 1028 2158 1112 existimant,
2184 1023 2241 1096 ho-

1259 1131 1372 1200 mines
1396 1129 1473 1198 sine
1495 1129 1626 1210 literis,
1660 1141 1787 1199 nactura
1810 1130 1917 1214 duce,
1949 1131 2169 1198 voluntatem
2184 1129 2242 1198 Dei

1260 1253 1402 1302 cernere
1419 1254 1536 1322 posse:
1563 1245 1678 1299 tamen
1693 1255 1758 1300 nos
1773 1231 1811 1298 in
1825 1227 1981 1300 Ecclesia
1998 1231 2129 1300 scimus
2139 1229 2242 1300 Deum

1261 1336 1432 1402 immensa
1456 1331 1615 1401 bonitate
1641 1355 1714 1400 sese
1733 1331 1933 1422 patefecisse
1948 1333 2069 1423 generi
2085 1327 2244 1414 humano,

1262 1433 1365 1505 certis
1380 1448 1413 1502 et
1428 1432 1626 1504 illustribus
1640 1433 1869 1518 testimoniis,
1895 1449 1934 1504 nt
1947 1457 2111 1503 arcanam
2128 1436 2244 1504 volun-

1262 1551 1368 1608 tatem
1395 1535 1439 1603 de
1462 1549 1583 1606 nostra
1607 1535 1718 1604 salute
1743 1535 1848 1604 nobis
1868 1536 2073 1606 declararet.
2128 1534 2244 1626 Legem

1263 1641 1307 1707 de
1329 1637 1427 1706 coelo
1448 1636 1586 1716 sonuit,
1612 1637 1708 1705 misit
1731 1637 1863 1722 filium,
1889 1652 1924 1707 ει
1942 1639 2082 1707 addidit
2100 1640 2246 1710 testimo-

1265 1741 1343 1822 nia,
1374 1738 1675 1807 resuscitationem
1698 1751 1941 1823 mortuorum,
1984 1753 2018 1810 et
2050 1741 2123 1808 alia
2158 1743 2247 1825 facta,

1265 1863 1355 1934 quae
1380 1841 1562 1908 constabat
1588 1839 1698 1908 solius
1723 1837 1788 1908 Dei
1813 1863 1919 1930 opera
1945 1863 2028 1913 esse.
2085 1840 2188 1911 lussit
2219 1858 2247 1912 ει

1265 1944 1357 2011 clara
1382 1963 1467 2008 voce
1487 1940 1604 2010 audiri
1626 1941 1755 2020 filium,
1791 1942 1971 2034 inquiens:
2004 1940 2074 2010 Hic
2099 1959 2151 2012 est
2166 1945 2248 2012 filius

1268 2067 1365 2112 meus
1379 2043 1546 2124 dilectus,
1575 2036 1671 2110 hune
1693 2043 1823 2115 audite.
1876 2041 1996 2131 Quare
2010 2045 2175 2114 doctriua
2195 2071 2248 2114 nc-

1267 2145 1412 2214 cessaria
1437 2141 1634 2227 Ecclesiae,
1668 2168 1741 2212 non
1768 2159 1817 2213 est
1841 2146 2012 2235 sapientia
2040 2143 2248 2238 deprehensa

1268 2241 1508 2316 humanorum
1524 2245 1750 2334 ingeniorum
1767 2247 1968 2332 sagacitate,
1996 2251 2056 2316 sed
2074 2263 2248 2318 estarcana

1268 2349 1440 2418 sententia
1456 2343 1523 2416 Dei
1540 2349 1674 2436 prolata
1689 2371 1751 2436 per
1768 2347 1880 2420 filium
1897 2373 1937 2416 ex
1950 2348 2030 2417 sinu
2045 2353 2180 2420 aeterni
2191 2351 2249 2421 Pa-

1269 2450 1349 2532 tris,
1375 2471 1480 2540 quam
1504 2445 1600 2516 Deus
1623 2448 1738 2517 statim
1764 2447 1868 2518 initio
1890 2453 2051 2520 mandari
2069 2453 2182 2521 literis
2196 2479 2249 2521 vo-

1271 2551 1354 2632 luit,
1379 2563 1420 2618 ut
1443 2549 1610 2620 omnibns
1631 2550 1802 2619 aetatibus
1823 2551 1992 2620 memoria
2018 2554 2096 2624 eius
2120 2579 2250 2625 conser-

1270 2651 1345 2720 vari
1375 2663 1502 2744 posset.
1562 2649 1734 2740 Magutrm
1764 2665 1797 2719 ει
1825 2651 2074 2722 admirandum
2101 2681 2188 2747 opus
2208 2673 2250 2726 est

1271 2777 1389 2822 rerum
1409 2751 1550 2825 creatio.
1602 2753 1671 2822 Sed
1688 2777 1761 2820 raon
1779 2753 1894 2820 minus
1909 2755 2141 2842 beneficium,
2167 2763 2249 2851 quod

1271 2877 1344 2924 sese
1370 2854 1549 2945 patefecit,
1584 2855 1717 2944 prodiit
1747 2857 1792 2922 ad
1820 2849 2001 2940 homines,
2041 2859 2251 2930 familiariter

1271 2955 1456 3024 nobiscnm
1473 2955 1669 3024 collocutus
1692 2969 1764 3040 est,
1789 2969 1828 3024 ut
1847 2957 1949 3025 adfici
1968 2979 2004 3025 se
2024 2983 2109 3028 eura
2128 2963 2251 3051 generis

1272 3055 1417 3127 humani
1436 3059 1647 3127 ostenderet.
1701 3055 1850 3126 Moveor
1873 3059 2054 3150 equidem,
2082 3077 2122 3133 ut
2141 3067 2182 3132 de
2198 3067 2252 3133 ho-

1272 3159 1382 3228 nitate
1405 3155 1472 3225 Dei
1491 3159 1666 3251 cogitem,
1700 3183 1779 3227 cum
1806 3181 1923 3226 rertrru
1948 3175 2112 3230 naturam
2137 3166 2251 3234 distin-

1273 3276 1365 3331 ctam
1379 3259 1534 3326 mirabili
1549 3261 1735 3342 varietate,
1762 3273 1795 3328 ει
1814 3262 1858 3326 ad
1875 3277 1957 3328 ιιειιε
1971 3277 2113 3334 nostros
2128 3289 2252 3334 accom-

1273 3364 1450 3430 modatam
1474 3361 1679 3429 considero:
1713 3362 1772 3428 sed
1798 3361 1911 3430 multo
1930 3359 2171 3436 vehementius
2188 3393 2252 3435 rno-

1275 3487 1374 3542 veor‚
1412 3462 1549 3552 quoties
1573 3463 1687 3552 cogito
1712 3461 1777 3531 Dei
1800 3463 1977 3554 colloquia
2000 3489 2081 3536 cum
2101 3465 2251 3536 Patribus

1274 3581 1308 3634 et
1321 3557 1527 3653 Prophetis,
1554 3577 1588 3632 et
1602 3559 1693 3632 hanc
1708 3563 1916 3632 familiarem
1925 3561 2061 3636 Christi
2077 3585 2253 3638 consuctu-

1274 3667 1395 3736 dinem
1422 3684 1501 3732 cum
1533 3664 1699 3734 universo
1730 3665 1879 3756 populo,
1914 3679 1948 3734 et
1972 3667 2087 3737 lucem
2113 3669 2252 3760 Spiritus

1275 3765 1386 3837 sancti
1403 3789 1559 3856 sparsam
1581 3768 1624 3833 de
1647 3765 1764 3847 coelo,
1790 3779 1823 3834 et
1842 3767 2020 3858 colloquia
2037 3765 2170 3841 Christi
2187 3786 2251 3864 post

1276 3867 1566 3938 resurrectionem
1590 3891 1670 3935 cum
1691 3867 1825 3936 multis.
1887 3865 1928 3935 ln
1953 3863 2079 3939 harum
2100 3876 2251 3941 maxima·
2298 3875 2299 3956 l

1276 3995 1355 4040 rum
1392 3992 1511 4037 rerum
1545 3969 1755 4056 cogitatione
1778 3968 1925 4036 assidue
1951 3972 2113 4041 omnium
2136 3988 2251 4042 mentes

1277 4072 1407 4140 versari
1426 4073 1605 4138 deberent.
1656 4068 1728 4140 Nec
1745 4093 1826 4137 vero
1843 4070 1993 4156 frustra,
2015 4087 2076 4143 aut
2092 4075 2166 4144 siue
2182 4097 2251 4144 cau·
2298 4099 2299 4168 y

1277 4197 1314 4242 sa
1339 4173 1439 4241 toties
1461 4185 1530 4240 tam
1558 4170 1662 4240 claris
1684 4169 1894 4240 testimoniis
1916 4193 1952 4240 se
1979 4175 2140 4264 patefecit
2160 4175 2251 4245 Dens.
2298 4179 2299 4252 l

234 3891 450 3988 patefecerat.
504 3880 624 3952 Armis
641 3877 800 3944 virorum
817 3869 962 3940 fortium
979 3882 1097 3938 coetus
1114 3865 1168 3934 illi
1185 3867 1224 3932 in
1245 3885 1246 3890 ¹

234 3995 365 4085 templo
379 4005 414 4060 et
428 3982 557 4056 scholis
575 3979 804 4068 tegebantur,
831 3995 876 4040 ne
899 3969 1030 4039 noticia
1046 3964 1114 4038 Dei
1131 3969 1225 4036 iuter

234 4089 397 4169 homines
413 4088 552 4181 penitus
567 4082 838 4168 extingueretur.
889 4069 943 4141 Ac
959 4070 1063 4163 pauci
1078 4069 1224 4162 quidem

236 4201 486 4292 gubernatores
509 4187 553 4256 ad
571 4181 662 4252 hauc
683 4195 810 4248 metam
828 4175 989 4276 tendunt.
1043 4170 1154 4240 lulius
1169 4170 1225 4238 di.

237 4301 361 4380 micat,
394 4317 439 4361 ne
462 4291 507 4362 ab
526 4285 659 4355 invidis
682 4279 853 4370 dignitate
870 4275 1056 4366 spolietur.
1107 4272 1225 4343 Auto-
1276 4274 1359 4345 Non
1373 4273 1611 4342 existimemus
1624 4267 1710 4341 haec
1725 4271 1846 4340 inania
1863 4267 2064 4362 phasmata,
2090 4293 2149 4348 aot
2166 4301 2251 4368 prae-

225 4399 318 4473 'nius
348 4407 466 4464 movet
491 4389 600 4470 bella,
642 4397 679 4453 ut
708 4385 751 4450 de
782 4380 899 4448 alieno
926 4373 1079 4444 helluari
1105 4373 1225 4462 possit.
1279 4375 1414 4464 stigias,
1437 4387 1498 4443 erit
1516 4373 1620 4444 ludos
1642 4395 1725 4446 esse.
1778 4371 1926 4462 Magnas
1948 4390 1982 4444 et
2004 4378 2110 4447 serias
2126 4403 2177 4448 res
2195 4377 2250 4467 egit

238 4503 307 4578 Sed
332 4500 369 4566 in
394 4489 549 4565 Ecclesia
574 4507 696 4555 omnes
719 4483 909 4574 prudentes
933 4478 1034 4546 illum
1051 4475 1225 4566 optimum
1263 4475 1396 4558 Deus,
1421 4476 1606 4544 ostendere
1627 4475 1741 4544 voluit
1763 4487 1895 4544 severe
1912 4477 2015 4545 adlici
2030 4503 2112 4549 cura
2129 4493 2249 4550 nostrae

237 4608 343 4676 finem
362 4593 560 4691 prospicere
576 4590 696 4664 decet,
722 4581 985 4651 constituendas
1002 4599 1075 4646 esse
1098 4590 1131 4645 et
1147 4599 1226 4644 mn.

237 4705 387 4779 niendas
408 4723 446 4766 ac
462 4692 626 4783 tegendas
643 4685 801 4778 politias,
827 4683 920 4752 utin
945 4681 995 4750 eis
1012 4677 1142 4747 noticia
1159 4673 1228 4747 Dei

154 4851 157 4858 v
238 4815 461 4905 propagetur.
513 4789 689 4863 Adiiciam
711 4785 900 4874 imaginem
922 4779 1079 4852 fortassis
1096 4777 1229 4848 insulse

238 4940 258 4985 a
281 4935 318 4982 re
341 4904 404 4976 vili
428 4909 616 4988 sumptam.
677 4889 748 4960 Sed
766 4904 882 4956 tamen
899 4883 1030 4953 multae
1047 4893 1130 4952 sunt
1145 4901 1229 4971 par-

238 5039 301 5083 vae
324 5004 695 5079 marimarnm''rerum
716 4988 886 5076 imagines
900 4985 1066 5054 illustres.
1116 4980 1229 5072 Saepe

218 5141 222 5150 ’
240 5109 329 5185 mihi
345 5101 513 5198 cogitanti
528 5101 572 5166 de
593 5093 665 5162 vita
689 5090 888 5172 communi,
912 5085 942 5155 si
962 5083 1106 5178 quando
1121 5081 1229 5151 mini.

240 5231 310 5296 ster
325 5225 433 5282 noctu
450 5197 627 5298 praecedit
642 5185 812 5287 lychnum
830 5203 967 5277 gestans
983 5184 1160 5255 inclusum
1176 5183 1229 5252 la-

240 5333 379 5396 ternae,
399 5295 501 5376 'venit
524 5303 561 5372 in
584 5308 738 5366 mentem
765 5291 906 5383 politias
929 5287 1061 5356 similes
1082 5307 1156 5357 esse
1176 5285 1230 5354 la-

241 5433 381 5492 ternae,
410 5404 607 5478 doctrinam
630 5395 815 5465 coelestem
841 5384 983 5484 lychno.
1043 5385 1096 5457 Ac
1120 5398 1161 5456 nt
1177 5387 1230 5456 la-

1280 4577 1414 4650 salutis.
1474 4573 1599 4645 Voluit
1626 4591 1659 4645 et
1681 4599 1762 4645 suae
1785 4576 1880 4656 voci,
1907 4601 1946 4646 ac
1972 4581 2154 4650 doctrinae
2171 4581 2249 4650 testi-

1280 4679 1398 4750 monia
1421 4678 1525 4747 nobis
1545 4679 1704 4762 tradere,
1730 4677 1769 4746 in
1796 4702 1864 4769 qua
1886 4679 2049 4750 coelestia
2075 4707 2209 4753 munera
2222 4695 2249 4749 et

1280 4781 1480 4851 societatem
1499 4801 1581 4849 suae
1605 4778 1836 4850 beatitudinis
1860 4780 1963 4849 nohis
1979 4782 2145 4874 impertit
2191 4781 2250 4851 Nec

1280 4882 1390 4970 magis
1412 4879 1553 4966 Patres,
1586 4875 1800 4972 Prophetas,
1832 4876 2023 4971 Apostolos
2046 4883 2082 4953 in
2102 4887 2169 4954 illis
2180 4883 2249 4974 ipsis

1280 4983 1516 5054 familiaribus
1529 4981 1773 5072 congressibus
1785 4982 2004 5074 acquiescere
2018 4987 2144 5072 voluit,
2162 5008 2250 5078 quan

1281 5085 1320 5154 in
1354 5086 1429 5176 ipsa
1463 5083 1624 5153 doctrina
1651 5083 1738 5154 velit
1771 5106 1894 5152 ornnes
1920 5080 2083 5156 homines
2108 5087 2248 5157 omnium

1281 5199 1433 5257 aetatum
1449 5185 1677 5277 acquiescere.
1710 5181 1759 5256 Ut
1776 5207 1894 5254 coram
1914 5187 2098 5259 manifesto
2113 5186 2249 5258 inlumi-

1281 5311 1326 5358 ne
1353 5287 1443 5356 vidit
1466 5285 1608 5379 Moyses
1623 5283 1757 5370 Deum,
1783 5297 1878 5356 stans
1905 5288 1944 5357 in
1960 5313 2065 5382 rupe:
2091 5291 2138 5360 sic
2153 5304 2248 5360 tecum

1282 5402 1377 5460 certo
1397 5411 1476 5457 eum
1492 5387 1647 5482 colloqui
1661 5388 1769 5473 scias,
1792 5387 1929 5486 quoties
1949 5385 2014 5460 hos
2030 5391 2121 5484 ipsos
2131 5389 2249 5462 libellos
2298 5439 2299 5448 ,
