4688 5826
229 245 306 330 ‘ssa
671 296 677 308 .
785 223 1695 368 arcuna-uuonacantrssarta
1750 191 1859 290 '1'
2084 315 2086 322 ,
2197 233 2277 312 asa

223 403 364 502 ‘metis
391 421 509 498 Part.
536 409 863 492 Metaurenses
898 413 948 488 dc
972 433 1100 486 temore
1126 415 1227 486 aers-
1279 401 1407 486 studiis
1442 397 1649 499 versriutor,
1690 411 1854 485 videlicet
1887 415 1930 486 de
1957 391 2076 483 amore
2105 407 2280 504 recitatis,
2337 433 2338 436 ¹

267 516 384 615 rasse,
418 535 517 597 anno
543 517 602 592 M.
612 521 661 592 u.
672 523 828 592 xxxa.
856 517 918 590 ure
935 518 1049 610 Apelt
1063 521 1191 590 auu.

226 659 440 756 'Nou-soleo
460 672 583 744 odiose
599 692 795 764 repugnare
811 667 950 736 amicis:
985 666 1103 758 itaque
1120 663 1226 732 modo
1282 724 1290 740 ,

234 784 341 856 etiarn
365 777 467 848 lacile
493 798 614 866 passus
635 797 713 842 sum
739 765 830 840 mihi
854 767 1075 861 provinciam
1099 763 1166 835 hoc
1191 765 1229 832 in

235 888 314 958 loco
335 879 479 954 dicendi
502 875 684 959 mandari,
718 873 783 943 etsi
810 871 969 966 plerique
993 869 1053 940 alii
1077 869 1229 956 collegae

235 983 349 1058 nostri
372 983 416 1052 ad
435 981 625 1050 dicendum
643 974 796 1068 aptiores
815 987 908 1042 sunt.
963 970 1032 1044 Sed
1057 996 1135 1040 cum
1156 969 1229 1037 col-

236 1089 324 1179 legis
336 1083 470 1154 nostris
484 1081 638 1150 libenter
660 1102 793 1146 morem
813 1075 919 1166 gessi,
947 1073 1158 1170 quibuscum
1176 1095 1229 1138 vr-

237 1191 328 1264 detis
350 1211 405 1256 me
426 1181 713 1254 coniunctissime
729 1180 864 1262 vivere;
898 1202 977 1246 amo
1001 1175 1095 1244 enim
1114 1198 1172 1244 eos
1190 1197 1230 1241 ex

237 1292 377 1370 animo,
403 1302 437 1358 et
454 1286 536 1380 quia
551 1308 606 1352 me
623 1307 702 1352 curn
721 1283 771 1350 eis
788 1279 946 1371 Respub.
969 1275 1170 1360 coniunxit,
1197 1287 1231 1344 et

119 1423 123 1428 ·
238 1407 381 1488 propter
404 1390 560 1481 ipsorum
588 1383 760 1474 egregiam
783 1383 1000 1464 doctrinam,
1026 1380 1113 1449 etin
1131 1378 1229 1447 omni

238 1495 347 1569 officii
370 1515 495 1582 genere
518 1487 739 1577 diligentiam
764 1497 799 1554 et
826 1485 1012 1554 virtutem:
1047 1495 1121 1551 tum
1148 1503 1230 1548 vero

238 1593 508 1691 gratificandum
531 1587 617 1660 duxi
639 1583 695 1660 his
718 1586 930 1658 doctissimis
953 1583 1055 1669 viris,
1090 1595 1123 1652 et
1148 1577 1232 1650 huic

238 1697 392 1792 hospiti,
420 1695 481 1790 qui
498 1716 577 1762 cum
592 1689 764 1779 singulari
779 1689 847 1758 fide
862 1702 895 1758 et
910 1685 1097 1758 faelicitate
1114 1685 1232 1754 literas

240 1787 382 1884 doceat,
401 1821 476 1868 non
492 1797 610 1866 deesse
621 1794 653 1861 ei
669 1791 784 1861 studia
799 1787 1028 1884 atqueollicia
1045 1785 1158 1856 nostri
1173 1809 1231 1854 or-

241 1903 336 1976 dinis
352 1899 493 1970 debent.
545 1895 635 1965 Nam
652 1894 680 1962 si
698 1908 790 1962 recte
807 1893 987 1975 aestimes,
1019 1887 1233 1980 amplissime

241 2009 285 2080 de
299 1997 371 2078 tota
385 1999 523 2092 Repub.
540 2010 722 2066 merentur
738 1995 813 2077 isti,
838 1995 899 2087 qui
918 1993 1066 2086 primam
1085 2004 1231 2060 aetatem

241 2121 333 2178 recte
355 2099 544 2184 erudiunt,
577 2100 679 2169 etad
710 2097 875 2165 maximas
898 2109 989 2166 artes
1013 2104 1233 2185 praeparant.

241 2209 309 2300 llis
326 2207 435 2300 igitur
454 2201 638 2274 ostendere
654 2199 770 2279 volui,
800 2223 855 2266 me
879 2213 912 2268 et
930 2191 1060 2266 honori
1077 2194 1232 2286 ipsorum

241 2314 381 2394 favere,
407 2319 442 2378 et
457 2301 542 2374 haec
558 2298 758 2398 scholarum
777 2299 1000 2382 testimonia,
1027 2321 1087 2368 seu
1105 2299 1234 2386 gradus

120 2421 124 2428 '
241 2411 485 2504 magnifacere.
542 2401 686 2474 Etenim
719 2427 797 2472 cum
830 2401 1022 2494 plurimum
1055 2397 1235 2488 dignitatis

242 2515 290 2586 sit
313 2513 352 2584 iu
375 2507 431 2588 his
451 2505 595 2600 optimis
618 2520 723 2598 atque
746 2501 944 2574 utilissimis
958 2501 1119 2595 artibus,
1148 2523 1235 2592 qua-

243 2639 323 2690 rurn
347 2609 551 2708 propagatio
579 2625 613 2678 et
638 2605 796 2676 defensio
822 2603 971 2694 collegio
995 2615 1116 2672 nostro
1139 2625 1235 2670 com-

242 2719 350 2792 missa
372 2728 440 2786 cst:
475 2711 626 2780 multum
650 2709 754 2779 etiarn
777 2705 961 2798 diguitatis
982 2705 1020 2778 in
1040 2699 1108 2774 hoc
1124 2695 1234 2794 gradu

244 2813 566 2893 esseiudicaudom
583 2824 652 2896 est,
673 2833 752 2880 cum
770 2809 808 2878 iu
822 2803 890 2878 hoc
906 2807 982 2900 ipso
992 2805 1237 2898 gradufoedus

245 2945 324 2994 cum
335 2915 566 3010 Republiat,
583 2913 619 2982 in
632 2937 702 3007 quo
712 2905 751 2982 hi
764 2911 893 3006 quibus
905 2910 1126 2994 decernitur,
1144 2907 1232 2976 obli-

224 3007 229 3020 ’
245 3036 374 3117 gantae
384 3017 591 3110 Reipubad
605 3013 781 3085 docendas
798 3012 947 3106 optimas
962 3025 1053 3080 artes
1071 3023 1105 3080 et
1119 3010 1237 3080 utilis-

223 3117 227 3125 ’
246 3127 353 3198 simas
363 3119 522 3196 humano
539 3117 670 3207 generi.
705 3113 783 3184 Hoc
798 3115 938 3184 loedere
951 3115 1034 3210 quid
1050 3125 1163 3204 potest
1177 3136 1237 3181 co·
1277 3096 1286 3114 ⁸

245 3225 351 3320 gitari
363 3219 547 3295 honestius
562 3233 624 3290 aut
637 3217 806 3301 sanctius,
832 3215 941 3286 modo
958 3230 997 3286 ut
1011 3209 1049 3284 hi
1065 3213 1127 3307 qui
1144 3215 1236 3284 aucti

246 3342 329 3406 sunt
345 3319 414 3396 hoc
430 3320 585 3407 honore,
611 3319 893 3410 magnitudinem
909 3315 1066 3388 muneris
1087 3315 1142 3388 sui
1159 3315 1237 3384 ani-

247 3457 306 3504 mo
321 3427 530 3508 metiantur,
556 3438 587 3492 et
610 3447 674 3513 pro
693 3421 787 3490 virili
806 3419 897 3490 tueri
912 3417 1101 3488 studeant?
1134 3415 1237 3490 Certe

248 3531 438 3611 consilium
449 3525 607 3606 faciendi,
617 3521 722 3594 buius
732 3521 942 3592 sanctissimi
955 3519 1106 3590 foederis
1124 3519 1160 3590 in
1171 3513 1237 3589 hoc

248 3636 381 3728 gradu,
416 3643 466 3708 est
489 3623 776 3704 honestissimum
802 3640 905 3718 atque
931 3619 1238 3714 huutanissimum.

247 3735 368 3826 Quare
385 3731 484 3822 digni
500 3731 583 3800 odio
600 3743 683 3800 suot
699 3724 825 3820 Cynici
850 3725 920 3808 illi,
952 3725 1014 3818 qui
1030 3739 1070 3794 ut
1086 3737 1238 3793 caeteros

246 3833 414 3912 honestos
432 3853 566 3914 mores,
595 3831 695 3898 itaet
717 3829 846 3916 gradus
864 3827 1070 3915 gravissimo
1089 3825 1237 3893 consilio

248 3939 447 4022 institutos,
482 3931 613 4027 quique
633 3929 794 4018 obligant
819 3921 982 3996 homines
1000 3929 1042 3996 ad
1063 3926 1238 3996 defensio-

247 4065 329 4112 nem
347 4039 522 4109 bonarum
546 4031 835 4124 disciplinarum,
869 4042 1112 4131 aspernantur.

350 4186 509 4280 Exposui
524 4184 711 4256 consilium
726 4206 863 4262 meum,
887 4205 995 4276 quare
1011 4182 1047 4250 in
1063 4174 1156 4250 hanc
1167 4203 1239 4248 sce·

247 4319 331 4366 nam
349 4291 501 4384 produci
515 4313 570 4356 me
586 4309 707 4377 passus
723 4285 802 4358 sim.
855 4284 950 4355 Solet
974 4298 1090 4352 autem
1109 4277 1169 4351 bie
1184 4281 1237 4350 vel
1255 4357 1259 4366 ,

247 4401 292 4468 de
315 4397 446 4467 artium
470 4389 659 4480 dignitate,
691 4387 748 4458 vel
773 4387 817 4456 de
844 4386 970 4456 studiis
991 4385 1133 4455 virtutis
1154 4385 1237 4452 dici.

248 4499 319 4574 Hie
335 4519 410 4568 mos
423 4517 503 4564 cum
522 4491 624 4560 valde
645 4483 734 4558 mibi
752 4490 942 4579 probetur,
968 4489 1102 4578 sumpsi
1117 4501 1150 4557 et
1168 4487 1240 4577 ipse

249 4611 496 4690 argumentum
515 4617 556 4662 ex
578 4593 699 4662 eodem
718 4613 856 4681 genere.
909 4585 955 4659 Et
971 4591 1140 4682 quoniam
1156 4611 1240 4657 con·

248 4716 317 4776 stat
332 4697 498 4770 honestas
512 4695 737 4786 disciplinas,
760 4693 853 4782 leges
877 4705 910 4760 et
925 4692 1133 4782 religiones,
1161 4690 1239 4758 vin·
1279 4779 1283 4786 ¹

72 4781 78 4788 ι
136 4859 140 4867 ‚
208 4806 326 4878 ¹cula
343 4825 415 4872 esse
431 4795 607 4870 humanae
622 4794 815 4874 societatis,
837 4793 1101 4872 facileiudicari
1120 4806 1241 4884 potest,

236 4905 399 4982 ‚maxime
424 4899 653 4974 necessariam
679 4919 751 4966 esse
777 4897 822 4964 ad
847 4895 971 4980 vitam,
997 4897 1159 4966 omnium
1175 4895 1240 4964 bo-

248 5031 374 5079 narum
408 5001 538 5076 artium
571 4999 780 5071 doctrinam.
841 4995 962 5090 ltaque
985 4997 1029 5068 de
1053 4993 1118 5068 hac
1144 5012 1241 5088 parte

1279 539 1341 588 seu
1358 517 1403 587 de
1416 517 1501 587 odio
1516 511 1734 607 sophistices.
1786 513 1930 594 Etenim
1947 517 2047 584 nulla
2064 507 2280 584 rothoma·
2337 507 2338 558 ἶ

1279 643 1327 689 na
1350 618 1434 688 satis
1459 619 1580 711 eloqui
1605 631 1735 710 potest,
1770 632 1943 712 quantum
1960 619 2104 708 reserat,
2131 611 2281 684 haerere

1278 747 1319 792 ιιι
1346 721 1475 790 animis
1497 721 1644 790 infixum
1670 721 1715 790 ab
1744 721 1891 791 ineunte
1924 735 2035 792 aetate
2063 718 2281 788 acerrimum

1282 818 1491 918 sophistices
1515 823 1650 895 odium.
1708 820 1761 892 De
1785 818 1854 893 hoc
1876 847 2027 916 quaeso,
2059 833 2102 892 ut
2116 843 2174 889 me
2191 817 2281 889 dili-

1283 940 1405 1017 genter
1425 923 1576 994 audiatis
1597 925 1858 1010 adolescentes,
1890 949 1996 1018 quem
2026 925 2097 994 iam
2124 935 2220 992 aetas
2245 935 2283 992 et
2338 929 2339 962 ³

1201 1071 1209 1087 ·
1282 1051 1409 1117 magna
1425 1049 1544 1096 rerum
1560 1029 1711 1096 varietas
1727 1028 1945 1098 emdierunt.
1999 1021 2099 1096 Nihil
2117 1047 2209 1117 opus
2228 1036 2283 1094 est

1283 1132 1352 1198 iam
1377 1130 1513 1213 dicere,
1546 1144 1719 1221 quantum
1749 1127 1901 1220 Reipub.
1928 1153 2010 1198 cura
2034 1139 2138 1217 angat
2172 1141 2284 1220 atque

1286 1245 1442 1302 exerceat
1452 1231 1609 1299 animum
1626 1252 1757 1304 meum.
1811 1229 1903 1300 lllnd
1923 1245 2059 1300 tanturn
2076 1231 2215 1316 dicam,
2242 1243 2283 1300 ot

1284 1359 1339 1403 me
1356 1333 1482 1402 maiori
1496 1333 1613 1402 studio
1628 1333 1797 1404 audiatis:
1824 1357 1905 1402 vere
1922 1328 1989 1403 hoc
2005 1333 2180 1401 affirmare
2195 1353 2284 1423 pos-

1284 1459 1381 1521 sum,
1414 1459 1471 1503 me
1495 1448 1643 1526 paterno
1667 1435 1795 1506 affectu
1822 1450 1927 1528 atque
1948 1459 2068 1504 amore
2090 1433 2284 1525 complecti

1284 1559 1407 1608 omnes
1430 1537 1626 1621 studiosos,
1657 1561 1697 1607 ac
1723 1533 1951 1606 vehementer
1972 1536 2284 1630 restrispericulis
2339 1609 2340 1620 ,

1284 1641 1388 1713 allici.
1441 1637 1563 1732 ltaque
1579 1639 1773 1731 quodalias
1789 1663 1891 1732 saepe
1906 1639 2049 1722 monui,
2075 1639 2168 1706 idem
2182 1661 2285 1706 nunc
2339 1697 2340 1708 ,

1285 1765 1445 1835 quoque,
1474 1743 1643 1834 'quoniam
1663 1742 1701 1809 in
1726 1737 1794 1811 hoc
1808 1764 1972 1810 consessu
1989 1741 2285 1810 doctissimorum
2339 1745 2340 1824 g

1285 1841 1491 1928 hominum,
1531 1843 1645 1912 oratio
1677 1844 1756 1934 plus
1777 1839 1907 1916 habere
1934 1843 2038 1912 debet
2067 1841 2285 1922 autoritatis,

1285 1947 1510 2016 obtestandos
1527 1967 1588 2013 vos
1605 1967 1678 2014 esse
1694 1947 1790 2018 duxi.

1388 2044 1441 2116 Ac
1454 2047 1558 2135 longe
1574 2037 1673 2117 allud
1689 2047 1899 2140 praecipiam
1919 2045 2042 2129 vobis,
2064 2069 2171 2138 quam
2186 2046 2286 2138 apud

1286 2144 1498 2241 Sophoclem
1527 2147 1669 2242 Ulysses
1692 2149 1862 2241 praecipit
1884 2143 2036 2220 Achillis
2060 2149 2133 2218 filio
2156 2147 2287 2217 adole·

1287 2252 1398 2322 scenti
1413 2249 1667 2342 Neoptolemo,
1693 2275 1773 2322 cum
1789 2253 1889 2320 docet
1907 2273 1987 2318 eum
2004 2249 2200 2320 mendaciis
2212 2249 2287 2318 cir·
2340 2273 2341 2288 ¹

1287 2353 1509 2431 cumvenire,
1542 2363 1577 2421 et
1599 2351 1719 2421 fallere
1745 2353 1915 2436 amicum,
1949 2351 2140 2444 etquidem
2157 2351 2288 2420 multis

1287 2455 1504 2542 argumentis
1521 2454 1694 2538 declarat,
1720 2449 1789 2523 hoc
1806 2453 1991 2524 artificium
2009 2452 2287 2522 usitatissimum

1288 2579 1360 2626 esse
1381 2556 1419 2624 in
1443 2556 1534 2624 ritae
1554 2556 1720 2645 negociis.
1770 2553 1931 2648 Cumque
1946 2556 2149 2626 adolescens
2169 2555 2288 2624 mira·

1288 2673 1365 2742 tur,
1400 2679 1469 2750 qua
1493 2658 1628 2738 fronte,
1655 2681 1726 2750 quo
1744 2683 1805 2727 ore
1825 2656 1968 2727 mentiri
1990 2657 2167 2752 quispiam
2188 2657 2289 2726 ausit

1288 2761 1421 2842 sciens,
1447 2761 1636 2849 respondet
1652 2759 1808 2854 Ulysses,
1835 2760 1966 2828 nelarie
1983 2759 2011 2828 is
2029 2759 2193 2852 quidem,
2221 2761 2287 2828 sed

1288 2861 1487 2953 significans
1502 2861 1622 2952 quales
1637 2862 1708 2931 sint
1725 2857 1910 2932 hominum
1929 2870 2061 2932 mores:

1367 2968 1543 3052 Ubiouuque
1559 2991 1626 3051 spes
1641 2973 1717 3032 lucri
1736 2983 1798 3048 est,
1825 2971 1939 3052 pudere
1954 2989 2016 3030 non
2032 2970 2126 3034 decet.

1290 3061 1408 3157 Atque
1433 3065 1568 3134 utinam
1602 3060 1686 3134 haec
1709 3065 1853 3160 Ulyssea
1881 3061 2112 3158 Philosophia
2142 3075 2289 3133 tantum

1289 3169 1326 3236 in
1352 3165 1499 3258 privatis
1522 3177 1556 3236 et
1577 3167 1714 3244 levibus
1743 3167 1897 3256 negociis
1921 3179 2148 3236 exerceretur.
2209 3163 2290 3236 Sed

1289 3268 1490 3360 experimur
1511 3291 1588 3336 eam
1613 3270 1805 3358 pervasisse
1837 3271 1875 3338 in
1897 3271 2119 3360 gravissimas
2141 3263 2291 3355 Regum

1290 3370 1582 3454 deliberationes,
1616 3371 1653 3438 in
1673 3366 1829 3455 scholas,
1860 3383 2219 3462 corrumperemus,
2253 3383 2292 3440 et

1290 3475 1385 3565 quod
1408 3485 1458 3542 est
1479 3471 1663 3563 praecipue
1688 3473 1966 3564 deplorandum,
1992 3493 2137 3562 regirare
2155 3469 2193 3536 in
2212 3467 2291 3541 Ec-

1290 3575 1423 3658 clesiis,
1450 3585 1483 3644 et
1496 3575 1646 3646 obruere
1663 3575 1882 3664 religionem.
1937 3574 2058 3663 Quare
2079 3575 2107 3641 si
2130 3573 2290 3642 solidam

1291 3676 1489 3746 doctrinam
1514 3689 1548 3745 ct
1568 3677 1690 3744 utilem
1714 3677 1833 3766 generi
1856 3672 2013 3746 humano
2035 3671 2218 3766 experitis,
2255 3689 2293 3744 et

1291 3773 1359 3846 hoc
1375 3791 1528 3846 vestrum
1544 3778 1758 3846 curriculum
1775 3775 1851 3847 Deo
1869 3779 2027 3868 placere,
2062 3793 2093 3846 ct
2118 3779 2293 3866 prodesse

1292 3879 1371 3947 aliis
1394 3879 1521 3960 vultis,
1554 3874 1799 3950 vehementiss.
1822 3881 1945 3949 odium
1973 3875 2189 3971 Sophistices
2205 3879 2292 3947 ani-

1292 4005 1350 4048 mo
1374 3979 1643 4072 concipiendum
1669 3995 1730 4054 est.
1793 3979 1910 4074 Atque
1932 3977 1997 4051 hac
2021 3983 2057 4051 in
2074 4005 2111 4050 re
2130 3979 2291 4070 primum

1292 4083 1377 4175 quid
1402 4106 1522 4150 vocem
1545 4077 1787 4172 Sophi‘sticen,
1814 4084 1942 4153 deinde
1964 4107 2069 4177 quam
2084 4082 2292 4172 perniciosa

1294 4187 1353 4266 sit,
1388 4185 1685 4254 considerandum
1712 4186 1789 4258 erit.
1842 4183 1925 4255 Nou
1946 4185 2041 4262 enim
2059 4183 2198 4275 appello
2214 4181 2291 4253 So-

1293 4281 1484 4378 phisticen,
1522 4299 1659 4355 tantum
1695 4287 1864 4356 ridiculas
1902 4287 1982 4356 illas
2020 4285 2290 4366 cavillationes,

1291 4411 1381 4482 quae
1414 4388 1531 4478 pueris
1564 4391 1754 4458 traduntur
1779 4390 1817 4458 in
1848 4387 2068 4472 Dialecticis,
2112 4387 2291 4456 ceratinas

1292 4503 1326 4558 et
1341 4489 1595 4571 crocodilinae,
1623 4503 1656 4562 et
1671 4489 1814 4560 similes.
1867 4487 1932 4558 llla
1949 4489 2049 4558 vobis
2062 4489 2218 4558 cavenda
2234 4503 2292 4559 est

1292 4585 1512 4681 Sophistica,
1539 4613 1627 4684 quae
1642 4593 1824 4662 mirificam
1836 4591 2184 4680 sapientiaespeciem
2202 4613 2292 4682 prae

1292 4715 1328 4762 se
1348 4694 1434 4778 lert,
1461 4707 1495 4763 et
1514 4694 1686 4776 incuria,
1713 4693 1750 4762 in
1766 4695 1962 4778 subselliis,
1989 4695 2027 4762 in
2045 4689 2202 4762 Ecclesia
2220 4693 2291 4762 do-

1292 4795 1460 4864 minatur.
1515 4793 1583 4865 Ubi
1600 4796 1689 4865 alios
1705 4797 1798 4886 piget
1813 4796 1992 4890 inquirere
2002 4796 2203 4877 veritatem,
2225 4794 2292 4862 alii

1292 4896 1466 4986 explicare
1482 4899 1667 4967 commode
1684 4919 1758 4966 non
1776 4911 1929 4978 nonant,
1956 4897 2017 4966 alii
2041 4921 2106 4988 per
2119 4895 2291 4965 ambitio-

1291 5021 1373 5067 nem
1399 5000 1443 5068 de
1459 4997 1634 5068 industria
1656 4999 1805 5068 nebulas
1823 5001 2026 5068 offrrndunt.
2077 4996 2124 5069 Et
2141 4987 2290 5067 interim

209 5141 215 5152 ·
249 5135 322 5182 non
343 5107 531 5200 disputabo
552 5101 740 5195 prolixius;
768 5123 848 5166 nam
873 5099 910 5168 id
934 5099 1079 5191 quidem
1097 5123 1241 5190 persua-
1291 5121 1419 5190 magna
1443 5104 1633 5170 autoritate
1654 5100 1819 5173 insemnt
1834 5102 1963 5172 animis
1977 5101 2080 5170 falsas
2094 5113 2130 5170 et
2144 5099 2292 5170 nocitu-

249 5212 425 5289 eissimum
459 5229 531 5276 esse
564 5203 732 5274 omnibus
759 5201 882 5291 debet,
917 5215 952 5269 et
974 5216 1122 5273 monent
1147 5202 1240 5270 idem
1291 5225 1347 5272 ras
1364 5201 1561 5292 opiniones.

249 5312 409 5414 quotidie
429 5312 614 5381 doctorum
632 5327 735 5376 voces
750 5315 785 5374 et
800 5303 941 5396 literae.¹
992 5300 1116 5374 Dicam
1134 5303 1242 5393 igitur

1394 5301 1527 5372 Medici
1562 5315 1709 5374 narrant
1742 5297 2080 5400 miclanebolicorum
2117 5275 2292 5393 exempla,

249 5426 294 5492 de
316 5436 387 5484 una
411 5413 566 5505 quadam
588 5409 719 5485 virtute
738 5404 1000 5502 pernecessaria
1014 5389 1017 5396 ’
1030 5399 1088 5475 bis
1113 5405 1179 5499 qui
1201 5405 1240 5474 io
1262 5477 1267 5496 ,
1291 5426 1444 5499 quorum
1467 5404 1556 5476 alius
1581 5422 1699 5476 errore
1713 5407 1842 5477 mentis
1862 5393 2050 5498 putavisse
2066 5405 2197 5476 laetum
2212 5425 2291 5479 esse
