4646 5824
92 281 177 362 sss.
246 205 254 212 ⁶
529 152 581 310 Ἰ
631 203 798 350 nucu
829 265 1273 350 bononorum
1305 243 1601 350 cernerem·
2061 277 2169 354 rm

89 451 281 525 familiaris
309 449 390 527 fuit.
454 445 620 524 &uns
642 445 794 518 el'rtutes
816 445 897 518 siue
915 445 1095 539 pudicitia·
1142 442 1271 536 scripta
1289 441 1450 515 moribus
1463 455 1497 514 et
1512 440 1634 536 pietati
1650 443 1767 522 utilia}
1795 441 2135 544 'Cumqus'rsmedifl

89 557 229 628 similes
250 575 325 626 esee
346 545 518 644 pulchrae
535 563 691 631 statum,
722 571 814 644 quse
834 562 953 619 umen
975 547 1091 640 capite
1142 545 1340 617 multafere
1354 558 1430 616 toto
1446 546 1531 616 anui
1545 559 1706 638 tempore
1721 548 1920 642 adpareret,
1944 555 2136 648 multiplici

90 656 321 741 truncatasit,
346 652 625 745 tentatricem
642 644 875 722 bisvcrsibus
890 650 1090 722 redditum:
1141 648 1264 718 labore
1283 647 1439 738 virgines
1463 661 1496 718 et
1517 649 1672 720 exercuit
1697 663 1731 722 et
1756 653 1899 724 ensdiit.
1951 653 2135 745 Quantam

144 765 270 830 Utrum
286 764 323 826 ds
339 761 689 828 numtsuesformoss
702 773 817 824 censu
830 771 887 839 est,
1140 751 1236 822 enim
1259 750 1421 820 laborum
1439 749 1645 822 varietatem
1667 751 1706 820 in
1729 755 1943 846 apparandis
1968 761 2134 832 remediis

195 865 370 934 Nondum
385 869 418 928 ιιι
434 867 555 950 reliquo
569 862 953 947 mrporeumoushebrts
1139 875 1213 922 esse
1234 874 1377 922 necem
1400 852 1463 937 sit,
1503 875 1578 923 non
1599 853 1788 924 obscurum
1812 871 1874 932 est.
1944 854 1999 930 Ae
2017 861 2133 934 *simul

141 969 198 1037 st·
210 975 263 1034 etti
276 991 375 1032 moras
389 971 482 1051 spreti
494 971 560 1031 stus
575 967 692 1029 honore
703 967 855 1046 hauns,
1076 1029 1079 1038 ,
1140 953 1289 1046 puellis,
1313 977 1432 1024 rerum
1449 971 1593 1026 naturas
1607 969 1642 1026 et
1655 978 1760 1030 usum
1773 959 2133 1036 remediorum-mon-

195 1071 237 1138 Νι
251 1077 311 1138 ,tat
329 1075 428 1135 amati
442 1065 531 1134 leuda
551 1069 726 1154 putidum,
1139 1057 1293 1141 strabat,
1319 1077 1446 1150 easque
1462 1057 1506 1126 ad
1524 1055 1683 1128 laborem
1710 1057 1784 1150 ipsa
1805 1061 1988 1134 doctrinae
2011 1068 2132 1136 suavi-

87 1167 166 1240 Nos
186 1193 272 1240 vero
286 1169 324 1239 iu
341 1164 498 1242 Ecclesia
514 1163 711 1236 manifestis
725 1154 937 1233 testimoniis
956 1150 1090 1226 erudiit
1139 1171 1210 1230 tate
1225 1155 1413 1230 invitabat.
1465 1155 1566 1247 Quid
1582 1160 1626 1228 de
1640 1155 1756 1232 hortis
1770 1162 1903 1248 dicam,
1936 1165 1975 1236 in
2000 1169 2133 1262 quibus

86 1269 210 1359 Deus,
235 1267 626 1365 prorsusnecessarism
641 1285 716 1337 esse
729 1261 898 1335 virtutem
915 1259 955 1328 in
971 1255 1090 1328 omni·
1139 1259 1207 1353 ipsi
1224 1260 1330 1330 flores
1346 1260 1466 1350 lugere
1481 1259 1671 1330 Dominam
1694 1285 1791 1334 nunc
1813 1264 2005 1338 videntur?
2054 1268 2131 1344 Hos

88 1375 159 1446 bus
174 1375 393 1458 castitatem,
425 1393 491 1440 nec
507 1370 646 1462 placere
664 1367 759 1438 ullos
772 1360 850 1434 Deo
865 1360 943 1432 sinc
958 1383 1014 1430 ea:
1047 1381 1089 1428 ac
1138 1359 1266 1433 habuit
1279 1362 1317 1432 in
1337 1356 1402 1432 hac
1420 1357 1551 1432 Arctoa
1565 1376 1600 1433 et
1614 1361 1741 1454 frigida
1758 1367 1902 1466 regione
1919 1387 1995 1438 uon
2012 1371 2131 1442 minus

87 1499 136 1545 ue
151 1499 256 1569 posse
271 1475 415 1570 quidem
432 1473 472 1542 in
485 1483 604 1542 mente
620 1465 822 1562 impudica,
854 1463 995 1534 laxante
1015 1459 1089 1532 free
1139 1487 1328 1548 amoenos,
1354 1487 1460 1558 φιιιιι
1477 1459 1621 1534 Alcinoi
1643 1459 1767 1542 hortos
1787 1469 1895 1538 fuisse
1918 1484 2038 1542 narrat
2052 1470 2133 1544 Ho-

88 1601 181 1648 num
196 1575 382 1649 obscoenis
391 1572 662 1666 cupiditatibus,
686 1569 835 1640 existere
853 1563 997 1654 caeteris
1010 1562 1087 1634 vir-
1139 1590 1268 1638 merus.
1301 1563 1465 1660 Cumque
1480 1567 1672 1661 conquisiti
1690 1583 1805 1642 essem
1819 1594 1946 1662 magna
1961 1573 2130 1648 varietate

90 1693 206 1762 tutes,
238 1677 404 1750 fiduciam
424 1663 704 1772 acquiescentem
720 1665 870 1749 inDeo,
894 1689 1015 1738 veram
1030 1665 1090 1735 in-
1139 1667 1336 1740 salubrium
1352 1662 1554 1754 berbarom,
1570 1669 1780 1741 colebantur
1794 1694 1814 1741 a
1829 1672 2039 1763 virginibus,
2054 1701 2131 1747 non
2166 1679 2178 1714 '
2231 1681 2235 1684 ’

89 1781 317 1852 vocatiouem
347 1793 383 1851 et
405 1778 633 1849 dilectionem
656 1771 738 1845 Dei.
796 1767 871 1840 Nec
892 1765 1090 1861 praeceptis
1138 1784 1286 1864 propter
1299 1769 1458 1863 corporis
1469 1770 1688 1862 voluptates,
1714 1775 1775 1843 sed
1789 1785 1830 1844 ut
1841 1767 1989 1848 honesto
2006 1778 2131 1850 labore

88 1897 255 1970 tautum,
279 1883 341 1953 sed
366 1882 473 1954 etiam
493 1874 730 1950 horribilibus
751 1870 877 1968 poenis
898 1868 1090 1942 declaravit
1139 1885 1401 1958 exercerentur,
1433 1895 1473 1943 ac
1493 1871 1598 1942 simul
1615 1887 1777 1944 naturam
1795 1881 2132 1958 rerumconsidera·

87 1982 191 2057 Deus
205 1986 426 2056 voluntatem
441 2004 543 2052 suam
560 1975 626 2050 hac
640 1979 685 2048 de
701 1999 752 2062 re,
777 1987 812 2046 ct
827 1971 982 2044 declarat
998 1994 1090 2066 quo·
1140 1987 1235 2059 rent,
1260 1988 1295 2046 et
1309 1974 1420 2045 multa
1442 1974 1599 2045 remedia
1620 1975 1809 2049 discerent.
1871 1977 1912 2048 ln
1934 1973 1991 2051 bis
2017 1977 2131 2055 bortis

89 2087 195 2159 tidie.
249 2083 376 2158 Manet
392 2083 489 2155 enim
505 2081 576 2154 Dei
597 2077 771 2152 sententia
792 2076 956 2146 immota:
982 2069 1090 2145 Scor·
1140 2090 1175 2146 et
1191 2075 1346 2148 Domina
1361 2088 1398 2148 et
1411 2075 1567 2166 virgines
1583 2076 1681 2148 velut
1695 2075 1867 2164 Naiadas,
1894 2083 1981 2152 dum
1997 2098 2057 2157 aut
2074 2107 2133 2156 se-

90 2204 226 2262 tatores
247 2201 283 2259 et
303 2187 484 2258 adulteros
512 2181 648 2253 iudicat
670 2179 783 2253 Deusc
814 2190 857 2248 ut
878 2177 917 2245 iu
941 2173 1090 2260 diluvio,
1139 2177 1236 2248 mina
1254 2189 1368 2248 terrae
1383 2181 1567 2263 mandant,
1592 2191 1655 2248 aut
1668 2179 1844 2258 sitientem
1862 2196 1991 2254 terram
2004 2187 2135 2278 rigant,

90 2293 130 2362 in
146 2290 295 2364 excidiis
309 2287 567 2370 Sodomorum,
592 2279 821 2366 Thebarum,
845 2277 995 2363 Troiae,
1020 2274 1090 2372 sy·
1140 2293 1201 2350 aut
1223 2278 1363 2370 plautas
1383 2273 1485 2350 humi
1504 2291 1684 2369 serpentes
1704 2282 1866 2372 erigunt,
1909 2287 2033 2360 laudes
2057 2289 2130 2360 Dei

89 2394 210 2482 baris,
234 2407 269 2464 et
285 2390 436 2462 aliarum
459 2385 777 2458 innumerabilium
800 2381 946 2453 urbium
968 2391 1090 2449 osteu-
1140 2380 1334 2454 conditoris
1349 2375 1457 2452 buius
1476 2375 1734 2472 pulcherrimae
1757 2398 1905 2458 naturae
1926 2411 2045 2462 rerum
2069 2415 2133 2462 ca·

90 2495 158 2566 dit.
208 2491 301 2566 Cum
321 2491 432 2582 igitur
453 2489 675 2560 voluntatem
693 2483 763 2558 Dei
784 2495 905 2554 nosset
920 2479 1090 2572 Princeps
1139 2497 1242 2556 nunt
1295 2479 1392 2552 llaec
1409 2477 1558 2554 honesta
1573 2483 1757 2567 exercitia,
1783 2487 1887 2579 plena
1908 2491 2132 2580 eruditionis,

90 2609 233 2681 noster,
257 2619 298 2666 ac
313 2594 419 2664 sciret
432 2588 549 2663 Deum
565 2601 721 2658 mentem
735 2597 864 2656 castam
879 2577 971 2668 eise,
996 2596 1035 2654 et
1050 2583 1090 2652 in
1139 2583 1364 2678 disciplinam
1380 2606 1455 2656 esse
1469 2608 1549 2656 cum
1563 2583 1713 2658 aliarum
1729 2587 1902 2660 virtutum
1925 2593 2133 2682 multarum,

89 2697 304 2796 quotidiana
319 2692 545 2767 invocatione
566 2690 618 2761 sic
637 2687 913 2760 discemeudum
932 2707 1007 2754 esse
1027 2707 1090 2754 ve-
1139 2700 1216 2756 tum
1233 2710 1317 2756 vero
1331 2685 1499 2758 castitatis
1514 2684 1737 2778 (praesertim
1752 2713 1832 2762 cum
1851 2695 1984 2766 accedit
1999 2698 2135 2767 doctri·
2207 2713 2210 2724 '

89 2825 175 2872 rum
192 2799 312 2872 Deum
328 2795 464 2870 amalis
478 2791 684 2888 spiritibus,
715 2801 756 2860 ut
777 2783 874 2859 huuc
896 2787 1090 2874 cogitemus
1140 2810 1187 2858 na
1203 2788 1249 2858 de
1262 2787 1315 2858 ira
1331 2783 1419 2872 Dei,
1445 2802 1479 2860 et
1496 2789 1540 2858 de
1555 2789 1679 2880 poeuis
1694 2804 1789 2862 certo
1807 2795 2057 2870 comitantibus
2072 2799 2132 2870 iu-

91 2926 170 2975 esse
193 2898 329 2986 Deum,
361 2921 482 2970 rerum
505 2893 746 2972 conditorem,
778 2889 841 2985 qui
863 2911 900 2958 se
924 2885 1090 2980 patefecit
1139 2889 1364 2982 quinationcs
1388 2889 1597 2984 corporum)
1621 2907 1897 2966 consentancum
1928 2912 1988 2975 est.
2058 2897 2131 2972 Sed

88 3006 202 3081 misso
217 3001 302 3088 filio,
327 3015 362 3073 et
377 3013 430 3071 est
444 2998 572 3081 iustus,
597 3017 716 3078 verax,
741 2991 930 3071 moeliens,
957 2991 1088 3060 castus:
1139 2992 1282 3062 amessit
1295 2989 1412 3062 etalia
1428 2991 1553 3077 virtus,
1577 2991 1750 3064 modestia
1765 2995 1942 3084 videlicet,
1962 3023 2023 3072 seu
2040 3016 2132 3073 tem-

88 3102 402 3188 itamoresrexit,
425 3113 467 3171 ut
483 3101 527 3170 ad
544 3096 707 3189 regulam
721 3107 918 3178 auermm,
944 3093 1089 3186 quaein
1140 3093 1320 3185 perantia,
1360 3115 1467 3188 quam
1489 3091 1623 3165 Paulus
1643 3094 1806 3188 adiungit
1827 3101 1991 3188 caeteris,
2029 3105 2068 3173 iu
2089 3127 2130 3176 eo
2256 3115 2270 3134 “

89 3220 214 3279 mente
226 3205 348 3276 divina
361 3203 555 3276 castitatem
570 3197 705 3286 sancit,
729 3199 991 3284 ἰοιιςιιιειοιιι,
1022 3217 1090 3264 nec
1139 3195 1257 3281 dieto,
1280 3195 1376 3290 quod
1392 3219 1498 3287 supra
1513 3195 1750 3274 recitavimus.
1797 3199 1997 3274 Multarum
2018 3207 2131 3276 maxi-

89 3311 174 3382 labe
188 3307 263 3378 ulla
280 3327 441 3401 unquam
458 3303 504 3373 ab
520 3326 560 3372 ea
576 3299 715 3372 castitas
731 3297 860 3368 violata
876 3295 933 3368 sit.
987 3294 1091 3367 Sem·-
1130 3321 1279 3368 marum
1295 3297 1467 3368 virtutum
1483 3297 1604 3368 nutrix
1618 3313 1670 3370 est
1681 3303 1912 3392 temperantia
1929 3307 1968 3376 in
1986 3307 2066 3378 cibo
2090 3333 2131 3378 ac

89 3435 159 3507 per
182 3405 347 3496 etDeum
369 3428 459 3500 pura
482 3417 518 3474 et
540 3401 728 3495 impolluta
750 3397 963 3470 couscientia
983 3397 1091 3468 iuvo·
1140 3411 1246 3490 potu,
1273 3396 1505 3468 Verissimum
1524 3411 1575 3470 est
1589 3401 1685 3470 enim
1700 3406 1795 3495 quod
1815 3406 1963 3478 dicitur:

91 3513 208 3596 eavit,
233 3524 269 3581 et
282 3510 392 3582 unico
405 3505 548 3598 coniugi
565 3527 629 3577 suo
644 3523 771 3594 corpus
786 3500 941 3574 servavit
955 3512 1089 3572 castum
1244 3501 1330 3584 Quin
1339 3527 1449 3587 eorpus
1466 3519 1619 3587 onustum,

91 3629 128 3688 fil
150 3627 323 3686 Ulmum·
1191 3605 1346 3672 Hmmls
1360 3611 1442 3669 Vllll!
1455 3611 1589 3670 mimum
1605 3629 1727 3694 quoqne
1741 3627 1913 3694 nglml
1928 3617 2039 3698 ἥρωι,

198 3713 332 3804 Magna
352 3734 436 3782 cura
459 3707 601 3789 oculos,
627 3704 807 3796 linguam,
831 3715 949 3794 gestus
966 3723 1090 3772 omnes
1159 3710 1163 3718 '
1190 3709 1297 3796 Atque
1312 3709 1523 3792 οιιιιςιιιιιιιιι
1537 3709 1657 3774 divium
1671 3717 1849 3795 perticulam
1865 3737 1964 3785 m„
2183 3783 2186 3792 ,

92 3822 144 3892 lta
169 3812 402 3910 guberntvlls
441 3824 483 3881 ῦῑ
513 3823 627 3880 ⁶³⁸1!ss
649 3805 781 3878 menfit
802 3805 902 3895 tigna
929 3804 1089 3899 conspici
1137 3804 1229 3880 Cum
1246 3820 1365 3877 aarum
1382 3805 1557 3878 sedesilla
1572 3807 1747 3882 divinitus
1761 3814 1902 3882 condita
1924 3815 1968 3886 ad
1994 3815 2130 3906 cogita-
2239 3885 2243 3892 ,

90 3933 251 4017 possent.
300 3912 350 3987 Et
367 3925 407 3984 ut
420 3909 580 3984 honestis
594 3909 757 4001 exemplo
772 3908 918 3978 essctud
934 3907 1090 3994 gravita-
1139 3909 1272 3981 tiomm
1292 3906 1336 3978 de
1353 3909 1460 3980 rebus
1472 3909 1624 3995 divinis,
1649 3928 1833 4006 quassatur
1852 3916 1970 3986 densis
1993 3930 2027 3987 et
2051 3933 2130 3990 tur-

91 4039 166 4097 ΜΠ
181 4019 371 4103 mensim,
395 4039 470 4086 ¹¹0¹!
490 4013 583 4083 ⁰⁰⁰¹?
606 4024 784 4091 ‘mum’
815 4031 890 4088 ¹10⁰
911 4009 1012 4080 lotus
1031 4009 1089 4078 in·
1139 4012 1232 4082 bidis
1249 4006 1421 4082 balitibus
1438 4035 1456 4080 a
1474 4011 1554 4082 cibo
1571 4025 1604 4082 et
1622 4015 1707 4104 polu
1723 4015 1830 4094 ortis,
1863 4030 1897 4086 et
1913 4019 2054 4109 crapula
2071 4045 2128 4091 as-
2232 4027 2236 4032 '

91 4126 225 4216 dignus
248 4133 428 4202 matrona,
458 4140 532 4186 non
553 4114 724 4196 fabellam
754 4134 830 4181 non
854 4124 971 4202 gestus
993 4112 1089 4182 ullus
1138 4115 1275 4184 siduam
1291 4111 1500 4200 vertiginem
1521 4113 1643 4200 efficit,
1675 4116 1840 4207 impediri
1865 4133 1900 4190 et
1923 4121 2129 4211 lauguefisri

91 4225 245 4299 liberior
260 4225 299 4292 in
313 4245 354 4292 ea
369 4215 602 4291 animadverti
628 4214 754 4306 potuit.
807 4209 854 4284 Et
876 4215 1086 4303 gravitatem
1138 4213 1373 4286 intentionem
1386 4214 1534 4300 mentis,
1560 4214 1600 4284 in
1617 4217 1829 4307 cogitatione
1841 4221 1886 4289 de
1901 4217 1979 4293 Deo
1993 4236 2026 4294 et
2047 4249 2129 4317 pre.

92 4320 589 4417 sanctitatemquellomiuae,
612 4329 708 4386 totus
721 4328 842 4385 coetm
858 4315 895 4384 iu
911 4337 1086 4410 gynaeceo
1139 4315 1295 4402 catione,
1319 4313 1544 4388 manifestum
1560 4330 1622 4388 est.
1674 4317 1796 4408 Quare
1814 4323 1859 4392 ad
1883 4347 2000 4394 veram
2024 4325 2128 4398 invo-

94 4431 313 4502 imitabatur.
373 4423 453 4494 Nou
472 4421 523 4492 ibi
540 4418 658 4490 ocium
681 4417 880 4508 voluptates
901 4415 1089 4502 invitabat,
1138 4417 1312 4490 rationem
1328 4411 1396 4487 Dei
1413 4419 1607 4492 mcessaria
1622 4431 1673 4490 est
1688 4424 1932 4513 temperantia.
1989 4423 2132 4499 Deinde,

93 4557 169 4604 non
186 4528 467 4602 admittebantur
487 4521 652 4592 illecebra
672 4519 929 4610 cupiditatum,
963 4517 1087 4588 lectio·
1139 4535 1174 4591 et
1195 4520 1240 4590 ad
1262 4518 1457 4590 castitatem
1480 4533 1514 4590 et
1534 4521 1581 4590 ad
1597 4522 1876 4594 moderationem
1901 4527 1940 4596 in
1962 4527 2128 4601 omuibus

94 4657 157 4706 nes
180 4646 244 4703 aut
262 4630 475 4710 cautilenae,
500 4637 559 4693 aut
573 4642 754 4692 sermones
773 4621 840 4690 ulli
860 4619 970 4710 magis
985 4620 1088 4692 faceti
1138 4619 1337 4693 actionibus
1354 4622 1516 4713 prodest,
1541 4635 1582 4692 ut
1595 4645 1719 4694 omnes
1736 4627 1813 4696 sani
1828 4640 2010 4702 testantur.
2058 4629 2131 4702 lta-

94 4733 276 4818 autbelli,
296 4754 404 4826 quarn
418 4727 481 4822 qui
498 4727 622 4795 decent
637 4720 861 4813 gravissimas
883 4735 918 4792 et
939 4723 1089 4793 sanctis·
1140 4747 1210 4818 que
1232 4747 1313 4794 cum
1341 4735 1468 4793 natura
1494 4736 1695 4816 temperans
1726 4741 1834 4809 esset,
1873 4734 2130 4804 consuetudine

94 4839 202 4910 simas
236 4847 430 4904 matronas.
488 4826 560 4900 Sed
596 4822 835 4896 distribuebat
867 4821 1024 4894 Domina
1054 4841 1090 4899 et
1140 4825 1266 4910 etiam,
1290 4845 1380 4918 quae
1398 4823 1438 4894 iu
1454 4825 1580 4917 primis
1595 4827 1634 4896 iu
1650 4852 1692 4898 eo
1709 4851 1836 4920 genere
1852 4833 2003 4904 multum
2026 4835 2130 4922 valet,

93 4959 220 5034 operas
243 4949 279 5008 et
301 4931 546 5028 precationum
567 4952 607 4998 ac
625 4927 819 4998 lectionum
839 4939 1016 5017 tempora:
1049 4942 1091 5000 ut
1140 4927 1352 5021 perfecerat,
1378 4939 1420 4998 ut
1435 4927 1574 4998 modico
1590 4928 1669 5000 cibo
1686 4943 1720 5001 et
1734 4947 1820 5022 potu
1836 4947 1999 5006 contenta
2022 4951 2129 5008 essu:

93 5037 213 5116 adbuc
229 5059 455 5132 gynaeceum,
477 5031 554 5123 piae
567 5029 748 5100 doctrinae
763 5040 798 5098 et
811 5027 956 5098 virtutis
971 5024 1090 5102 schola
1140 5053 1207 5099 nec
1225 5027 1410 5114 laborum,
1429 5029 1630 5100 studiorum
1644 5054 1685 5101 ac
1704 5034 1947 5123 precationum
1970 5050 2131 5130 tempora

94 5159 158 5218 est.
224 5138 298 5211 Nec
325 5149 465 5210 tautum
489 5133 534 5204 ad
557 5131 674 5201 colum
698 5143 733 5201 et
758 5131 803 5200 ad
829 5151 912 5200 acus
936 5131 1090 5202 assidere
1141 5129 1371 5221 impendebat
1386 5131 1573 5214 conviviis,
1597 5156 1663 5204 nec
1679 5133 1868 5226 splendore
1882 5139 2130 5212 conviviorum

93 5243 233 5341 puellas
248 5241 381 5326 voluit,
410 5237 472 5308 sed
495 5235 538 5305 ad
564 5234 716 5304 duarum
738 5255 860 5302 rerum
879 5233 1092 5321 doctrinam,
1142 5241 1204 5306 sut
1227 5231 1379 5304 vestium
1405 5233 1574 5304 excellere
1595 5235 1778 5321 studebat,
1813 5241 1973 5331 quamvis
1994 5244 2133 5335 precio.

95 5371 203 5444 quam
219 5343 294 5436 ipsu
308 5342 466 5422 colebat,
481 5335 551 5406 *eas
565 5333 773 5404 adsuefecit:
800 5333 914 5423 coligit
936 5347 978 5404 ut
996 5335 1092 5425 lege.
1143 5356 1199 5405 sas
1222 5347 1336 5405 vestes
1357 5333 1528 5424 plurimas
1549 5330 1706 5409 baberet.
1755 5335 1825 5411 Sed
1843 5331 1985 5414 dolebat
2002 5345 2132 5438 posius,

95 5462 177 5522 rent
215 5447 327 5516 libros
355 5435 583 5536 propheticos
610 5449 645 5506 et
676 5435 908 5528 apostolicos,
951 5449 986 5508 et
1022 5437 1092 5512 alia
1145 5431 1273 5508 barum
1294 5459 1415 5507 rernm
1433 5461 1517 5508 carra
1542 5433 1581 5507 in
1604 5439 1772 5511 omnibus
1790 5441 1882 5512 aulis
1903 5443 1972 5517 alia
1994 5447 2134 5539 negotia

149 5539 673 5622 Macaren.om.v0c.x1.
795 5587 802 5592 .
1235 5635 1239 5644 Ι
1543 5536 1595 5609 49
