4616 5816
72 271 135 351 tu
466 265 632 354 osca
670 245 747 346 nu
772 266 924 348 stra
956 263 1268 348 nunonem
1303 261 1660 348 soutcoaau.
2007 269 2088 366 442„

71 444 158 516 ribus
174 392 425 534 disputansde
448 441 644 520 eruditiore.
663 437 912 540 Philosophia.
970 437 1052 516 Au·
1104 459 1206 529 saepe
1229 436 1444 528 praedicavit
1465 433 1650 530 Rodolphi
1671 453 1852 526 naturam,
1883 465 1986 535 mem
2010 445 2093 516 imi-
2149 445 2156 452 '

72 547 174 616 dierat
205 556 323 614 autem
352 544 518 624 renovari
543 559 629 616 tunc
656 533 814 616 Graecae
842 557 877 616 et
903 545 1052 616 Latinae
1103 541 1170 612 tari
1187 539 1345 608 ltalicam
1360 552 1577 608 venustatem
1591 542 1666 608 sine
1678 543 1820 633 ineptiis
1834 546 1988 633 potuisse
2001 547 2092 616 fere-

19 695 21 698 -
70 648 197 735 linguae
221 644 336 715 studia
358 646 399 714 in
422 643 537 719 ltalia.
593 644 683 718 Nam
710 660 787 736 post
813 661 954 738 captum
981 645 1052 739 By·
1103 643 1174 711 bat.
1212 639 1344 708 Verum
1361 638 1518 708 Musicae
1537 655 1683 711 naturae
1698 647 1741 712 ad
1758 647 2091 734 pronunciationem

70 747 233 832 cantium,
260 743 635 836 Graecipulsipatria,
661 746 853 816 initaliam
869 748 973 818 mrrlti
992 771 1054 814 ve-
1102 756 1136 810 et
1159 741 1353 823 actionem,
1379 741 1531 832 aptiores
1554 757 1637 812 scrut
1657 747 1810 814 caeteris.
1862 743 2011 818 Constat
2026 771 2092 817 au-

70 860 211 932 uerunt,
236 847 299 940 qui
316 841 583 938 Philosophiam
606 861 640 919 et
661 849 902 941 eloquentiam
925 849 976 918 ibi
997 871 1052 916 re-
1103 857 1170 912 tem
1188 838 1419 929 Rodolphum
1443 843 1492 912 ita
1518 845 1718 914 excelluisse
1745 847 1784 914 iu
1801 845 1969 933 Musicis,
1994 850 2090 918 mul-

70 959 253 1034 novarunt,
278 947 378 1016 cuius
400 949 515 1019 studia
540 963 620 1039 post
636 950 831 1040 collapsum
850 949 1053 1040 imperium,
1102 957 1154 1014 tas
1170 955 1210 1012 ut
1225 944 1418 1010 cantilenas
1435 947 1687 1035 composuerit:
1720 947 1791 1016 imo
1806 961 1845 1016 ut
1867 947 1965 1018 ltalis
1982 951 2090 1022 fuerit

69 1071 201 1142 prorsus
217 1049 256 1116 in
272 1047 371 1120 ltalia
386 1050 638 1119 conticuerant.
691 1049 1051 1140 lntelligebat'autem
1102 1045 1309 1128 iucundior,
1343 1057 1526 1132 propterea
1553 1051 1647 1138 quod
1672 1049 1851 1116 interdum
1875 1046 2016 1142 cythara
2032 1052 2090 1122 lu·
2156 1063 2161 1071 '

68 1147 288 1220 sineGraecis
297 1151 409 1220 literis
419 1145 685 1240 Philosophiam
703 1153 839 1243 percipi
856 1175 1052 1243 nonposse.
1101 1148 1200 1216 deret
1215 1146 1254 1212 in
1270 1145 1444 1214 conviviis
1460 1147 1691 1221 eruditorum.
1733 1149 1876 1236 Quanta
1890 1151 1997 1220 fuerit
2013 1151 2089 1222 eius

69 1250 181 1342 Coepit
192 1250 304 1340 igitur
320 1251 489 1342 impetum
506 1251 750 1343 proficiscendi
768 1255 805 1322 in
826 1251 986 1333 Italiam,
1013 1266 1053 1322 ut
1101 1247 1288 1330 sedulitas,
1319 1247 1404 1313 inde
1425 1249 1601 1316 aestimari
1623 1263 1756 1338 potest,
1782 1253 1877 1342 quod
1893 1251 2089 1340 Quintilia-

70 1367 99 1422 et
110 1353 320 1422 disertorum
336 1353 591 1424 cousuetudine
606 1377 647 1422 ac
661 1356 835 1445 exemplis
848 1376 957 1443 genus
973 1377 1053 1423 ora·
1101 1371 1188 1416 num
1211 1371 1272 1416 sua
1294 1370 1402 1416 manu
1419 1347 1594 1436 integrum
1614 1351 1809 1440 descripsit.
1861 1349 1939 1442 lpse
1954 1355 2088 1442 signiti-

70 1453 165 1524 tionis
185 1455 407 1538 emendaret,
442 1468 476 1522 et
499 1449 754 1544 Philosophiae
780 1457 895 1526 fontes
921 1477 1052 1544 cogno-
1101 1464 1154 1518 cat
1171 1471 1207 1516 se
1222 1449 1259 1514 in
1277 1445 1375 1516 ltalia
1391 1450 1587 1518 naturalem
1604 1445 1788 1520 historiam
1802 1450 1912 1521 Plinii
1936 1454 2090 1544 diligen-

74 1567 178 1624 sceret.
233 1551 342 1625 Venit
358 1552 576 1638 Ferrariam,
600 1555 663 1624 ubi
681 1568 769 1626 tunc
784 1557 927 1650 quidem
942 1557 1053 1644 magis
1101 1563 1153 1618 ter
1170 1550 1312 1637 legisse,
1341 1549 1498 1618 fortassis
1515 1552 1698 1620 occasione
1718 1553 1908 1639 invitatus,
1934 1558 2031 1647 quod
2050 1556 2088 1624 in

72 1656 232 1726 florebant
247 1655 363 1726 studia
376 1649 627 1746 Philosophiae
637 1679 678 1726 ac
691 1659 929 1750 eloquentiae,
946 1679 1050 1748 quam
1100 1673 1141 1720 eo
1159 1651 1236 1718 loco
1259 1649 1397 1720 facilius
1422 1651 1600 1742 inquirere
1619 1654 1758 1743 plantas
1778 1655 1914 1744 potuit,
1941 1669 1976 1726 et
1992 1653 2090 1726 haud

73 1757 104 1824 iu
122 1755 263 1825 caeteris
277 1753 478 1826 Academiis
496 1755 636 1826 ltalicis.
680 1756 769 1826 Nam
786 1757 957 1828 Hercules
970 1755 1051 1828 Dux
1100 1752 1207 1822 dubie
1228 1750 1319 1820 vidit
1340 1747 1567 1820 Aristotelem
1597 1767 1632 1824 et
1661 1750 1967 1845 Theophrastum,
2001 1771 2122 1828 ⁰0¹1·-x

71 1855 239 1926 Ferrariae
255 1858 426 1927 sentiebat
440 1859 484 1926 ad
502 1858 589 1926 boni
605 1857 784 1949 Principis
800 1859 953 1929 officium
969 1881 1051 1949 per·
1100 1875 1219 1921 versos
1234 1877 1251 1920 a
1270 1849 1382 1935 Gaza,
1409 1876 1497 1944 q¹¹0⁸
1511 1878 1590 1922 cum
1607 1855 1752 1943 l‘ssereb
1767 1886 1771 1918 ¹
1785 1855 1942 1927 Plinium
1959 1860 2088 1929 adiun-

70 1958 167 2027 tinere
190 1983 314 2028 curam
337 1958 511 2030 iuvandae
533 1960 584 2028 rei
611 1959 804 2044 literariae,
835 1985 876 2030 ac
899 1961 1049 2030 delecta.
1098 1955 1252 2041 gendum
1275 1975 1349 2020 esse
1373 1952 1493 2040 duxit,
1525 1969 1564 2026 ut
1582 1959 1676 2024 unde
1692 1955 1787 2026 Gaza
1802 1951 1948 2028 Latinas
1966 1961 2088 2050 adpel-

71 2059 161 2128 batur
189 2059 267 2150 ipse
300 2061 520 2149 eruditorum
550 2061 699 2150 scriptis.
758 2057 847 2134 Erat
870 2059 1051 2130 Ferrariae
1099 2055 1248 2124 lationes
1276 2054 1497 2142 sumpsisset,
1538 2058 1750 2128 observaret.
1814 2056 1911 2128 Haec
1943 2061 2087 2132 collatio

72 2153 271 2230 Theodorus
287 2155 402 2240 Gara,
434 2161 496 2252 qui
512 2162 713 2230 eruditione
734 2174 769 2232 et
783 2163 981 2255 eloquentia
998 2163 1050 2228 fa·
1099 2156 1292 2246 plurimum
1309 2155 1340 2222 ei
1352 2153 1502 2244 profuit,
1519 2159 1561 2224 ad
1573 2161 1767 2246 augendam
1783 2173 1817 2229 et
1830 2183 1949 2230 rerum
1966 2163 2088 2252 cogui-

75 2261 128 2330 cile
141 2261 342 2332 antecelluit
359 2257 504 2330 Graecis
519 2263 686 2332 omnibus
710 2263 772 2356 qui
788 2276 873 2332 tunc
894 2263 931 2330 in
950 2259 1049 2332 ltalia
1098 2257 1230 2326 tionem
1259 2268 1295 2323 et
1317 2257 1503 2324 verborum
1527 2259 1675 2348 copiam.
1727 2259 1839 2330 Porro
1863 2286 1943 2330 cum
1966 2285 2001 2332 se
2032 2263 2088 2332 di-

74 2375 168 2434 crant,
229 2361 289 2430 lbi
313 2359 495 2432 Guarinus
520 2361 656 2432 Graece
680 2377 714 2434 et
741 2363 863 2434 Latine
891 2363 1051 2446 docebat,
1098 2358 1249 2445 ligentec
1282 2356 1483 2448 expoliisset
1521 2359 1615 2428 iuter
1649 2357 2088 2449 doctissimos‘homiues‚

73 2461 119 2528 vic
133 2463 167 2530 in
183 2463 312 2552 primis
327 2462 489 2551 diligens.
528 2462 690 2534 Aderant
705 2477 737 2534 et
753 2463 897 2536 Strozae
911 2462 1051 2548 Poetae,
1099 2460 1240 2528 tandem
1269 2456 1308 2524 in
1331 2457 1479 2546 patriam
1507 2460 1628 2545 rediit,
1667 2463 1731 2532 ubi
1764 2487 1838 2532 non
1866 2463 1930 2532 diu
1958 2461 2085 2535 haesit:

72 2586 138 2632 cum
153 2564 284 2654 quibus
298 2577 443 2652 apparet
455 2581 623 2652 *magnam
648 2566 754 2636 fuisse
773 2565 1049 2634 familiaritatem
1098 2583 1180 2628 nam
1207 2558 1389 2649 aliquanto
1412 2573 1491 2647 post
1517 2562 1689 2646 reditum,
1722 2565 1907 2634 accersitus
1921 2579 1972 2635 est
1987 2564 2087 2660 Hey-

71 2657 264 2755 liudolpho.
322 2661 456 2734 Extant
487 2677 521 2733 et
543 2660 879 2736 Mathematicorum
910 2666 1050 2756 scripta,
1098 2661 1298 2746 delbergam
1320 2683 1340 2726 a
1363 2659 1557 2749 Dalburgio
1578 2659 1753 2753 Episcopo
1775 2664 2022 2755 vangionum,
2052 2681 2087 2736 et

73 2765 122 2854 qui
136 2767 222 2855 apud
236 2764 712 2836 Herculemtunc'vixecunt.
750 2764 914 2860 Denique
927 2787 1049 2836 omues
1098 2760 1329 2846 Pleningero,
1362 2783 1466 2850 quern
1492 2763 1565 2850 ipse
1590 2762 1745 2832 Plinium
1766 2768 1943 2838 nominat:
1994 2765 2086 2838 Cum
2120 2855 2121 2860 ἵ

74 2874 149 2931 artes
179 2867 231 2934 ibi
259 2866 483 2934 faelicissimo
509 2869 750 2942 tradebantur.
815 2866 911 2955 Quid
937 2879 1050 2958 potest
1098 2858 1155 2932 his
1176 2862 1270 2930 enim
1295 2860 1333 2927 in
1356 2857 1457 2929 ltalia
1480 2859 1673 2954 Rodolpbo
1699 2867 1919 2936 familiaritas
1948 2892 2087 2938 summa

74 2963 550 3055 autemhominiingenioso,
584 2969 729 3038 incenso
750 2991 853 3037 verae
868 2970 1049 3038 doctrinae
1098 2966 1229 3045 luerat,
1264 2963 1326 3052 qui
1358 2975 1477 3050 postea
1510 2967 1614 3032 ambo
1643 2983 1874 3056 pervenerant
1900 2970 1939 3038 in
1963 2972 2085 3039 aulam

73 3087 195 3148 amore,
228 3069 337 3136 avido
360 3067 539 3154 discendi,
572 3070 687 3162 qualis
721 3083 795 3140 erat
824 3065 1049 3160 Rodolphus,
1098 3063 1274 3154 Principis
1295 3061 1445 3130 Palatini
1471 3059 1651 3156 Philippi,
1686 3069 1746 3160 qui
1768 3084 1808 3140 ut
1831 3083 1904 3140 erat
1927 3073 2087 3162 splendi-

73 3169 263 3258 contingcre
284 3169 458 3259 optatius,
488 3189 592 3260 quam
610 3186 649 3240 ut
664 3171 703 3238 iu
722 3171 783 3240 tali
799 3185 901 3240 coetu
916 3170 1049 3242 Docto-
1099 3169 1182 3251 dus,
1217 3179 1251 3233 et
1277 3188 1349 3232 aton
1374 3165 1473 3232 rudis
1504 3167 1684 3250 literarum
1719 3184 1753 3238 et
1774 3195 1899 3260 magna
1923 3174 2086 3242 comitate

73 3288 139 3336 rum
171 3269 294 3340 vivat?
344 3267 413 3338 Hic
446 3270 561 3339 soluta
596 3273 756 3342 oratione
788 3271 943 3342 certabat
968 3293 1047 3342 curn
1099 3267 1298 3358 praeditus,
1325 3266 1463 3336 volebat
1486 3268 1602 3336 aulam
1626 3263 1756 3338 habere
1780 3286 1939 3342 ornatam
1966 3275 2086 3343 litera-

74 3363 242 3454 Guarino,
267 3393 369 3440 versu
385 3393 465 3439 cum
483 3369 636 3456 Strozis,
662 3374 706 3442 de
723 3365 956 3462 Philosophia
975 3373 1048 3440 dis-
1098 3369 1144 3436 tis
1171 3363 1387 3436 homiuibus.
1426 3363 1665 3458 ·Dalburgius
1690 3369 1930 3442 cancellarius
1957 3376 2086 3442 deiude

74 3471 195 3541 serebat
217 3495 301 3540 cum
327 3469 359 3538 'I'
363 3467 518 3546 heodoro
545 3469 662 3552 Gaza,
690 3488 726 3544 et
741 3475 887 3541 caeteris
901 3473 1048 3541 summis
1097 3470 1210 3540 factus
1234 3465 1524 3554 cstl'angionum
1547 3468 1756 3560 Episcopus.
1809 3472 2087 3566 IsHeydelber·
2139 3499 2140 3502 ¹

73 3569 156 3643 viris.
230 3567 414 3642 Audiebat
452 3573 664 3660 professores
705 3572 869 3642 omnium
906 3574 1047 3646 artium.
1098 3593 1175 3659 gam
1199 3567 1336 3636 vocavit
1364 3564 1614 3656 Rodolphum,
1646 3595 1707 3642 seu
1733 3587 1772 3643 ut
1798 3575 1872 3644 eius
1896 3590 2084 3646 consuetu-

73 3663 217 3764 Cumque
243 3673 376 3763 pariter
399 3673 571 3744 excoleret
585 3675 767 3763 ingenium
789 3673 970 3743 doctrinae
985 3697 1047 3742 va·
1098 3672 1182 3741 dine
1198 3692 1234 3737 se
1250 3669 1323 3758 ipse
1338 3670 1381 3736 ad
1397 3682 1488 3736 recte
1499 3673 1726 3742 scribendum
1751 3677 1995 3756 assuefaceret,
2021 3699 2086 3746 seu

74 3771 198 3857 rietate,
232 3789 267 3845 et
291 3773 552 3867 ineloquentia
578 3777 787 3860 elaboraret,
820 3776 928 3844 totius
948 3775 986 3844 ln
1010 3798 1047 3843 se
1097 3785 1139 3842 ut
1166 3771 1332 3840 iuventus
1368 3765 1511 3840 haberet
1541 3775 1623 3866 styli
1655 3776 1892 3848 formatorem.
1964 3775 2084 3847 Hosius

74 3867 180 3942 ltaliae
196 3900 258 3947 ora
275 3876 465 3968 oculosque
480 3878 664 3947 convertit.
707 3875 929 3964 Magnarum
941 3878 1046 3946 laude
1097 3871 1284 3960 Dalburgii
1310 3873 1542 3944 contubernio
1566 3899 1651 3945 usus
1672 3890 1723 3946 est
1750 3881 1865 3970 quoad
1887 3879 1984 3949 vixit.
2036 3875 2085 3950 Et
2142 3937 2145 3944 .

74 3971 265 4064 disputavit,
292 3977 470 4046 enarravit
492 3991 630 4047 autores
653 3978 836 4070 utriusque
851 3979 992 4066 linguae
1007 3977 1045 4044 in
1097 3998 1300 4068 quanquam
1320 3973 1421 4043 licuit
1438 3997 1510 4042 esse
1526 3976 1664 4060 ocioso,
1690 3991 1806 4046 tamen
1822 3993 1967 4070 propter
1985 3981 2084 4050 utili-

73 4070 124 4142 illa
144 4075 214 4166 ipsa
238 4074 450 4160 Academia,
481 4073 606 4148 habuit
630 4079 807 4147 orationes
823 4102 949 4167 magna
965 4103 1044 4148 cum
1097 4089 1204 4146 tatem
1237 4075 1448 4158 iuventutis,
1495 4077 1533 4144 in
1565 4073 1754 4148 Academia
1790 4082 1930 4169 publice
1964 4082 2088 4154 docuit

73 4177 314 4265 approbatione
330 4179 561 4251 eruditorum.
613 4178 725 4249 Porro
747 4180 1047 4266 magnalausfuit
1099 4175 1232 4246 Graece
1255 4187 1290 4243 et
1309 4172 1450 4244 Latine.
1501 4175 1573 4244 Nec
1588 4179 1689 4248 duxit
1710 4181 1777 4248 sibi
1795 4206 1918 4271 parum
1934 4177 2085 4251 honori-

74 4265 196 4346 homini
207 4276 409 4365 Germano,
435 4303 509 4348 non
523 4281 637 4350 solum
654 4280 904 4350 emditioneet
919 4303 1045 4368 genere
1096 4279 1200 4346 ficum
1217 4298 1308 4355 esse,
1334 4299 1536 4368 quanquam
1550 4278 1683 4363 aulico,
1709 4276 1845 4351 scholas
1861 4278 2001 4374 babere.
2036 4281 2088 4355 Ut

75 4379 252 4460 sermonis,
292 4383 354 4450 scd
389 4383 496 4452 etiam
521 4395 702 4452 venustate
732 4377 881 4450 actionis
906 4382 1045 4452 satisfa·
1096 4374 1321 4448 scholasticas
1342 4400 1465 4466 operas
1482 4401 1577 4448 nunc
1592 4381 1695 4450 multi
1715 4383 1841 4452 leviter
1856 4385 1956 4454 tincti
1974 4385 2086 4455 literis

13 4545 15 4550 .
75 4497 139 4545 cere
155 4477 293 4564 ltaliae,
318 4505 457 4551 morose
480 4505 520 4552 ac
541 4483 720 4552 fastidiose
734 4482 921 4578 iudicanti.
973 4481 1045 4552 Nec
1095 4481 1301 4562 fastidiunt,
1326 4491 1365 4546 ut
1381 4491 1431 4548 est
1449 4472 1555 4548 huius
1570 4483 1822 4570 perversissimi
1839 4486 1947 4556 seculi
1960 4508 2085 4578 super-

75 4578 188 4666 opinor
202 4583 266 4650 ulli
283 4579 542 4652 Germanorum
558 4597 694 4673 praeter
715 4579 830 4668 huuc,
856 4581 964 4654 Italos
979 4584 1045 4653 tri·
1096 4583 1167 4652 bia.
1219 4578 1322 4650 Adiit
1338 4580 1461 4650 crebro
1477 4583 1733 4668 disputationes
1747 4587 1908 4654 omnium
1925 4585 2085 4678 discipli-

75 4675 177 4750 buisse
194 4693 349 4770 tantum,
375 4697 415 4754 ut
438 4683 578 4774 publice
594 4686 777 4756 docentem
792 4707 872 4754 cum
888 4685 1045 4756 admira·
1096 4707 1235 4754 narum.
1295 4679 1336 4750 ln
1354 4676 1585 4772 Philosophia
1610 4688 1818 4756 emendabat
1840 4688 1977 4778 ineptas
2001 4711 2085 4778 per·

74 4775 158 4846 tione
172 4784 353 4868 audirent,
376 4807 415 4854 ac
429 4785 560 4877 pariter
573 4786 828 4869 eruditionem,
852 4809 1044 4876 genusser-
1096 4785 1275 4856 suasiones
1295 4777 1445 4852 scholae.
1498 4783 1552 4852 lbi
1570 4785 1674 4854 etiam
1689 4787 1827 4877 scripsit
1841 4789 1951 4858 libros
1971 4788 2087 4858 diale-

75 4882 176 4950 monis
201 4897 235 4954 et
258 4886 432 4956 actionem
454 4888 656 4977 probarent.
714 4884 834 4956 Audio
860 4912 962 4977 saepe
983 4912 1044 4956 ro·
1096 4889 1219 4966 cticos,
1244 4897 1283 4952 ut
1299 4897 1408 4952 artem
1423 4899 1647 4976 repurgaret‚
1673 4890 2026 4981 eamqueetenebris
2043 4889 2083 4958 in

76 4993 177 5066 gatum
201 5007 272 5054 esse
293 4981 482 5056 Erasmum
508 4988 546 5056 iu
565 4986 685 5069 ltalia,
711 5001 750 5060 ut
766 4986 943 5079 specimen
961 5011 1044 5058 suae
1061 5061 1063 5066 ,
1095 4989 1210 5058 lucem
1231 4999 1267 5056 et
1290 4986 1328 5052 in
1345 4988 1453 5074 aciem
1472 4989 1653 5068 educeret,
1681 5012 1783 5058 usum
1801 4991 1961 5058 videlicet
1978 5014 2084 5060 mon·

75 5083 268 5170 cruditionis
282 5111 322 5156 ac
336 5089 522 5158 facundiae
536 5091 678 5180 publica
694 5089 928 5180 praelectione
941 5112 1044 5180 prae-
1095 5103 1220 5160 straus.
1271 5085 1381 5158 Senes
1405 5084 1670 5179 Heydelbergae
1699 5105 1846 5160 namant
1868 5115 1984 5160 mores
2007 5093 2085 5166 eius

74 5177 168 5256 beret.
223 5185 290 5258 Sed
315 5201 355 5260 ut
379 5182 446 5260 hac
471 5191 509 5258 in
531 5213 568 5260 rc
592 5191 714 5260 amicis
737 5215 872 5262 morem
894 5191 1044 5279 gereret,
1094 5187 1261 5261 honestos
1282 5203 1316 5258 et
1339 5201 1452 5258 castos
1472 5189 1598 5273 fuisse,
1624 5203 1691 5260 eta
1708 5191 1842 5275 livore,
1866 5192 2084 5262 malevolen-

75 5281 187 5354 adduci
218 5311 398 5382 nunquam
425 5291 560 5381 potuit,
599 5306 759 5362 metuens
783 5316 829 5362 ne
863 5293 908 5362 ab
944 5290 1044 5365 Italis
1094 5295 1141 5362 tia
1173 5317 1213 5362 ac
1240 5290 1433 5382 petulantia
1469 5290 1716 5362 alienissimos.
1772 5289 1855 5362 N'on
1878 5306 1929 5363 est
1957 5294 2084 5366 solitus

75 5387 304 5470 pronunciatio
326 5385 482 5462 hominis
505 5390 675 5462 Germani
700 5394 930 5466 derideretur.
989 5394 1042 5466 Ac
1092 5394 1232 5464 irritare
1254 5415 1433 5477 morosos,
1465 5389 1719 5484 intempestivis
1736 5389 2085 5486 reprehensionibus,
