4616 5816
82 272 142 354 421
649 261 657 276 “
786 265 952 346 DEGIa
989 263 1070 344 Du
1100 259 1387 344 PLATONR.
2021 279 2105 356 ιω

78 441 266 516 auditorem
289 439 416 524 fuisse,
439 441 484 510 de
500 440 600 512 euius
613 435 846 534 Philosophia
871 441 923 514 sie
938 439 1061 512 scribit
1104 433 1335 531 propositum
1366 459 1457 523 esse,
1492 451 1534 510 ut
1558 441 1718 512 oratione
1747 444 1896 534 gloriam
1922 443 1989 518 Dei
2016 451 2102 523 illu·
2150 505 2158 526 ,

77 543 279 630 adamicum
295 543 490 635 quendam:
514 541 629 615 Video
645 558 679 616 te
694 545 919 636 disciplinam
935 543 1060 627 colere,
1112 553 1242 624 strent,
1273 541 1385 610 multo
1411 541 1617 642 diligentius
1645 565 1681 612 se
1709 549 1752 614 ad
1783 561 1853 616 tam
1883 552 2100 639 praeclarum

78 660 107 718 et
130 645 271 739 quidem
296 643 603 738 Platonis,·quae
623 671 706 716 vere
726 649 918 718 detestatur
942 647 1059 737 turpia
1111 666 1201 736 opus
1230 657 1459 733 praeparent,
1500 645 1629 714 deinde
1662 647 1806 718 videant
1835 651 1962 738 etiam,
1995 680 2100 747 quam

76 751 165 820 lucra
190 760 225 818 et
241 746 465 836 imposturas,
480 761 522 824 ¹et
538 748 638 822 iubat
652 749 758 818 linem
772 748 936 818 omnium
949 745 1059 818 actio·
1110 757 1213 835 turpe
1229 743 1276 814 sit
1296 746 1454 816 conferre
1470 746 1706 839 eloquentiam
1723 752 1766 819 ad
1791 753 2030 842 parasiticam,
2056 761 2101 828 ad

75 875 152 920 num
169 849 393 934 constituere,
409 849 577 920 virtutem
593 851 705 944 ipsam
721 875 762 920 ac
777 850 969 920 iusticiame
990 871 1058 941 qua
1110 847 1294 916 scurrilem
1311 846 1613 934 maledicentiam,
1638 853 1682 918 ad
1700 852 1967 926 calumniandae
1989 853 2101 930 hone-

76 951 230 1022 doctriua
245 950 444 1035 institutos,
469 953 567 1022 nefas
582 965 633 1022 est
647 954 788 1024 fraudes
810 966 945 1024 struere
968 950 1058 1030 aliis,
1110 961 1180 1018 stas
1199 961 1311 1032 artes,
1344 951 1388 1018 ad
1416 950 1668 1020 inflammanda
1692 953 1773 1022 odia
1802 957 1968 1028 adversus
1992 957 2100 1030 Chri·

75 1068 105 1124 et
127 1077 198 1122 uon
221 1075 303 1140 erga
325 1076 449 1122 omnes
473 1077 546 1126 esse
576 1055 699 1126 iustos.
757 1052 854 1124 Haec
878 1067 962 1124 suut
984 1050 1058 1123 De·
1110 1063 1215 1123 stum.
1266 1047 1439 1144 Haecqui
1456 1053 1599 1138 faciunt,
1624 1067 1718 1123 utre
1736 1055 1957 1146 ipsamorem
1974 1062 2100 1132 diabo-

74 1149 262 1224 mosthenis
285 1155 408 1238 verba,
442 1155 481 1224 in
503 1155 633 1248 quibus
659 1151 895 1226 honorificum
915 1155 1058 1228 Platoni
1109 1152 1216 1222 licum
1237 1151 1441 1238 imitantur,
1463 1153 1510 1224 ita
1538 1161 1613 1224 uou'
1631 1156 1855 1248 eloquentes,
1880 1161 1939 1229 sed
1964 1163 2099 1234 diaboli

76 1255 309 1328 testimonium
323 1255 458 1326 tribuit.
490 1255 564 1330 Nee
577 1283 661 1328 vero
679 1259 832 1348 vulgaris
848 1257 1056 1350 prudentiae
1108 1253 1186 1324 iure
1207 1255 1357 1325 vocandi
1381 1269 1475 1328 sunt.
1527 1253 1599 1326 Nec
1622 1281 1706 1325 vero
1731 1259 1833 1348 pauci
1856 1275 1939 1332 sunt
1960 1266 2045 1334 tales
2061 1267 2099 1335 iu

74 1359 151 1441 fuit,
175 1357 400 1448 videtequid
423 1358 485 1430 illa
509 1360 608 1450 prior
628 1355 828 1452 Sophistica
846 1359 1000 1450 Gorgiae
1024 1371 1059 1428 et
1108 1351 1164 1426 his
1181 1356 1332 1447 publicis
1351 1357 1536 1426 discordiis
1544 1382 1553 1444 ;
1586 1373 1638 1430 est
1659 1360 1754 1428 enim
1771 1361 1959 1458 plusquam
1977 1366 2099 1440 verum

75 1459 258 1544 similium,
285 1453 430 1530 haberet
447 1460 546 1546 uitii,
572 1477 606 1534 et
630 1487 771 1534 cursum
787 1464 985 1534 studiorum
1000 1475 1056 1531 to·
1107 1460 1204 1550 quod
1222 1459 1270 1529 ait
1285 1457 1501 1530 Menander:

75 1562 136 1632 tius
155 1563 208 1630 sui
227 1560 339 1630 seculi
359 1577 603 1656 commutare..
640 1564 764 1654 Magni
785 1589 824 1634 ea
844 1587 899 1634 res
922 1563 1056 1654 ingenii
1234 1583 1251 1654 ,t
1274 1587 1343 1668 ppo,
1362 1581 1499 1668 ugho„
1519 1595 1584 1665 τοῖς
1606 1599 1752 1676 πονηροῖς
1773 1591 1890 1676 3532„

75 1678 105 1734 et
119 1657 252 1732 heroici
276 1662 483 1750 significatio
505 1665 591 1736 fuit:
625 1664 725 1738 Vidit
750 1689 846 1736 arma
863 1666 941 1736 dari
956 1667 1056 1736 iuve-
1233 1686 1361 1773 πράττει
1384 1689 1411 1752 a'
1434 1686 1451 1753 ὁ
1475 1687 1571 1766 κόλαξ
1593 1689 1707 1777 ἄριστα
1729 1692 1864 1780 πάντων,
1887 1697 2028 1783 δεύτερος

77 1766 172 1834 uibus
185 1766 228 1834 ad
248 1764 618 1859 movendasRespub,
639 1791 718 1838 cum
738 1793 812 1838 non
830 1769 1056 1838 struerentur
1176 1775 1181 1784 '
1233 1785 1250 1854 ὅ
1275 1771 1482 1884 ῥυκοφάπῇς,
1505 1787 1521 1855 ὅ
1546 1791 1580 1854 δὲ
1601 1789 1765 1877 κακοήθης
1785 1797 1939 1880 τρίτατος.

77 1867 206 1955 ingenia
228 1866 585 1954 graviorcdoctrina,
611 1872 669 1940 sed
688 1895 758 1940 uua
773 1872 851 1940 laus
868 1884 974 1954 esset,
999 1869 1057 1938 di·
1104 1909 1140 1983 Ε

908 1973 916 1989 ,
1164 1913 1265 1983 alunt
1281 1904 1344 1984 has
1363 1920 1476 2005 pestes
1497 1915 1570 2000 illi,
1596 1915 1658 2007 qui
1675 1913 1859 1989 cohercere
1874 1923 2024 1993 maxime
2038 1925 2097 1994 de-

77 1971 176 2040 ceodo
190 1969 416 2054 conturbare,
442 1981 477 2040 et
493 1983 678 2042 concutere
696 1971 798 2062 leges,
823 1985 857 2042 et
870 1973 960 2041 alcas
973 1995 1056 2087 cau·
1104 2017 1249 2088 ΜΘΝ.
1292 2011 1425 2084 Verum
1441 2011 1526 2084 haec
1543 2017 1684 2110 querela
1702 2019 1858 2090 fortassis
1875 2039 2015 2096 nonest
2031 2022 2099 2096 hu·

77 2094 132 2142 δέ·
181 2063 1057 2191 QumhmmGlmhfiindaliu‘i‘mm'
1108 2119 1163 2190 ius
1177 2117 1261 2190 loci.
1290 2113 1414 2188 Redeo
1433 2115 1541 2206 igitur
1556 2117 1600 2186 ad
1616 2119 1830 2196 institutum.
1867 2121 1915 2196 Ut
1930 2123 2100 2198 Horatius

77 2195 132 2240 nae
147 2193 259 2262 genus
275 2171 475 2256 colendum,
489 2176 588 2270 ‘cattle
600 2178 762 2246 moribus
778 2189 812 2246 et
827 2199 915 2265 pacr.
953 2172 1056 2244 Hanc
1109 2217 1304 2310 pindum
1324 2219 1493 2304 laudans,
1520 2219 1654 2314 inquil:

79 2297 162 2342 suam
175 2273 389 2342 sententiam
405 2297 479 2342 non
493 2277 641 2347 obscure
657 2277 812 2346 ostendit
826 2278 863 2346 in
882 2277 1057 2370 iuterpre-

77 2376 194 2446 tatione
217 2373 315 2444 Delii
339 2375 484 2446 oraculi.
535 2375 660 2448 Fessae
684 2379 778 2448 euim
798 2375 953 2448 Graecae
969 2377 1057 2446 civi-

78 2491 151 2546 tates
165 2476 339 2546 diuturno
356 2489 388 2543 et
409 2475 571 2551 luctuoso
587 2480 700 2566 hello,
725 2483 820 2572 quod
838 2480 931 2550 inter
944 2503 980 2550 se
997 2501 1058 2568 ge-

78 2579 206 2662 rebant,
242 2575 501 2648 consuluerunt
520 2583 704 2653 oraculum
726 2583 765 2650 in
785 2579 894 2666 Delo,
927 2581 1057 2676 quibus

77 2680 179 2750 nodis
191 2677 291 2748 Deus
309 2679 502 2766 placandus
517 2695 615 2766 esset,
635 2696 675 2754 nt
691 2681 878 2754 Graeciam
891 2706 1056 2774 praesen·
1107 2677 1159 2750 lta
1184 2677 1339 2768 profecto
1355 2671 1413 2746 hic
1433 2699 1583 2772 cygnos,
1608 2676 1710 2749 Plato
1727 2679 1908 2767 videlicet,
1934 2683 2098 2756 divinum

77 2782 159 2850 tibus
175 2779 281 2850 malis
299 2781 475 2854 liberaret.
515 2780 585 2852 Hic
601 2808 681 2854 cum
696 2783 793 2854 Deus
810 2785 1057 2876 respondisset,
1109 2780 1280 2874 quiddam
1295 2799 1438 2868 canens,
1462 2803 1585 2850 ornnes
1600 2775 1771 2852 Oratores
1788 2784 1987 2876 eloquentia
2002 2788 2099 2864 vicit.

77 2879 174 2952 Aram
202 2883 241 2950 in
258 2878 348 2950 Delo
375 2895 504 2967 totam,
537 2909 626 2976 quae
652 2899 726 2956 erat
753 2886 883 2976 figurae
902 2887 1057 2969 cubicae,
1108 2881 1243 2952 Passim
1269 2880 1307 2948 in
1332 2877 1524 2966 Cicerone,
1558 2905 1631 2950 non
1652 2885 1760 2953 modo
1784 2885 1822 2953 in
1845 2881 2099 2980 philosophicis

78 2985 318 3074 duplicandam
350 3005 442 3067 esse,
482 2982 610 3057 Graeci
641 2990 778 3058 addunt
799 2989 905 3058 aliam
926 2988 1056 3058 molem
1108 2981 1263 3072 scriptis,
1289 2983 1349 3052 sed
1375 2982 1478 3052 etiam
1501 2983 1539 3050 in
1561 2983 1763 3056 forensibus
1783 2987 1985 3058 actionibus
2001 3015 2099 3064 com-

78 3087 145 3178 pari
175 3085 444 3174 magnitudine,
476 3099 510 3156 et
541 3089 698 3160 efficiunt
726 3083 984 3188 τετράγωνον,
1018 3089 1056 3156 iu
1109 3097 1469 3176 parentoruamenta
1497 3108 1538 3154 er
1565 3083 1713 3156 Platone
1742 3089 1903 3180 decerpta
1933 3092 2098 3182 plurima.

78 3213 138 3280 quo
160 3188 348 3274 longitudo
374 3186 536 3258 vincebat
559 3190 797 3262 latitudinem.
848 3191 974 3262 Postea
1000 3191 1057 3258 in·
1108 3183 1156 3258 Et
1169 3186 1312 3280 quidem
1329 3183 1450 3256 Cicero
1468 3187 1646 3277 praedicat
1660 3211 1696 3257 se
1709 3189 1747 3256 in
1764 3187 1952 3261 Academia
1966 3187 2099 3264 Orato-

80 3303 264 3379 terrogant,
288 3287 422 3356 aurite
443 3292 589 3362 oraculo
613 3293 813 3382 paruerint,
836 3289 968 3383 Apollo
993 3315 1057 3360 ue·
1108 3313 1182 3357 rem
1210 3289 1340 3358 factum
1369 3311 1456 3374 esse3
1490 3287 1683 3377 poterimus
1707 3291 1816 3377 igitur
1840 3306 1874 3363 et
1900 3318 1965 3364 nos
1988 3297 2033 3364 ab
2056 3321 2097 3366 eo

79 3405 137 3478 gat.
185 3389 308 3479 Quare
330 3389 503 3478 perculsi,
535 3394 758 3484 suspicantur
778 3395 913 3486 aliquid
937 3392 1057 3464 arcani
1109 3389 1225 3474 multa¹
1249 3401 1457 3461 ornamenta
1485 3391 1653 3460 mutuari.
1710 3389 1778 3462 Sed
1806 3394 1927 3463 desino
1950 3398 1994 3464 de
2022 3397 2097 3466 elo·
2140 3409 2149 3428 ⁸

81 3486 138 3562 hoc
159 3491 346 3562 involucro
372 3489 605 3580 significatum
640 3518 732 3584 esse,
760 3519 800 3564 ac
829 3497 1055 3586 interpretem
1109 3490 1404 3586 quentiadieere,
1437 3514 1525 3582 quae
1542 3514 1760 3561 summorum
1779 3487 1974 3566 Oratorum
1997 3500 2097 3568 testi·

81 3596 200 3664 oraculi
224 3593 452 3662 excellentem
479 3594 622 3686 iugenio
644 3610 677 3666 et
698 3597 860 3666 doctrina
883 3621 1057 3689 quaeren-
1108 3592 1239 3662 moniis
1251 3591 1334 3662 satis
1348 3592 1518 3660 celebrata
1534 3605 1595 3665 est.
1649 3591 1776 3684 lugens
1796 3609 1912 3666 autem
1927 3600 2032 3668 decos
2048 3613 2098 3672 est

82 3699 156 3765 dum
178 3718 251 3766 esse
275 3708 429 3766 censent.
481 3693 655 3767 Deferunt
674 3698 789 3788 ,igitur
809 3699 992 3768 oraculum
1013 3697 1057 3766 ad
1108 3696 1147 3764 in
1170 3689 1314 3764 homine
1339 3693 1550 3786 eloquentia.
1603 3691 1655 3764 De
1679 3696 1783 3764 rebus
1806 3697 1891 3788 ipsis
1915 3713 1950 3769 et
1972 3723 2098 3788 gessere

82 3794 274 3880 Platonem,
297 3797 359 3888 qui
376 3799 531 3866 ostendit
553 3799 602 3868 eis
618 3814 771 3870 erratum
787 3800 827 3870 in
843 3801 1057 3892 duplicanda
1108 3790 1361 3884 Philosophiae
1378 3818 1524 3884 maguae
1545 3809 1628 3866 sunt
1649 3801 1907 3870 controversiae
1921 3802 2015 3872 inter
2031 3805 2097 3872 do-

83 3923 143 3984 ara,
166 3900 260 3992 quod
278 3921 344 3987 pro
358 3899 480 3968 cubica
495 3899 657 3972 fecissent
671 3894 919 4000 τετράγωνον,
943 3916 978 3973 et
993 3904 1058 3972 do·
1109 3911 1192 3970 ctos.
1244 3895 1403 3966 Primum
1425 3897 1514 3967 illud
1533 3912 1687 3983 constat,
1712 3897 1895 3970 Platonem
1914 3927 1988 3972 non
2010 3907 2097 3974 scri·
2123 3970 2126 3979 ,

83 4014 144 4080 cet,
177 4001 358 4094 quomodo
391 4001 501 4074 cubus
535 4003 769 4092 duplicandus
802 4005 864 4084 sit,
900 4003 1058 4096 quaesito
1109 3999 1218 4092 psisse
1232 3999 1357 4068 ordiue
1371 3999 1523 4088 integras
1538 4014 1641 4084 artes,
1658 4002 1717 4068 scd
1732 4001 1960 4099 liberioribus
1974 4007 2096 4100 dispu-

84 4102 241 4174 diametro
258 4101 354 4176 cubi.
405 4100 531 4172 Monet
549 4117 665 4174 autem
682 4101 857 4190 Graecos,
883 4130 958 4176 non
981 4129 1058 4174 mo·
1109 4101 1306 4176 tationibus
1332 4101 1418 4170 alias
1444 4106 1487 4170 de
1512 4101 1581 4170 alio
1604 4101 1682 4170 loco
1707 4103 1792 4194 quid
1822 4089 2013 4193 probaret:
2036 4123 2097 4180 aut

85 4203 143 4272 lem
164 4228 244 4274 arae
268 4225 479 4293 magnopere
494 4203 569 4274 Deo
590 4230 694 4274 curae
718 4229 809 4287 esse,
840 4231 904 4276 nec
926 4206 1058 4297 placari
1104 4204 1198 4297 quid
1213 4225 1287 4272 non
1304 4203 1478 4292 probaret,
1501 4203 1706 4275 ostendisse.
1738 4203 1875 4274 Multae
1894 4208 1998 4276 etiam
2015 4225 2097 4280 sunt

85 4303 185 4376 Ileurn
199 4305 360 4395 lapidum
374 4319 488 4392 strue,
515 4309 573 4379 sed
594 4321 681 4376 tecte
696 4309 885 4398 significari
899 4309 966 4378 alia
983 4333 1059 4378 me·
1105 4320 1151 4376 vut
1168 4299 1324 4377 heminis
1340 4304 1513 4392 ingeniosi
1532 4323 1566 4372 et
1583 4305 1800 4398 eloquentis,
1826 4309 1887 4399 qui
1903 4311 2046 4404 quidem
2062 4327 2096 4382 et

87 4405 162 4476 liora
183 4407 298 4476 studia
313 4403 459 4476 Graecis
479 4409 625 4478 colenda
651 4431 746 4495 esse,
767 4411 947 4495 videlicet,
973 4406 1060 4480 Phi·
1111 4421 1236 4480 natma
1252 4405 1320 4478 fuit
1335 4399 1548 4487 σκωπτικὸς,
1571 4405 1725 4476 ironicae
1743 4421 1775 4478 et
1791 4409 1958 4498 figuratae
1974 4414 2097 4504 dispo-

86 4503 289 4599 losophiam,
315 4509 536 4599 profuturam
558 4513 603 4580 ad
625 4511 989 4593 flectendosanimos,
1015 4513 1059 4582 ad
1110 4509 1281 4594 tationes,
1312 4508 1425 4600 qualis
1446 4521 1515 4591 est,
1548 4531 1629 4578 cum
1655 4509 1783 4578 ludens
1805 4511 1944 4583 disserit
1974 4538 2096 4584 omues

87 4609 297 4695 modestiam,
318 4610 513 4692 iusticiam,
537 4625 572 4682 et
595 4637 751 4685 amorem
776 4615 937 4706 publicae
961 4627 1062 4684 tran·-
1111 4623 1257 4700 magnos
1275 4611 1370 4680 viros
1396 4611 1485 4682 bene
1508 4609 1651 4680 meritos
1669 4611 1712 4680 de
1729 4609 1869 4704 Repub.
1886 4615 1974 4685 iuste
1990 4617 2096 4706 plecti

89 4712 271 4801 quillitatis.
315 4709 383 4782 His
397 4714 524 4782 studiis
541 4713 735 4786 excitandis
751 4740 925 4809 nusquam
941 4713 1062 4786 Plato·
1112 4713 1225 4784 asuis
1246 4713 1401 4795 civibus,
1426 4712 1509 4806 quia
1528 4711 1706 4782 beneficiis
1725 4713 1815 4797 suis,
1840 4717 1936 4806 vulgi
1958 4718 2097 4809 cupidi-

90 4813 137 4881 uis
151 4837 254 4905 opera
269 4814 393 4899 defuit,
414 4829 450 4884 et
465 4829 506 4886 ut
519 4816 665 4888 iuvenes
678 4818 900 4910 eloquentiae
915 4819 1061 4910 cupidos
1112 4828 1200 4886 tates
1222 4829 1256 4886 et
1276 4815 1453 4884 licentiam
1476 4813 1650 4888 auxerint.
1701 4811 1766 4883 Est
1787 4829 1821 4886 et
1844 4815 2025 4904 πολιτεία,
2059 4820 2097 4888 in

91 4929 254 5000 moueret,
279 4939 353 4988 non
369 4917 415 4986 ad
434 4919 621 5009 populares
636 4920 809 4992 tumultus
832 4922 1062 4990 exercendam
1113 4941 1183 5011 qua
1199 4917 1299 5014 lingit
1316 4939 1544 4993 ‚communem
1567 4939 1687 4984 rerum
1711 4937 1834 4996 11111111,
1862 4943 2006 5009 prorsus
2026 4920 2099 4992 iro-

93 5037 153 5084 esse
170 5019 386 5103 facundiam,
414 5021 474 5088 sed
495 5023 540 5088 ad
564 5020 674 5090 alium
691 5015 928 5094 honestiorem
945 5045 1063 5106 usum,
1114 5019 1209 5104 nica,
1235 5018 1349 5090 voluit
1366 5017 1461 5086 enim
1480 5017 1567 5086 salse
1583 5031 1616 5088 et
1638 5018 1783 5104 figurate
1800 5019 1974 5090 infinitam
1996 5045 2099 5114 rapa-

93 5115 209 5208 iuquit:
236 5115 470 5212 Eloquentiae
489 5121 597 5193 linem
619 5145 713 5210 esse,
741 5147 816 5194 non
837 5138 877 5196 ut
899 5117 1063 5194 homines
1115 5122 1252 5195 citatem
1274 5133 1458 5211 potentum
1482 5131 1610 5190 taxare.
1666 5115 1720 5186 De
1744 5119 1832 5189 ideis
1857 5145 1945 5214 quae
1968 5125 2099 5194 delira-

95 5217 243 5304 delectet,
267 5224 328 5292 sed
343 5236 383 5292 ut
396 5222 471 5294 Deo
490 5236 587 5312 grata
602 5224 707 5299 dicat.
745 5223 823 5298 Hoc
840 5240 1063 5318 praeceptum
1110 5235 1232 5296 :menta
1269 5221 1447 5294 finxerunt
1479 5221 1632 5304 indocti,
1672 5244 1752 5292 cum
1785 5245 1895 5311 genus
1930 5228 2100 5296 sermonis

96 5320 215 5392 aduam
228 5323 375 5414 inligant
391 5325 519 5396 animis
534 5326 790 5416 adolescentes,
815 5341 856 5400 nt
868 5351 949 5400 cum
967 5326 1065 5417 cogi·-
1116 5324 1284 5416 grandius
1300 5325 1338 5394 in
1352 5322 1498 5394 Platone
1515 5347 1589 5392 non
1604 5335 1718 5392 essent
1734 5327 1892 5409 assecuti,
1913 5351 1977 5397 uec
1993 5331 2102 5397 vidis-

97 5421 223 5512 tabunt,
248 5421 343 5535 bunc
358 5427 494 5500 lantum
507 5429 612 5499 linem
628 5423 757 5502 horum
778 5432 975 5504 studiorum
996 5429 1065 5502 sibi
1116 5440 1194 5503 sent
1211 5427 1307 5502 ideas
1328 5428 1373 5500 ab
1390 5449 1473 5603 12ῧεῖ
1486 5425 1557 5498 dici
1580 5423 1749 5547 imagines
1766 5451 1804 5498 ac
1821 5428 1968 5500 noticias
1985 5432 2102 5500 erudi-

1286 2341 1383 2404 lllults
1397 2339 1541 2403 Direeum
1556 2347 1635 2406 levat
1648 2367 1718 2406 aura
1733 2369 1876 2430 cygnum,
1952 2345 1959 2362 ⁸
1982 2411 1984 2424 ,

1288 2443 1399 2532 Tendit
1418 2443 1537 2506 Antoni
1553 2452 1670 2530 quoties
1684 2453 1715 2509 iu
1731 2453 1805 2511 altus

1287 2545 1422 2609 Nublum
1437 2559 1557 2612 tructus.
