4646 5824
216 305 291 382 sss
577 251 1851 377 soccoronio.nosocomeion-s...
2176 295 2258 368 ooo

223 423 401 608 Q
488 425 493 434 ¹
1034 497 1085 540 sn.
1102 420 1196 536 tots.
1361 461 1659 562 Quandocnnqne
1681 459 1783 538 neus
1800 463 1912 540 tradit
1932 476 1994 539 ant
2016 445 2164 538 renovat
2192 467 2263 538 do·

1029 556 1204 596 *Α*
1261 565 1434 654 ctrinam,
1460 567 1577 638 statim
1600 565 1753 640 obruere
1774 589 1850 639 eam
1864 565 2059 656 Diabolus,
2083 567 2261 642 utDeum

301 681 379 768 De
408 669 556 766 dicio:
585 671 730 762 Posui
750 671 888 760 verba
915 698 1019 758 mea
1046 679 1128 758 cic.
1261 670 1476 742 contumelia
1492 669 1640 756 afficiat,
1665 683 1828 744 conatur.
1880 667 1929 744 Ut
1942 671 2071 744 offudit
2085 673 2262 742 nebulam

288 839 421 896 hm
445 833 516 892 M
543 833 568 887 Τ
591 833 627 890 m
652 849 671 904 p
694 831 774 898 609,
797 827 1024 903 mmm
1049 830 1102 890 m
1145 830 1213 888 &b
1261 766 1394 858 Hevae,
1416 771 2024 845 utenmavocedivinaabduceret.
2064 769 2119 846 lta
2135 787 2262 866 postea

324 919 387 964 ress
401 875 447 962 11⁸1,
469 921 496 976 p.
510 871 576 957 ἐπ’
590 911 617 959 es
630 869 799 972 'tn'Geoigtt
820 899 956 974 Principis
971 871 1082 956 Antisti.
1097 867 1213 958 idocto-
1262 895 1365 966 saepe
1390 873 1557 944 omnlbus
1588 875 1759 946 aetatibus
1790 876 1956 946 inductae
1981 891 2064 947 sunt
2087 877 2262 946 tenebrae

321 971 593 1102 ffffldfflffih
620 990 647 1044 P·
669 967 756 1093 5¹2¹&
799 969 870 1054 nam
897 977 936 1022 ‘⁸‘
961 969 1214 1094 9¹²l?⁰‚³5¹¹⁰‘³³⁰d⁸·
1264 975 1624 1048 coelesti'doctrinae.
1681 973 1735 1051 Ae
1755 977 1893 1048 vidistis
1915 972 1981 1047 hac
2001 992 2120 1049 nostra
2143 991 2262 1047 aetate

324 1061 472 1172 narrisius
487 1059 540 1166 id.
554 1049 1214 1182 ffiiii'ptsiaq'ititiumffffit'ss‘pfnvzifwv1⁰,
1263 1077 1432 1150 lanaticos
1447 1077 1640 1150 multorum
1656 1075 1806 1154 lusores.
1856 1077 1959 1148 Talia
1970 1077 2126 1170 pericula
2137 1081 2176 1148 in
2195 1075 2262 1148 hac

321 1203 350 1258 t·
364 1181 417 1237 ⁹⁰⁶
431 1191 458 1236 θ’
490 1179 532 1236 ¹⁶·
833 1197 838 1206 ’
1265 1177 1453 1251 hominnm
1471 1179 1713 1250 imbecillitate
1736 1203 1873 1274 semper
1888 1183 2075 1252 metuenda
2093 1195 2198 1266 sunt,
2227 1193 2264 1250 et

524 1343 532 1360 .
737 1341 747 1360 .
911 1342 920 1360 .
1265 1285 1578 1352 adversuseanon
1597 1281 1711 1351 solum
1827 1281 1865 1351 ii
2113 1308 2130 1350 r
2166 1283 2204 1350 vi
2231 1283 2263 1339 '-

222 1347 350 1422 oram
379 1331 601 1438 mmm]
628 1334 677 1410 ὼ
704 1335 805 1410 ΜΘ
829 1341 968 1411 Εωωθ
991 1335 1075 1412 5¹⁹²
1103 1343 1217 1412 Μ
1264 1383 1395 1470 lautia,
1422 1397 1456 1454 et
1472 1385 1669 1453 constantia
1685 1283 1822 1454 merarii}
1837 1295 2169 1470 initiiiniiailiiini,
2198 1307 2261 1454 ἔριά

436 1439 549 1516 ϋθῒῦῦ
574 1462 660 1514 Μ
686 1443 729 1514 ⁸⁹¹³
755 1463 818 1512 m
844 1449 910 1514 ¹⁸⁴⁰
933 1449 1004 1514 ⁶⁸⁰·
1266 1487 1371 1557 etiarn
1394 1481 1491 1556 Deus
1520 1487 1678 1556 orandus
1703 1497 1772 1572 est,
1806 1499 1845 1556 ut
1867 1485 1941 1578 ipse
1969 1485 2135 1568 insidias,
2167 1511 2263 1580 quae

223 1581 405 1670 Condidit
420 1585 516 1658 Deus
532 1609 642 1678 genus
659 1580 854 1656 humanum
873 1587 915 1656 ad
937 1587 1156 1670 societatem,
1182 1596 1217 1654 et
1266 1612 1369 1682 saepe
1393 1601 1581 1660 struuntur
1606 1587 1776 1678 singulari
1792 1588 1938 1669 astutia,
1969 1588 2134 1680 depellat.
2185 1587 2263 1659 Ac·

226 1693 470 1790 generatione,
501 1689 729 1775 educatione,
760 1689 1000 1772 institutione‚
1026 1685 1218 1757 contracti-
1267 1691 1389 1760 cedere
1419 1703 1536 1762 tamen
1567 1687 1608 1760 in
1640 1689 1745 1759 nobis
1776 1689 1935 1759 discendi
1964 1711 2084 1760 euram
2109 1701 2265 1782 oportet,

224 1805 311 1884 hus,
337 1793 514 1886 imperiis,
539 1803 574 1862 et
595 1791 719 1861 multis
739 1791 876 1882 magnis
896 1806 932 1862 et
947 1787 1120 1859 mirandis
1135 1787 1218 1857 vin-
1267 1817 1373 1888 quam
1396 1790 1597 1882 saepissime
1619 1791 1790 1883 praecipit
1811 1817 1877 1861 vox
1891 1791 2024 1864 divina.
2076 1789 2147 1863 Sed
2160 1817 2264 1862 sum-

225 1902 316 1972 culis
329 1897 529 1968 societatem
552 1893 723 1964 devinxit.
775 1891 865 1964 Vult
887 1891 1218 1962 enimconsociatos
1267 1917 1323 1963 ma
1346 1907 1397 1963 est
1418 1891 1544 1964 talium
1566 1905 1832 1985 praeceptorum
1858 1893 1895 1961 in
1923 1887 1980 1963 his
2003 1891 2136 1963 verbis:
2173 1893 2264 1964 Pre-

225 2027 300 2074 esse
317 1997 497 2078 homines,
523 2007 564 2066 ut
583 1995 688 2064 simul
703 2019 812 2066 unam
831 2019 952 2066 vocem
975 1993 1157 2064 doctrinae
1173 1993 1217 2061 de
1268 1989 1412 2064 hendite
1437 1993 1598 2088 clypeum
1619 1993 1720 2076 fidei,
1743 2005 1785 2064 ut
1809 1995 1949 2086 possitis
1971 1995 2090 2078 omnia
2110 1997 2181 2066 tela
2198 2019 2264 2065 nc-

225 2106 303 2180 Deo
319 2111 465 2184 sonent,
490 2111 525 2167 et
539 2095 601 2166 alii
614 2095 703 2166 alios
717 2097 893 2170 erudiant.
946 2093 1031 2166 ldeo
1047 2108 1082 2166 et
1097 2107 1218 2164 coetus
1267 2096 1429 2192 quissimi
1443 2093 1587 2187 spiritus
1602 2095 1714 2184 ignita
1730 2095 1946 2187 extinguere.

227 2229 301 2278 esse
316 2199 511 2274 Ecclesiam
529 2198 659 2279 voluit,
686 2199 783 2270 etita
799 2196 953 2270 instituit
969 2197 1217 2274 ministerium,
1371 2194 1419 2269 Ut
1434 2211 1550 2267 autem
1565 2196 1662 2282 alias,
1684 2221 1726 2267 ex
1740 2198 1819 2266 aliis
1831 2198 1934 2269 dietis
1949 2200 2264 2270 commonefactio-

227 2325 268 2379 nt
284 2303 417 2400 publici
434 2313 469 2372 et
491 2296 730 2370 honestissimi
753 2321 958 2390 congressus
977 2300 1076 2370 fiant.
1131 2293 1218 2368 Vult
1267 2323 1348 2370 nem
1373 2297 1606 2390 sumpsimus,
1641 2297 1690 2368 ita
1714 2321 1810 2369 nune
1840 2299 1942 2369 vobis
1967 2323 2166 2392 proponam
2195 2297 2263 2371 lroc

228 2410 324 2481 enirn
350 2404 490 2495 agnosci
512 2403 626 2473 lilium
649 2425 670 2472 a
694 2415 769 2472 toto
787 2425 914 2492 genere
932 2396 1108 2480 humano,
1140 2397 1217 2467 vult
1267 2401 1415 2480 dictum,
1442 2401 1536 2493 quod
1554 2400 1646 2491 opud
1657 2395 1797 2470 Esaiam
1813 2401 1952 2491 legitur,
1970 2403 2033 2472 ulsi
2042 2395 2139 2472 Deus
2148 2419 2265 2475 aeter-

228 2513 361 2604 ubique
388 2506 547 2576 exaudiri
572 2527 693 2574 vocem
718 2526 836 2588 suam,
865 2504 956 2573 sicut
981 2500 1143 2570 Psalmus
1160 2500 1219 2566 in·
1268 2525 1336 2572 nus
1359 2499 1465 2571 Pater
1486 2499 1637 2570 Domini
1664 2501 1776 2573 nostri
1806 2499 1885 2572 lesu
1908 2499 2043 2573 Christi
2064 2504 2184 2598 inquit
2217 2509 2263 2576 ad
2307 2553 2308 2582 t

228 2613 320 2708 quit:
348 2607 391 2681 ln
406 2629 549 2678 omnem
564 2619 694 2675 terram
709 2605 817 2676 exivit
831 2625 939 2674 sonus
953 2625 1088 2678 eorum.
1136 2599 1218 2670 Non
1267 2599 1455 2694 Evangelii
1477 2600 1684 2674 Ductorem:
1717 2601 1819 2674 Pono
1834 2605 1943 2674 verba
1964 2627 2041 2676 mea
2056 2605 2095 2674 in
2111 2632 2174 2677 ore
2188 2621 2263 2688 tuo,

228 2715 306 2785 vult
321 2709 555 2801 Evangelium
581 2729 654 2776 esse
676 2729 804 2778 arcana
823 2703 1026 2785 Eleusinia,
1051 2727 1124 2772 non
1142 2701 1220 2772 vult
1268 2719 1304 2776 et
1333 2706 1460 2777 umbra
1488 2727 1615 2776 manus
1644 2729 1743 2777 meae
1765 2719 1945 2798 protegam
1973 2723 2026 2790 te,
2058 2719 2099 2779 nt
2124 2710 2265 2802 plantes
2307 2759 2308 2778 .

229 2813 393 2888 homiues
411 2811 606 2894 seiunctos,
631 2823 666 2878 et
679 2809 819 2880 abditos
834 2809 873 2878 in
886 2807 1057 2891 latebras,
1078 2805 1219 2896 gignere
1270 2807 1398 2880 coelos.
2307 2797 2308 2810 ¹

229 2942 310 2990 suas
337 2916 507 3011 quasdam
538 2911 743 3003 opiniones,
773 2913 832 2980 sed
858 2909 1161 3000 congregationem
1186 2917 1222 2974 et
1372 2903 1563 2978 Odulcem
1587 2903 1794 2978 concionem
1813 2907 1980 2980 universo
1997 2911 2118 2999 generi
2135 2905 2263 2984 huma·

174 3045 180 3060 ·
230 3017 405 3102 instituit,
430 3029 465 3086 et
481 3013 669 3106 praecipit,
692 3027 733 3084 ut
749 3010 880 3082 Psalmi
893 3034 997 3101 saepe
1010 3011 1151 3080 dicunt:
1179 3005 1221 3076 ln
1270 3033 1336 3094 no,
1363 3009 1621 3103 quaeprimum
1637 3009 1863 3096 docentibus,
1887 3009 2161 3082 familiarissime
2177 3029 2264 3086 nota

230 3121 349 3192 medio
364 3115 541 3190 Ecclesiae
558 3115 712 3186 laudabo
728 3127 777 3184 te.
827 3111 891 3184 Et:
918 3109 961 3182 ln
977 3109 1221 3180 conveniendo
1271 3135 1344 3182 csse
1367 3111 1491 3194 debet,
1516 3109 1647 3180 deinde
1669 3123 1702 3180 et
1720 3113 1854 3202 populo
1875 3135 1977 3204 saepe
1991 3113 2175 3184 recitanda
2199 3131 2263 3192 est.

230 3221 383 3318 populos
404 3231 438 3289 et
463 3240 559 3308 reges
582 3217 621 3286 in
643 3239 779 3300 unum,
812 3228 850 3285 ut
871 3211 1027 3286 serviant
1050 3211 1223 3284 Domino.
1271 3211 1437 3286 Alfirrnat
1450 3211 1545 3282 enim
1569 3209 1687 3300 colligi
1701 3207 1895 3284 Ecclesiam
1910 3211 2071 3284 doctrina
2088 3216 2265 3288 divinitus

230 3323 386 3398 Addidit
405 3321 508 3392 etiam
537 3318 806 3410 promissionem
830 3317 1090 3406 congressibus:
1132 3312 1225 3386 Ubi·
1272 3316 1420 3399 tradita,
1447 3329 1481 3384 et
1497 3313 1640 3384 delendi
1657 3313 1778 3384 dextra
1795 3311 1863 3386 Dei
1881 3315 2118 3388 ministerium
2132 3331 2168 3388 et
2183 3345 2263 3390 coe-

207 3449 208 3460 *
232 3449 373 3521 cunque
391 3425 462 3493 duo
486 3440 546 3490 aut
571 3433 642 3491 tres
665 3419 898 3492 convenerint
914 3419 953 3489 in
971 3417 1115 3488 nomine
1131 3437 1224 3499 meo,
1272 3432 1329 3490 tus
1350 3415 1582 3500 discentium,
1615 3414 1751 3507 etquis
1777 3416 1823 3486 sit
1853 3415 2045 3488 ministerii
2069 3421 2265 3509 evangelici

232 3529 285 3600 ibi
301 3551 378 3599 sum
395 3525 432 3594 in
449 3523 567 3592 medio
586 3546 718 3596 eorum.
1273 3532 1377 3592 autur
1397 3542 1437 3588 ac
1461 3517 1642 3600 delensor,
1676 3529 1710 3586 et
1736 3539 1828 3611 quae
1852 3518 1898 3589 sit
1923 3517 2058 3589 utilitas
2078 3537 2263 3595 monstrat.

335 3625 431 3700 Haec
442 3648 521 3695 cum
534 3623 580 3692 ita
598 3623 687 3704 sint,
708 3623 806 3694 decet
821 3643 887 3690 nos
904 3644 983 3691 cum
999 3621 1088 3690 alios
1102 3617 1224 3710 publi·
1272 3621 1370 3692 Haec
1387 3619 1546 3714 quotidie
1567 3617 1735 3688 omnibus
1749 3619 1837 3711 piis,
1860 3619 2012 3690 maxime
2032 3643 2116 3692 vero
2132 3624 2263 3694 docen-

234 3757 294 3806 cos
316 3727 494 3802 Ecclesiae
513 3749 717 3816 congressus
742 3725 798 3813 pie
823 3745 959 3807 amare,
984 3735 1060 3792 turn
1078 3746 1161 3790 vero
1176 3721 1224 3788 li-
1274 3723 1370 3796 tibus
1384 3721 1569 3812 cogitanda
1582 3731 1677 3790 sunt.

235 3838 364 3908 beuter
382 3825 439 3902 his
460 3827 590 3897 nostris
618 3823 852 3896 conventibus
874 3821 1060 3908 interesse,
1093 3823 1156 3916 qui
1181 3823 1224 3891 ad
1374 3819 1552 3894 Exordiar
1572 3835 1689 3892 autern
1711 3819 2039 3911 interpretationem
2054 3823 2140 3894 dicti
2158 3849 2178 3898 a
2196 3827 2261 3898 line

235 3935 459 4008 retinendam
490 3929 672 4016 doctrinae
709 3925 897 4019 puritatem
931 3938 966 3995 et
999 3925 1225 4016 concordiam
1274 3949 1337 3998 seu
1356 3925 1483 3996 effectu
1505 3921 1714 4006 ministerii,
1746 3924 1878 4016 dequo
1894 3923 2142 4014 concionatur,
2167 3931 2261 4002 vide-

236 4039 342 4110 ntiles
365 4047 459 4107 sunt.
517 4027 570 4102 Ac
590 4031 747 4124 prolecto
768 4021 861 4096 nihil
886 4025 925 4094 in
949 4025 1022 4098 vita
1038 4021 1226 4096 hominurn
1276 4029 1356 4097 licet
1379 4026 1425 4096 ab
1444 4019 1508 4094 hac
1524 4023 1710 4117 particula:
1737 4021 1786 4096 Ut
1807 4023 1945 4115 plantes
1960 4026 2087 4098 coelos.
2139 4027 2261 4102 Nomi-

236 4135 421 4234 pulchc'ius
446 4147 480 4203 et
499 4135 637 4202 dulcius
662 4145 732 4215 est,
767 4153 872 4223 quam
899 4129 1029 4200 multos
1056 4129 1170 4198 bonos
1193 4139 1227 4195 et
1276 4141 1338 4200 nat
1361 4123 1458 4198 Deus
1478 4121 1693 4204 Ecclesiam,
1726 4125 1909 4204 coelestem
1931 4121 2094 4214 hortum,
2119 4133 2202 4224 quia
2220 4135 2259 4202 ad

239 4245 361 4312 doctos
391 4237 486 4306 viros
515 4235 723 4314 convenire,
758 4246 792 4302 et
823 4232 868 4301 de
895 4231 1056 4302 doctrina
1086 4226 1229 4300 coelesti
1276 4227 1568 4304 consuetudinem
1600 4239 1779 4297 aeternam
1813 4250 1894 4296 cum
1923 4225 2000 4299 Deo
2027 4241 2062 4300 et
2083 4231 2158 4300 filio
2192 4235 2260 4304 eius

241 4356 401 4414 amanter
413 4337 587 4430 colloqui,
612 4337 772 4406 conferre
788 4333 996 4416 sententias,
1020 4347 1056 4404 et
1071 4331 1229 4402 illustra·
1277 4331 1465 4422 colligitur.
1523 4323 1574 4398 Ea
1599 4327 1818 4398 consuetudo
1838 4328 1948 4402 vincit
1965 4332 2177 4404 amoenitate
2192 4360 2259 4406 non

239 4459 276 4518 ta
301 4442 466 4519 veritate,
498 4461 571 4508 sese
592 4452 627 4508 et
650 4439 738 4507 alios
754 4437 797 4504 ad
814 4435 937 4520 fidem,
967 4435 1132 4505 timorem
1148 4430 1230 4516 Dei,
1278 4435 1392 4504 solum
1416 4442 1570 4501 caeteros
1590 4421 1715 4500 hortos
1734 4451 1874 4511 omnes,
1906 4443 1941 4502 et
1958 4431 2100 4524 politius
2123 4451 2259 4508 cunctas

241 4561 275 4618 et
300 4547 344 4616 ad
369 4539 628 4612 invocationem
653 4538 862 4622 exuscitare,
894 4549 928 4606 et
952 4537 999 4609 ita
1022 4536 1230 4607 confirmare
1278 4533 1676 4630 quaecuuquefuerunt,
1698 4531 1759 4599 sed
1774 4530 1880 4600 etiam
1895 4533 2167 4624 primumillom
2183 4535 2258 4610 hor-

241 4661 393 4728 mentes,
419 4665 466 4715 ne
479 4665 498 4711 a
511 4639 588 4712 Deo
601 4642 784 4724 aberrent,
809 4661 898 4707 neve
913 4639 951 4707 in
965 4637 1133 4711 Ecclesiis
1148 4637 1230 4705 lisn-
1278 4653 1374 4716 tum,
1400 4635 1437 4703 in
1460 4659 1530 4728 quo
1552 4655 1663 4724 genus
1684 4625 1882 4702 humanum
1899 4633 2081 4704 conditum
2101 4651 2165 4710 est.
2214 4639 2260 4712 Ac

242 4751 346 4843 pidos
361 4747 475 4815 fontes
489 4745 668 4814 doctrinae
681 4739 819 4812 turbari
831 4739 966 4827 sinant,
991 4739 1150 4812 admistis
1164 4739 1230 4809 lal—
1279 4761 1415 4828 semper
1431 4736 1598 4806 omnibus
1613 4735 1651 4803 in
1672 4748 1860 4824 conspectu
1874 4735 1919 4805 sit
1937 4730 1994 4804 hic
2010 4735 2108 4824 finis,
2130 4753 2165 4811 et
2183 4739 2259 4814 haec

242 4853 290 4923 sis
303 4846 546 4944 opinionibus.
1281 4855 1384 4910 meta.
1443 4835 1590 4930 Semper
1613 4837 1827 4924 cogitemus,
1860 4849 1895 4908 et
1923 4837 2084 4910 conditos
2106 4866 2178 4912 csse
2202 4841 2259 4916 ho-

348 4949 493 5020 Necesse
509 4959 561 5015 est
576 4959 690 5014 autem
708 4965 787 5030 eos,
812 4943 874 5038 qui
890 4955 1060 5036 praesunt
1075 4964 1230 5012 conven·
1280 4941 1412 5024 mines,
1437 4953 1471 5008 et
1493 4963 1556 5030 per
1575 4939 1687 5006 lilium
1702 4933 1771 5008 Dei
1793 4963 1834 5008 ex
1862 4949 2004 5008 aeterno
2027 4943 2133 5014 exitio
2159 4962 2259 5018 retra·

242 5057 356 5136 tihus,
392 5047 689 5121 commonefacere
713 5047 802 5116 alios
827 5049 871 5116 de
893 5057 1013 5115 nostro
1028 5045 1165 5128 officio,
1192 5067 1231 5112 ac
1280 5059 1373 5126 ctos,
1399 5055 1432 5110 et
1448 5038 1666 5110 vocedivina
1682 5039 1799 5108 vocari
1815 5033 1971 5110 adhunc
1987 5055 2150 5134 portum,
2175 5065 2212 5120 ut
2226 5049 2257 5120 in

244 5156 429 5250 praecipue
450 5153 494 5220 de
510 5175 592 5220 cuca
617 5148 794 5232 discendi,
819 5161 853 5216 et
870 5147 1077 5216 retinendae
1096 5144 1232 5237 purita·
1281 5145 1379 5214 omni
1400 5142 1625 5223 aeternitate,
1650 5155 1839 5232 conspectu
1860 5141 1952 5228 Dei,
1982 5155 2017 5213 et
2036 5146 2201 5224 societate
2212 5175 2258 5222 sa·

244 5259 291 5326 tis
307 5255 498 5326 doctrinae.
549 5249 603 5322 De
619 5247 685 5321 hoc
700 5261 924 5340 argumento,
948 5247 1014 5318 etsi
1030 5271 1132 5340 saepe
1147 5247 1232 5315 alias
1282 5245 1435 5340 pientiae
1454 5255 1486 5312 et
1504 5243 1662 5312 iustitiae
1678 5243 1754 5311 cius
1770 5243 1942 5314 fruamur.

245 5383 263 5427 a
287 5380 344 5424 mc
369 5355 502 5423 dictum
527 5367 598 5439 est,
630 5367 746 5424 tamen
766 5363 800 5420 et
816 5373 932 5432 nunc,
958 5361 999 5418 ut
1016 5349 1108 5417 idem
1129 5372 1232 5438 argu·
1385 5343 1491 5416 Hunc
1509 5344 1615 5414 finem
1641 5343 1838 5436 prospicere
1862 5359 1896 5416 et
1916 5359 2095 5438 expetere,
2123 5365 2256 5424 etanta-

244 5471 404 5528 mentum
419 5467 593 5543 repetam,
619 5469 817 5546 temporum
833 5449 999 5543 periculis
1014 5473 1169 5522 moveor.
1283 5449 1373 5520 serre
1390 5446 1557 5518 omnibus
1573 5444 1652 5515 aliis
1666 5445 1772 5515 rebus
1786 5461 1943 5540 oportet,
1969 5473 2039 5542 qua
2055 5450 2094 5520 in
2111 5457 2256 5526 conside·
