4646 5824
66 309 148 384 sao
670 307 833 384 naor.
883 305 961 386 on
992 306 1139 384 vrra
1173 303 1528 383 avrcnuuar..
1561 251 1582 360 Ϊ
2045 315 2119 387 sao

67 494 144 552 tate
176 477 358 556 vincebat:
404 475 450 548 ad
483 465 582 548 hunc
614 470 800 548 Avicenna
838 443 1089 556 sescun'tulit.
1120 473 1295 546 rationem
1311 473 1453 545 docenti
1469 473 1719 549 conciliabant.
1760 473 1830 548 Sed
1845 475 1951 549 redeo
1967 479 2011 549 ad
2028 475 2119 550 Avi-

67 580 164 654 Cum
192 581 288 652 euim
313 580 450 652 videret
466 570 738 672 Philosophiam
766 603 912 672 prorsus
939 580 1073 674 absque
1120 600 1254 648 cennae
1268 570 1467 651 historiam.

68 684 211 754 medica
233 697 307 754 arte
324 679 565 775 imperfectam
588 703 681 766 esse,
707 681 868 752 animum
891 684 936 754 ad
951 679 1073 752 Medi·
1226 676 1317 750 Cum
1353 663 1543 750 Cordubae
1575 679 1786 773 aliquandiu
1818 683 2050 769 substitisset,
2084 698 2118 758 et
2181 745 2184 754 .

69 811 197 857 corum
214 785 414 856 doctrinam
428 781 576 864 adiecit,
602 797 641 854 ut
657 775 822 855 naturam
837 784 973 874 integre
988 808 1072 854 evo·
1120 778 1311 854 Avcrroim
1335 781 1523 852 docentem
1545 782 1767 868 audivisset,
1789 784 1866 878 ipso
1889 786 2012 858 relicto
2030 781 2118 857 Ale·
2239 836 2247 852 .

69 891 203 974 lutam,
236 900 410 984 quantum
437 885 587 956 omnino
611 879 769 956 humana
796 886 972 958 industria
995 886 1090 964 fieri,
1119 885 1305 956 xandriam
1340 883 1540 956 revertitur.
1602 883 1696 974 Quia
1731 885 1826 956 enim
1862 889 2016 980 pueritia
2047 889 2119 962 fuit
2187 925 2190 932 ¹

69 1005 207 1084 potest,
232 991 480 1083 compleretur.
506 981 508 994 '
535 985 723 1058 Veteribus
741 989 836 1058 enim
853 989 1072 1082 temporibus
1120 989 1231 1080 probe
1254 985 1437 1056 institutus
1460 999 1495 1056 et
1518 988 1563 1056 ad
1584 984 1826 1058 Geometriam
1847 992 2118 1064 etdemonstra-

69 1119 146 1164 non
168 1092 239 1164 fuit
258 1088 488 1162 inhonestum
518 1089 741 1183 principibus
765 1091 1071 1162 artemmcdicam
1119 1089 1235 1162 tiones
1258 1087 1490 1174 assuefactus,
1520 1088 1624 1160 facile
1655 1089 1772 1180 potuit
1799 1091 1996 1172 diiudicare
2023 1096 2118 1166 inter

71 1197 227 1280 discere,
262 1197 352 1267 sicut
374 1191 490 1278 Pelei,
521 1185 693 1280 Achillis,
720 1188 915 1265 Alexandri
936 1191 1072 1290 Magni,
1120 1217 1201 1264 vcra
1219 1207 1253 1264 et
1268 1191 1355 1262 falsa
1375 1175 1551 1262 doce'ntes.
1593 1187 1833 1266 Alexandriae
1849 1196 1964 1286 coepit
1977 1194 2118 1289 Hippo-

71 1293 224 1392 Pyrrhi,
257 1311 292 1368 et
317 1296 513 1366 multorum
546 1295 705 1388 exempla
740 1305 931 1381 testantur,
964 1291 1072 1379 hodie
1120 1309 1250 1367 cratem
1267 1307 1301 1364 et
1316 1291 1493 1366 Galenum
1509 1294 1578 1364 sibi
1595 1291 1767 1364 Doctores
1782 1321 1999 1389 proponere,
2025 1313 2116 1393 quo-

71 1425 157 1470 vero
184 1401 290 1491 longe
317 1401 457 1468 diversa
478 1409 562 1468 sunt
594 1397 796 1489 principum
824 1412 859 1470 et
885 1411 1070 1490 potentum
1120 1423 1200 1470 rum
1215 1396 1415 1468 doctrinam
1428 1395 1580 1466 maxime
1596 1397 1736 1468 veritati
1756 1400 1956 1470 consentire
1978 1401 2117 1474 iudica-

70 1503 200 1574 studia.
266 1499 372 1572 Hunc
400 1497 527 1571 Rasim
562 1500 788 1590 grandiorem
819 1515 907 1572 natu
934 1499 1073 1571 audivit
1120 1502 1183 1572 vit.
1224 1496 1303 1570 Etsi
1320 1499 1415 1569 enim
1431 1500 1532 1590 pulsa
1547 1499 1669 1590 lingua
1687 1497 1842 1588 Graeca,
1867 1516 2001 1574 veteres
2016 1517 2117 1575 auto-

70 1606 275 1676 adolescens
296 1599 497 1674 Avicenna:
525 1625 731 1703 quanquam
757 1617 876 1675 autem
897 1604 1009 1675 multa
1033 1604 1073 1672 in
1119 1626 1175 1674 res
1191 1601 1296 1672 eliam
1314 1603 1522 1686 exulabant,
1547 1615 1667 1672 tamen
1681 1603 1793 1696 aliqui
1809 1606 2040 1676 studiosiores
2058 1632 2115 1678 re-

72 1703 140 1778 hoc
167 1707 312 1778 doctore
335 1704 580 1791 desiderabat,
606 1717 725 1776 tamen
747 1705 869 1800 inopia
887 1705 1072 1776 meliorem
1120 1706 1310 1801 quirebant
1329 1704 1455 1776 fontes.
1507 1701 1628 1792 Quare
1642 1717 1676 1775 et
1693 1705 1732 1774 in
1749 1706 1907 1796 linguam
1925 1705 2115 1780 Arabicam

71 1805 170 1880 hunc
184 1823 334 1904 sectatus
351 1819 412 1881 est.
1119 1811 1287 1902 pleraque
1309 1804 1559 1898 Hippocratis,
1587 1805 1718 1877 Galeni
1742 1821 1775 1878 et
1789 1805 1985 1881 Ptolemaei
2009 1835 2115 1904 opera

172 1904 297 1982 Postea
322 1935 407 1981 vero
429 1933 510 1980 cum
537 1921 571 1980 et
595 1921 707 1980 aetate
731 1923 766 1982 et
789 1909 951 1981 doctrina
976 1909 1072 1996 iudi·
1119 1910 1359 1984 aSarracenis
1379 1909 1418 1978 in
1445 1908 1603 1998 linguam
1619 1905 1810 1980 Arabicam
1829 1925 1913 1982 sunt
1935 1937 2116 1999 conversa,

71 2015 166 2084 cium
194 2013 454 2099 confirmasset,
498 2011 751 2084 animadvertit
782 2011 822 2080 in
846 2009 935 2086 Rasi
961 2013 1073 2103 magis
1120 2038 1160 2084 ex
1179 2037 1249 2107 qua
1269 2013 1391 2100 lingua
1415 2033 1489 2080 non
1511 2011 1622 2082 multo
1642 2025 1721 2102 post
1734 2026 1939 2084 nostrorum
1961 2015 2115 2108 impera-

71 2139 146 2186 esse
162 2117 378 2208 empiricam,
395 2139 502 2208 quam
518 2114 729 2184 rationalem
746 2115 954 2185 doctrinam.
979 2111 1071 2186 Cum
1118 2131 1237 2188 torum
1262 2112 1450 2198 beneficio,
1488 2109 1653 2184 Lotharii
1678 2138 1717 2183 ac
1747 2112 1922 2188 Friderici
1948 2117 2117 2203 Secundi,

69 2220 166 2288 enim
184 2219 309 2287 divino
327 2218 448 2287 afflatu
466 2217 634 2287 incitatus
655 2217 700 2287 ad
719 2212 806 2287 haec
830 2218 946 2288 studia
967 2241 1071 2310 rape·
1118 2220 1156 2288 in
1178 2219 1326 2288 latinam
1349 2217 1507 2304 linguam
1532 2217 1702 2286 translata
1725 2231 1824 2288 sunt:
1859 2245 1928 2313 qua
1952 2222 2115 2292 versione

70 2337 189 2402 retur,
213 2320 317 2390 facile
336 2315 572 2412 deprehendit
585 2317 750 2390 Doctoris
772 2321 829 2392 sui
844 2319 1070 2391 imbecillita-
1117 2345 1240 2391 omnes
1257 2315 1399 2390 scholae
1414 2313 1585 2390 hactenus
1601 2343 1712 2412 usque
1727 2315 1871 2392 adhaec
1888 2335 2009 2396 nostra
2026 2341 2115 2394 tem·
2224 2379 2229 2399 .

69 2439 161 2503 tem,
188 2421 326 2516 etquid
351 2423 390 2490 in
407 2421 519 2512 ipsius
532 2421 697 2494 doctrina
712 2421 788 2492 veri
810 2435 870 2494 aut
885 2421 964 2492 falsi
984 2431 1071 2492 con·
1117 2449 1204 2516 pora
1223 2447 1305 2494 usae
1321 2437 1415 2495 sunt.

70 2526 255 2598 tineretur.
308 2519 399 2594 Cum
415 2524 512 2592 enim
527 2521 634 2596 Hasis
655 2523 764 2594 nimis
778 2523 904 2617 procul
922 2549 941 2594 a
959 2524 1071 2595 fonti·
1220 2522 1403 2596 Avicenna
1427 2523 1547 2617 itaque
1568 2525 1612 2592 ad
1635 2545 1737 2593 veros
1760 2524 1927 2604 fontcsse
1944 2527 2114 2599 contulit:

67 2629 136 2697 bus
149 2623 380 2720 Hippocratis
403 2638 437 2694 et
461 2623 592 2696 Galeni
616 2627 812 2711 recederet,
837 2649 979 2696 necesse
996 2639 1070 2696 erat
1118 2641 1153 2698 et
1169 2627 1251 2722 quia
1267 2625 1490 2697 institutione
1503 2639 1538 2696 et
1552 2639 1680 2696 natura
1695 2627 1871 2712 excelluit,
1898 2629 2001 2700 facile
2015 2631 2114 2699 evol-

68 2743 104 2800 et
126 2729 239 2821 ipsius
263 2727 516 2799 medicationes
533 2727 715 2798 erroribus
733 2752 809 2798 non
829 2752 959 2803 carere.
1010 2727 1070 2799 Sic
1116 2753 1198 2800 vere
1212 2753 1252 2798 ac
1267 2729 1465 2816 intelligere
1479 2753 1517 2796 ea
1530 2728 1655 2818 potuit,
1673 2729 1851 2821 quaealiis
1865 2745 1967 2802 erant
1981 2730 2113 2824 ignota.

68 2833 166 2901 enim
184 2831 314 2902 diserte
336 2829 455 2924 inquit
475 2828 659 2900 Avicenna
682 2829 746 2905 lib.
763 2829 800 2904 4·
820 2855 896 2924 cap.
916 2831 961 2900 de
985 2829 1070 2899 uni·
1115 2829 1277 2924 Cumque
1298 2828 1536 2900 Alexandriae
1560 2831 1759 2900 doctrinam
1783 2834 1956 2902 medicam
1982 2835 2112 2906 confir-

66 2933 198 3003 versali
232 2934 387 3004 febrium
421 2933 616 3007 curatione.
684 2931 847 3003 Profecto
881 2933 1069 3024 profuisset
1116 2947 1266 3019 masset,
1290 2956 1331 3002 ac
1353 2946 1463 3004 totam
1480 2929 1681 3026 Aegyptum
1698 2933 1961 3024 perlustrasset,
1988 2937 2112 3031 inqua
2213 2933 2222 2936 ’

67 3033 153 3107 huic
175 3035 273 3116 viro,
299 3035 364 3106 ubi
386 3031 511 3106 Rasim
533 3035 719 3127 intelligit,
750 3059 825 3106 non
848 3049 920 3106 tam
943 3035 1069 3128 procul
1115 3037 1269 3129 plurima
1293 3035 1551 3105 medicamenta
1577 3029 1828 3124 deprehendit,
1855 3037 1935 3107 aliis
1959 3037 2114 3110 Medicis

65 3135 247 3209 aGaleni
278 3151 314 3208 et
340 3133 570 3227 Hippocratis
597 3137 739 3229 placitis
765 3137 957 3208 discedere.
1016 3133 1069 3207 Ita
1116 3141 1254 3230 ignota,
1280 3137 1319 3207 in
1336 3137 1486 3230 patriam
1500 3137 1702 3210 revertitur.
1756 3136 1810 3208 lbi
1824 3163 1904 3210 cum
1919 3141 2022 3212 fratri
2037 3165 2113 3212 ces-

64 3241 189 3309 minus
205 3238 528 3310 contradictionum
555 3263 595 3310 ac
612 3263 775 3311 errorum
793 3251 881 3310 esset
898 3239 937 3307 in
957 3238 1069 3330 ipsius
1115 3243 1217 3311 sisset
1232 3241 1546 3330 gubernationem,
1570 3239 1645 3330 ipse
1668 3262 1704 3308 se
1724 3241 2009 3316 adscribendum
2025 3269 2111 3314 con·
2151 3259 2153 3277 ¹

66 3342 221 3434 scriptis.
851 3407 857 3418 ,
1115 3343 1209 3417 tulit.
1260 3339 1352 3414 Cum
1377 3342 1473 3410 enim
1496 3341 1631 3410 videret
1655 3355 1826 3434 quantum
1846 3367 1967 3416 recens
1990 3344 2111 3420 Medi-

170 3441 257 3513 Post
279 3441 556 3536 quadriennium
579 3437 797 3514 Alexandria
829 3441 1000 3528 discedit,
1034 3455 1068 3513 et
1115 3446 1195 3516 cina
1218 3467 1238 3516 a
1261 3444 1369 3516 veteri
1391 3445 1655 3534 degenerasset,
1681 3443 1795 3514 voluit
1817 3469 1893 3516 eam
1917 3448 2046 3518 iterum
2064 3451 2111 3518 ad

63 3549 107 3616 in
140 3545 314 3637 oppidum
349 3541 544 3634 Hispaniae
580 3542 788 3618 Cordubam
822 3544 1069 3638 proficiscitur,
1113 3549 1229 3619 fontes
1250 3569 1436 3630 revocare,
1471 3558 1506 3615 et
1528 3567 1566 3613 ea
1589 3567 1679 3637 quae
1700 3559 1800 3614 erant
1830 3545 1969 3636 ignavia
1993 3544 2130 3624 homi.

61 3649 129 3722 nbi
155 3647 306 3717 docebat
326 3643 517 3732 Averrois,
552 3647 653 3718 cuius
675 3647 770 3719 fama
801 3648 990 3732 excitatus,
1025 3669 1067 3717 eo
1114 3675 1201 3722 num
1215 3649 1291 3721 situ
1304 3647 1520 3720 etrubidine
1536 3647 1707 3730 obducta,
1733 3669 1874 3718 rursum
1891 3651 2082 3742 detergere.

62 3749 250 3822 concessit.
304 3745 475 3819 Averrois
493 3747 588 3820 enim
606 3773 739 3821 nomen
753 3749 829 3822 istis
844 3749 1066 3843 temporibus
1214 3748 1263 3824 Et
1278 3751 1362 3846 quia
1381 3748 1546 3820 Galenici
1563 3749 1666 3833 libri,
1689 3747 1874 3842 inquibus
1894 3776 1952 3824 ars
1972 3755 2109 3844 integre

60 3853 135 3924 fuit
152 3849 437 3923 celeberrimum.
490 3847 576 3924 Fuit
591 3865 708 3924 autern
725 3848 896 3924 Averrois
921 3851 1066 3944 ingenio
1112 3855 1285 3940 traditur,
1318 3867 1520 3946 temporum
1544 3851 1632 3922 vitio
1654 3874 1729 3920 non
1755 3867 1855 3926 erant
1881 3855 1920 3924 in
1942 3859 2108 3930 manibus
2201 3873 2214 3898 ’

61 3953 157 4038 acri,
185 3951 355 4046 pugnaci,
378 3965 545 4034 ventoso,
569 3965 605 4025 et
619 3949 895 4046 reprehensione
911 3956 1064 4026 aliorum
1112 3958 1344 4056 discentium,
1368 3969 1404 4027 et
1425 3967 1605 4048 praeterea
1630 3950 1789 4024 Galenus
1814 3978 1890 4026 non
1908 3982 1989 4045 ,uno
2012 3960 2106 4034 libro

60 4057 196 4130 famam
220 4054 290 4126 sibi
312 4055 519 4149 quaerebat:
552 4078 621 4150 qua
645 4055 685 4125 in
706 4081 745 4127 re
760 4079 862 4149 saepe
883 4055 1066 4129 contradi·
1112 4061 1286 4151 integram
1304 4072 1421 4130 artem
1445 4057 1648 4148 complexus
1674 4067 1743 4126 est:
1768 4057 1843 4148 ipse
1858 4061 2030 4152 scriptum
2050 4063 2108 4134 in-

61 4158 170 4232 cendi
194 4157 314 4228 dudio
335 4179 355 4226 a
373 4155 520 4228 veritate
537 4157 729 4245 abductus,
754 4171 846 4230 artes
862 4173 955 4230 recte
977 4149 1067 4230 con-'
1110 4161 1245 4246 stituit,
1266 4185 1338 4259 quo
1353 4159 1590 4232 eruditissima
1611 4171 1646 4230 et
1667 4158 1847 4251 aptissima
1863 4158 2032 4236 methodo
2050 4164 2108 4236 in-

36 4263 228 4342 stitutas,
259 4253 463 4352 sophisticis
483 4258 682 4351 praestigiis
705 4259 947 4348 labefactavit,
973 4274 1063 4333 tcm-
1111 4280 1244 4357 tegram
1271 4277 1383 4336 artem
1413 4261 1587 4333 medicam
1612 4261 1876 4355 complectitur,
1906 4265 1944 4336 51¹
1967 4291 2038 4362 ‘11¹0
2066 4291 2106 4340 0³

58 4373 354 4460 peramantorum
378 4359 549 4432 mixturas
572 4361 685 4450 tollit,
711 4357 880 4436 humores
899 4363 939 4433 in
962 4378 1063 4456 epate
1110 4391 1201 4464 quae
1222 4363 1514 4462 apudGalenum
1538 4363 1707 4456 dissipata
1724 4363 1911 4454 leguntur,
1936 4369 1975 4438 in
1992 4394 2107 4442 unum

58 4467 168 4558 negat
183 4462 292 4555 gigni,
319 4463 411 4534 circa
425 4463 660 4536 nutritionem
676 4489 807 4554 novam
823 4477 860 4537 et
870 4466 1061 4538 absurdam
1110 4494 1239 4564 corpus
1271 4467 1388 4560 coiigit
1420 4469 1731 4562 superstructione
1761 4463 1831 4562 τὴν
1871 4465 2024 4566 rixam,
2065 4486 2107 4544 ¹¹¹

57 4566 275 4640 warentiam
309 4565 603 4640 comminiscitur.
669 4565 742 4640 Sed
772 4568 860 4664 quid
891 4592 981 4664 opus
1011 4583 1063 4641 est
1111 4570 1241 4646 Graeci
1253 4573 1464 4668 loquuntur,
1489 4582 1524 4640 et
1535 4569 1614 4640 sine
1628 4563 1841 4662 sophistica,
1867 4585 1903 4644 et
1919 4598 2011 4668 quae
2026 4587 2107 4668 post

57 4691 340 4742 commemorare
354 4667 521 4760 singula?
546 4661 614 4740 hoc
627 4669 744 4740 solum
760 4671 841 4762 egit,
866 4684 907 4742 ut
923 4671 1062 4744 sublata
1105 4676 1251 4767 'longam
1276 4673 1565 4770 inquisitionem,
1593 4684 1627 4744 et
1650 4671 1690 4742 in
1714 4672 1792 4764 ipso
1816 4673 1902 4747 artis
1924 4675 2104 4764 exercitio,
2178 4670 2183 4682 ’

59 4771 253 4872 autoritate
267 4783 427 4843 veterum
443 4783 630 4858 autorum,
654 4794 692 4843 sc
713 4773 752 4844 iu
767 4773 927 4868 ipsorum
942 4775 1061 4846 locum
1109 4791 1144 4849 et
1158 4778 1198 4848 iu
1213 4775 1515 4871 disputationibus
1531 4799 1611 4846 cum
1628 4774 1841 4846 doctissimis
1857 4776 1944 4848 viris
1961 4779 2104 4852 verissi-

61 4874 264 4948 collocaret.
1110 4902 1177 4952 ms.
1191 4885 1264 4952 esse
1287 4877 1477 4960 iudicavit,
1503 4877 1706 4970 complexus
1726 4889 1789 4949 est.
1842 4875 1961 4950 Tanto
1984 4896 2104 4954 autem

163 4973 247 5046 Huc
268 4971 449 5066 pertinent
471 4973 582 5066 ipsius
603 4977 809 5069 magnificae
831 5001 952 5060 voces,
978 4977 1061 5072 qni-
1108 4981 1282 5076 applausu
1296 4975 1366 5052 hoc
1381 4977 1587 5052 Avicennae
1604 4977 1775 5072 scriptum
1793 4995 1976 5074 exceptum
1992 4995 2044 5057 est
2059 4986 2105 5057 ab

58 5079 128 5150 bns
162 5075 382 5168 significabat
415 5097 452 5146 se
485 5091 759 5172 repurgatumm
793 5104 867 5152 esse
893 5075 1060 5152 Philoso-
1107 5085 1276 5155 omnibus
1297 5083 1463 5168 eruditis,
1489 5081 1623 5153 utiam
1650 5081 1731 5173 plus
1752 5082 1872 5153 minus
1895 5083 1998 5154 annis
2015 5111 2102 5182 qua-

59 5176 203 5274 phiam,
242 5177 413 5272 illamque
446 5201 565 5249 veram
607 5193 641 5250 et
674 5183 869 5265 sinceram,
908 5183 1059 5255 detorsis
1106 5185 1367 5278 dringentisin
1390 5183 1558 5256 omnibus
1579 5184 1734 5276 publicis
1756 5184 1958 5258 Academiis
1979 5213 1999 5260 a
2018 5214 2101 5284 pro·

59 5281 230 5354 omnibus
251 5279 392 5368 naevis,
431 5281 471 5350 in
498 5281 658 5368 medium
681 5284 811 5356 iterum
835 5286 1056 5379 prolaturum
1104 5290 1298 5362 sessoribus
1311 5289 1357 5360 sit
1372 5286 1586 5380 exposituma
1612 5299 1647 5357 et
1663 5280 1731 5357 hoc
1752 5309 1816 5358 suo
1838 5289 1989 5384 scripto,
2016 5293 2098 5388 quia

59 5407 148 5456 csse.
201 5379 281 5454 Hae
302 5405 406 5456 voces
425 5395 460 5455 et
480 5377 565 5455 haec
586 5387 771 5477 magnifica
786 5388 958 5481 promissa
978 5389 1058 5459 ani-
1106 5389 1296 5463 Galenicas
1318 5389 1575 5484 disputationes
1597 5387 1726 5460 iterum
1749 5391 1891 5464 reduxit
1913 5393 1952 5462 in
1975 5395 2102 5482 lucem,

58 5510 136 5560 mos
160 5485 366 5586 auditorum
390 5485 648 5582 percellebant,
671 5503 705 5562 et
729 5515 862 5563 nomen
886 5505 923 5564 et
940 5487 1056 5562 admi·
1104 5517 1246 5566 cursum
1279 5493 1478 5567 studiorum
1508 5490 1565 5564 sui
1590 5490 1703 5576 ⁴seculi
1733 5497 1984 5580 commutavit,
2010 5522 2101 5593 quae

2124 3303 2159 3358 'O
2231 3357 2233 3364 .

2269 4531 2276 4564 f
