4718 5828
241 188 313 264 103

237 357 451 432 tractatione*
469 357 651 428 literarum
673 357 809 427 insania
834 372 903 440 est,
937 360 1109 449 attingere
1123 370 1227 428 auto·

236 487 331 547 rem,
356 462 418 554 qui
438 461 566 528 nostris
587 461 713 530 studiis
735 455 829 528 nihil
848 461 1014 534 foeneret.
1066 459 1227 529 Primum

237 565 357 657 itaque
379 562 663 631 constituendum
687 576 757 646 est,
790 587 1020 655 quaecunque
1042 563 1133 632 ratio
1151 574 1227 631 stu·

237 665 380 736 diorum
399 675 557 753 suscepta
575 663 701 746 luerit,
728 689 831 756 quem
857 665 1010 734 fructum
1028 664 1131 734 uobis
1148 662 1227 754 pol-

237 767 411 836 liceantur
425 765 555 835 literae.
596 759 674 852 Ego
690 789 772 834 vero
791 789 892 856 saepe
906 766 991 834 alias
1006 765 1149 850 monui,
1178 763 1226 832 ita

237 867 495 938 instituendum
519 889 592 934 esse
611 867 791 952 animum,
822 881 864 938 ut
880 869 967 936 duas
989 863 1053 936 has
1069 867 1228 949 virtutes,

121 975 123 978 ’
235 967 419 1042 scientiam
436 967 619 1036 iudicandi
638 969 682 1035 de
704 969 810 1036 rebus
824 963 1013 1052 humanis,
1033 980 1067 1036 et
1080 967 1229 1037 faculta-

218 1085 306 1160 „tem
331 1069 495 1153 dicendi,
527 1070 729 1138 meminerit
748 1071 817 1138 sibi
839 1073 1006 1140 omnibus
1020 1069 1139 1137 nervis
1162 1093 1228 1160 pa-

236 1173 365 1242 randas
392 1193 478 1240 esse.
542 1167 592 1240 Et
619 1173 663 1239 ad
691 1167 770 1258 has,
804 1186 973 1265 tanquam
1000 1174 1044 1240 ad
1072 1195 1229 1260 scopum,

236 1285 378 1365 oportet
405 1273 537 1340 referre
564 1273 722 1361 vigilias,
754 1273 1037 1358 lucubrationes,
1075 1272 1229 1364 denique

237 1375 353 1446 studia
371 1373 502 1442 omnia.
553 1371 644 1443 Nam
666 1375 726 1467 qui
744 1389 805 1446 aut
829 1400 902 1444 non
919 1377 1117 1446 formarunt
1133 1373 1228 1442 iudi·

237 1477 331 1548 cium
345 1475 476 1555 literis,
499 1489 539 1546 ut
551 1475 752 1566 intelligant
768 1502 884 1546 rerum
896 1501 935 1546 ac
948 1501 1087 1546 morum
1102 1474 1228 1544 discri-

237 1579 355 1662 mina,
387 1601 546 1670 quaeque
570 1577 605 1646 in
632 1579 752 1663 bonis,
783 1579 931 1672 quaein
948 1579 1050 1646 malis
1066 1577 1227 1646 ducenda

237 1680 332 1763 sint,
350 1693 498 1748 autnon
515 1692 663 1770 possunt
678 1704 715 1748 ea
735 1706 823 1773 quae
840 1679 1015 1760 sentiunt,
1043 1679 1227 1770 perspicuo

224 1777 401 1852 'sermone
414 1781 560 1858 docere,
585 1776 622 1848 bi
639 1776 728 1849 mibi
746 1792 880 1872 praeter
894 1781 1053 1870 corporis
1067 1781 1229 1871 speciem,

112 1901 114 1906 ·
237 1877 331 1950 nihil
356 1877 505 1950 humani
529 1877 659 1968 habere
685 1884 860 1954 videntur.
914 1881 1053 1952 Deinde
1071 1883 1117 1952 ita
1135 1882 1230 1950 inter

237 2007 275 2054 se
301 1983 535 2053 coniurarunt
550 1982 717 2054 Eruditio
742 1998 773 2054 et
798 1981 1031 2077 Eloquentia,
1057 1997 1096 2052 ut
1115 1983 1228 2050 divel-

237 2085 310 2154 lere
325 2080 427 2152 nullo
444 2087 550 2154 modo
566 2085 686 2176 possis.
738 2084 829 2156 Nam
848 2100 880 2156 et
896 2089 1092 2155 orationem
1109 2107 1227 2152 rerum

238 2186 382 2268 scientia
405 2209 446 2254 ex
468 2209 504 2254 se
530 2187 639 2256 veluti
655 2189 793 2276 genuit,
821 2201 855 2257 et
872 2189 984 2256 oratio
1005 2187 1156 2256 vicissim
1175 2207 1228 2253 res

238 2288 405 2358 ostendit.
466 2285 540 2356 lam
563 2290 735 2358 caecutire
759 2290 795 2357 in
816 2292 927 2358 rebus
943 2289 1142 2358 iudicandis
1167 2311 1229 2354 ne-

154 2473 161 2479 ·
238 2411 331 2458 cesse
353 2403 404 2458 est
424 2411 502 2474 eos,
526 2390 586 2482 qui
605 2405 696 2460 recte
711 2393 852 2460 dicendi
875 2416 957 2460 cura
974 2403 1119 2472 vacant,
1146 2413 1229 2478 pro-

238 2504 357 2581 pterea
378 2492 473 2583 quod
499 2487 589 2558 nihil
614 2493 760 2581 perinde
779 2505 929 2560 mentem
946 2492 1059 2574 acuit,
1085 2504 1117 2558 et
1136 2489 1230 2558 exci-

238 2605 304 2676 tat,
330 2606 435 2685 atque
455 2593 635 2662 contentio
658 2593 718 2662 illa
735 2607 769 2664 et
792 2593 947 2662 studium
966 2605 1057 2660 recte
1075 2591 1229 2660 dicendi.

238 2691 319 2762 Non
336 2695 494 2784 estquod
512 2695 636 2783 procul
654 2695 811 2785 exempla
830 2708 938 2784 petas.
999 2693 1119 2784 Nuper
1141 2694 1228 2760 adeo

238 2793 302 2889 qui
331 2789 597 2884 Philosophiam
629 2797 901 2885 profitebantur,
935 2819 1007 2864 non
1042 2795 1124 2864 satis
1150 2817 1228 2884 per-

219 2908 429 2989 ,spexerunt
445 2895 516 2962 vim
534 2921 653 2965 earum
678 2899 808 2966 artium
826 2922 911 2991 quas
927 2898 1122 2979 docebant,
1146 2895 1228 2987 quia

239 3020 414 3086 exponere
430 2997 610 3087 perspicua
626 3000 786 3068 oratione
803 3025 840 3068 ea
856 3022 945 3091 quae
962 2999 1229 3090 profitebantur,

240 3121 345 3166 nemo
368 3099 573 3170 conabatur.
632 3095 788 3169 Proinde
819 3101 882 3194 qui
904 3123 940 3169 se
962 3103 1005 3168 ad
1033 3100 1152 3169 literas
1174 3099 1230 3166 di-

240 3200 386 3268 scendas
417 3200 663 3286 contulerunt,
711 3197 749 3270 hi
787 3203 856 3270 sibi
902 3203 1151 3291 persuadeant,
1197 3213 1231 3268 ct

240 3300 378 3386 oleum,
422 3301 525 3393 quod.
547 3302 667 3386 aiunt,
707 3315 741 3372 et
774 3328 916 3394 operam
943 3303 1010 3371 sibi
1038 3302 1228 3393 perituram

240 3423 331 3486 esse,
372 3401 441 3470 nisi
468 3426 547 3470 cum
575 3427 692 3472 rerum
731 3405 876 3474 scientia
904 3405 1060 3474 studium
1089 3402 1228 3472 dicendi

241 3501 504 3572 coniunxerint.
566 3501 684 3598 Atque
716 3501 783 3577 bac
815 3509 859 3574 de
891 3529 929 3574 re
954 3507 1040 3574 alias
1066 3505 1230 3576 diximus.

241 3603 354 3674 Porro
389 3599 517 3674 harum
551 3605 752 3677 orationum
784 3609 938 3694 cognitio
973 3613 1015 3675 ad
1051 3622 1230 3700 utrunque

241 3705 393 3776 multum
415 3707 592 3780 conducit.
649 3706 740 3778 Nam
761 3705 805 3779 'ut
820 3705 1029 3798 Philosophi
1048 3722 1229 3798 praecepta

242 3809 286 3876 de
303 3809 462 3876 moribus
485 3808 679 3888 tradidere,
712 3811 759 3880 ita
778 3805 842 3878 hac
860 3810 1037 3878 orationes
1055 3812 1229 3878 bonorum

242 3933 282 3978 ac
314 3910 490 3978 malorum
525 3909 656 3978 civium
688 3911 843 4001 exempla
880 3927 1101 4000 proponunt,
1142 3933 1231 4002 quae

241 4010 353 4080 multo
379 4010 551 4080 efficacius
577 4011 717 4080 virtutis
741 4013 896 4084 studium
921 4012 1024 4080 nobis
1048 4035 1235 4080 commen-¹

242 4112 346 4196 dant,
372 4137 477 4203 quarn
496 4113 645 4200 frigidae
661 4113 741 4181 illae
762 4113 1101 4204 praeceptiunculae.
1154 4111 1231 4182 Sci-

129 4252 144 4264 ·
242 4212 386 4303 pionem
411 4225 444 4280 et
469 4213 653 4306 plerosque
673 4217 935 4286 aliusillustres
951 4217 1044 4284 viros
1059 4217 1106 4284 ait
1125 4213 1230 4283 Salu-

243 4313 331 4383 stius
362 4314 477 4383 dicere
500 4315 640 4398 solitos,
673 4342 751 4385 cum
781 4319 950 4406 imagines
975 4319 1149 4385 maiorum
1174 4317 1229 4384 in-

160 4487 162 4492 ,
242 4429 444 4499 tuerentur,
467 4410 773 4489 vehementissime
795 4421 952 4488 animum
972 4419 1039 4487 sibi
1056 4423 1097 4486 ad
1118 4419 1231 4487 virtu-

243 4530 315 4588 tem
340 4516 494 4588 accendi.
553 4515 654 4606 Quae
680 4537 795 4592 autem
819 4523 913 4590 boue
931 4519 1025 4590 Deus
1043 4544 1231 4604 marmora,

242 4640 333 4713 quae
357 4631 491 4699 statuae
514 4621 665 4690 conferri
681 4645 760 4690 cum
778 4617 834 4690 bis
851 4623 1072 4692 orationibus
1091 4645 1231 4691 meren·

242 4721 324 4792 tur?
371 4722 570 4814 quae'alias
597 4721 840 4813 improborum
874 4723 1003 4792 civium
1033 4723 1229 4813 perniciosa

233 4814 410 4907 consilia,
451 4822 538 4891 alias
563 4817 727 4894 honestas
751 4827 949 4897 voluntates
980 4825 1156 4894 honorum
1181 4827 1231 4892 ci-

242 4925 341 4994 vium
365 4925 416 4993 ita
438 4924 634 5014 depingunt
656 4928 946 5021 exprimuntque‚
971 4942 1010 4996 ut
1028 4929 1161 4996 nullius
1177 4927 1230 4994 la-

128 5071 130 5077 s
243 5026 330 5095 ciem
350 5026 484 5096 imitari
499 5027 644 5116 propius
657 5025 800 5120 Apelles
816 5031 981 5120 potuerit.
1037 5029 1158 5118 Quare
1182 5028 1230 5098 itu

243 5128 401 5198 statuetis
419 5129 463 5197 de
478 5123 535 5196 his
551 5129 688 5200 duabus
703 5133 942 5210 orationibus,
969 5132 1230 5206 absolutissima

243 5231 417 5324 quaedam
450 5231 624 5322 exempla,
662 5232 701 5303 in
733 5233 864 5303 illustri
898 5233 964 5302 sita
991 5235 1088 5319 loco,
1125 5231 1229 5300 nobis

682 181 842 260 unco.
880 184 954 260 nr
987 183 1189 262 rasae.
1225 181 1285 256 us
1323 177 1524 260 xuscu
1557 157 1632 256 ΕΤ
1672 177 1813 260 nunc

1776 25 1792 74 Ι

2193 183 2271 260 104

1279 354 1386 426 uibus
1401 355 1559 426 moribus
1574 367 1755 426 mereatur
1767 355 1928 440 laudern,
1949 366 2011 426 aut
2023 349 2274 448 reprehensio-

1279 481 1374 529 nem.
1441 455 1533 528 Nam
1556 458 1595 526 in
1626 457 1831 528 insectando
1855 451 2113 539 Demosthene,
2149 483 2273 528 veram

1279 559 1459 652 quandam
1475 559 1664 649 imaginem
1675 559 1863 629 sceleratae
1871 559 2000 629 ruentis
2012 559 2114 650 lingit
2122 555 2274 630 Aeschi-

1279 683 1353 730 nes.
1411 657 1547 732 Contra
1569 659 1649 745 ille,
1687 684 1768 730 cum
1789 660 2010 732 voluntatem
2029 661 2156 752 optimi
2184 661 2274 732 civis

1280 776 1384 851 negat
1415 761 1484 831 sibi
1518 762 1670 832 defuisse
1699 786 1878 855 unquam,
1918 761 2006 831 boni
2050 763 2120 832 viri
2156 764 2274 832 simu-

1279 859 1441 954 lachrum
1460 865 1619 954 sculpere
1639 864 1790 934 videtur.
1839 860 2074 953 Explicantur
2090 879 2274 956 praeterea

1280 965 1393 1033 multa
1410 965 1585 1036 maiorum
1607 965 1788 1049 instituta,
1822 965 1915 1054 leges
1931 988 1972 1036 ac
1995 990 2131 1052 mores,
2157 967 2274 1037 multa

1280 1065 1455 1157 exempla,
1484 1091 1576 1161 quae
1597 1080 1680 1137 sunt
1697 1067 1814 1138 obiter
1832 1089 1957 1136 causae
1973 1091 2133 1159 aspersa,
2150 1059 2198 1136 'in
2215 1063 2274 1136 bis

1280 1167 1502 1238 orationibus
1529 1167 1701 1242 invenies.
1760 1165 1827 1240 Est
1857 1167 1954 1238 enim
1983 1191 2099 1240 sonus·
2119 1169 2275 1240 lorensis
2350 1257 2351 1264 ἵ

1281 1263 1387 1338 huius
1412 1270 1599 1354 dictionis,
1631 1268 1776 1340 classico
1796 1267 1944 1354 similis,
1975 1283 2010 1342 et
2038 1269 2177 1361 plenior
2204 1271 2275 1340 ali-

1280 1385 1431 1464 quanto,
1458 1395 1564 1463 quam
1580 1367 1761 1442 historiae.
1810 1366 1974 1464 Denique
1996 1366 2086 1440 mibi
2102 1371 2275 1442 videntur

1280 1495 1403 1542 omnes
1417 1470 1572 1563 Reipub.
1584 1475 1758 1561 gerendae
1771 1475 1927 1542 rationes
1941 1473 2069 1544 melius
2091 1469 2149 1544 bic
2164 1475 2274 1560 tradi,

1280 1598 1385 1666 quam
1402 1574 1440 1642 in
1458 1575 1541 1644 ullis
1556 1569 1856 1667 Philosophorum
1872 1575 2183 1665 disputationibus.
2222 1571 2274 1646 Et
2350 1611 2351 1620 ¹

1280 1699 1360 1744 cum
1382 1671 1567 1746 historiam
1584 1699 1688 1746 nemo
1713 1699 1786 1744 non
1800 1669 1872 1744 hoe
1887 1675 2033 1746 nomine
2051 1677 2198 1767 plurimi
2214 1679 2274 1746 fe·
2350 1677 2351 1682 ’

1280 1776 1366 1860 ciat,
1401 1779 1497 1869 quod
1522 1777 1682 1848 omnium
1703 1777 1863 1846 civilium
1892 1777 2091 1848 officiorum
2113 1778 2273 1870 exempla

1279 1875 1432 1961 tradat,'
1452 1879 1537 1972 quid
1564 1875 1648 1950 huic
1676 1877 1879 1949 orationum
1907 1879 2029 1968 generi
2058 1879 2275 1966 tribuemus,
2350 1919 2351 1926 κ

1280 1979 1317 2046 in
1334 2003 1405 2072 quo
1419 1981 1578 2071 exempla
1601 1980 1662 2050 illa
1679 1994 1715 2050 et
1729 1979 1876 2050 consilia
1895 2003 2014 2050 rerum
2034 1983 2274 2072 gerendarum

1280 2080 1474 2150 accuratius
1504 2095 1537 2150 et
1569 2081 1768 2173 copiosius?
1817 2078 1908 2150 Nam
1939 2083 2087 2152 eumad
2114 2106 2275 2174 pugnam

1279 2177 1339 2251 hic
1352 2183 1552 2252 instruatur
1569 2183 1702 2266 oratio,
1727 2183 1786 2267 lit,
1816 2195 1856 2252 ut
1870 2183 2004 2252 maiore
2025 2185 2172 2273 negocio
2185 2185 2274 2256 illu·
2350 2243 2351 2276 ,

1279 2296 1437 2351 strentur
1451 2284 1573 2354 omuia
1593 2299 1685 2354 recte
1699 2297 1760 2354 aut
1782 2307 1881 2353 secus
1895 2283 1997 2354 lacta.
2045 2282 2170 2379 Neque
2186 2311 2273 2356 vero
2350 2319 2351 2364 t

1280 2397 1480 2474 praesentes
1509 2397 1647 2455 tantum
1674 2385 1854 2456 auditores
1883 2385 2102 2476 spectabant,
2135 2390 2198 2456 sed
2224 2390 2273 2456 ad
2350 2375 2351 2464 l

1280 2496 1438 2577 posteros
1460 2500 1576 2556 extare
1598 2481 1662 2556 has
1689 2485 1869 2558 orationes
1889 2487 2035 2556 voluere
2054 2501 2158 2558 testes
2186 2513 2274 2558 suo-

1280 2612 1358 2656 rum
1384 2586 1636 2673 consiliorum,
1665 2589 1956 2682 reliqueruntque
1973 2583 2078 2668 haec,
2103 2602 2145 2660 ut
2160 2585 2276 2660 habe-

1279 2703 1358 2758 rent
1379 2689 1508 2778 posteri
1530 2713 1606 2758 non
1621 2692 1744 2772 modo,
1771 2703 1812 2762 ut
1826 2690 1876 2760 ait
1895 2687 2143 2783 Thucydides,
2168 2687 2274 2789 ἀγω-

1278 2786 1462 2882 νίσματα,
1511 2793 1570 2860 sed
1609 2783 1800 2883 κτήματα,
1843 2785 1911 2860 hoc
1946 2804 2018 2872 est,
2063 2786 2274 2864 thesaurum

1280 2893 1532 2981 exemplorum.
1591 2888 1688 2979 Quid
1713 2908 1829 2962 autem
1851 2895 1895 2962 de
1919 2891 2119 2985 eloquentia
2139 2889 2272 2964 horum
2350 2975 2351 2978 Ἴ

1279 2993 1417 3062 dicam?
1466 2991 1557 3062 Nam
1578 2989 1665 3062 haec
1682 2994 1868 3084 praecipua
1883 2993 1960 3064 laus
1977 3005 2028 3062 est
2043 2989 2171 3064 barum
2189 3021 2275 3066 ora·

1280 3097 1429 3166 tionum.
1489 3091 1667 3188 Equidem
1691 3093 1885 3179 insaniam,
1910 3095 1939 3164 si
1958 3119 2038 3164 meo
2054 3097 2275 3185 testimonio,
2350 3131 2351 3194 q

1279 3221 1427 3288 meaque
1452 3219 1557 3276 voce,
1590 3197 1753 3266 accedere
1771 3196 1906 3288 aliquid
1936 3195 2082 3266 illorum
2104 3197 2275 3271 laudibus
2350 3195 2351 3282 l

1280 3298 1485 3370 existimem.
1528 3295 1666 3386 'Quare
1694 3297 1882 3388 praeconio
1905 3293 2088 3376 Ciceronis
2111 3303 2274 3372 contenti
2350 3315 2351 3386 ξ

1279 3400 1432 3478 erimus,
1460 3399 1521 3492 qui
1538 3423 1618 3470 cum
1633 3394 1844 3470 Aeschinem
1863 3399 2090 3490 amplissimis
2104 3401 2276 3474 laudibus
2350 3391 2351 3464 ἶ

1279 3513 1401 3585 ornat,
1433 3515 1550 3570 tamen
1572 3497 1899 3572 in‘Demosthenica
1923 3501 2103 3586 oratione,
2136 3517 2272 3574 tantam
2350 3515 2351 3522 ’

1280 3604 1518 3696 eloquentiam
1541 3627 1613 3672 esse
1640 3602 1791 3682 iudicat,
1825 3615 1957 3694 quanta
1975 3602 2112 3673 includi
2131 3605 2169 3674 in
2191 3607 2274 3674 ani·
2346 3681 2351 3702 .

1280 3706 1346 3772 ruis
1362 3700 1547 3772 homiuum
1564 3703 1683 3794 possit.
1734 3701 1848 3773 Locos
1870 3704 2038 3774 nonnulli
2055 3707 2274 3797 decerpsere,

1280 3808 1375 3874 xinde
1398 3805 1574 3896 specimen
1598 3805 1741 3896 aliquod
1760 3805 1982 3899 eloquentiae
2000 3805 2150 3877 istorum
2166 3833 2275 3900 cape-

1280 3921 1395 3990 retur,
1421 3908 1479 3975 sed
1501 3907 1617 3990 velut,
1640 3906 1671 3976 si
1692 3906 1906 3995 praeclaram
1920 3920 2069 3976 statuam
2088 3909 2274 3999 dissolvas,
2350 3923 2351 3926 ’

1280 4032 1482 4102 quanquam
1507 4009 1652 4078 insitio
1679 4009 1828 4097 singulis
1855 4009 2024 4078 membris
2046 4035 2130 4082 suus
2153 4013 2275 4101 decor,

1280 4127 1395 4180 tamen
1419 4110 1537 4178 miuus
1558 4111 1650 4180 clare
1671 4110 1803 4202 percipi
1825 4135 1864 4180 ac
1887 4111 2012 4180 sentiri
2029 4126 2192 4182 venustas
2215 4116 2274 4184 vi-

1281 4215 1404 4296 detur,
1438 4235 1543 4304 quam
1572 4211 1599 4281 si
1626 4211 1762 4302 integra
1787 4225 1920 4298 statua,
1944 4212 2064 4282 videas
2080 4237 2144 4286 suo
2160 4221 2274 4308 quae-

1280 4339 1347 4408 que
1362 4313 1439 4382 loco
1454 4315 1631 4384 collocuta.
1685 4311 1737 4384 lta
1752 4315 1874 4384 malim
1890 4337 1953 4384 vos
1967 4313 2120 4406 integras
2133 4317 2274 4388 oratio-

1280 4441 1341 4484 nes
1368 4415 1480 4484 oculis
1501 4428 1605 4508 atque
1628 4416 1748 4486 animo
1770 4416 2021 4508 contemplari,
2055 4441 2161 4510 quaro
2187 4442 2273 4490 sen-

1280 4517 1459 4588 tentiolas
1478 4519 1646 4608 quasdam
1682 4541 1884 4610 excerpere,
1925 4541 1944 4586 e
1974 4517 2106 4611 quibus
2130 4521 2272 4614 reliqua

1280 4620 1392 4689 oratio
1416 4617 1637 4704 aestimetur,
1670 4633 1710 4688 ut
1731 4646 1772 4690 ex
1798 4619 1978 4710 unguibus
1993 4621 2131 4692 leonem
2156 4623 2272 4696 aiunt.

1278 4719 1368 4790 Nam
1387 4719 1416 4787 si
1438 4720 1638 4788 universam
1657 4722 1722 4792 tibi
1741 4721 1987 4812 proposueris,
2012 4722 2063 4791 ibi
2084 4745 2167 4792 vero
2188 4749 2272 4794 sen-

1279 4824 1362 4906 ties,
1391 4845 1465 4890 non
1490 4823 1597 4900 modo
1621 4824 1750 4915 quibus
1775 4823 1964 4892 verborum
1986 4837 2049 4894 aut
2070 4827 2272 4918 sententia-

1279 4949 1358 4992 rum
1376 4923 1516 5012 liguris,
1549 4927 1608 4993 sed
1628 4949 1699 5017 quo
1723 4924 2011 5010 consiliastiam,
2041 4939 2076 4997 et
2095 4951 2163 5019 qua
2180 4929 2270 4998 soli-

1279 5025 1436 5096 citudine
1458 5025 1629 5104 dixerint,
1661 5051 1766 5120 quam
1791 5025 1917 5096 callide
1943 5026 1980 5096 iu
2011 5029 2135 5121 populi
2165 5055 2271 5102 aures

1279 5131 1453 5218 irrepant,
1485 5153 1590 5220 quam
1610 5127 1796 5216 diligenter
1818 5151 1892 5198 sese
1914 5121 2189 5213 communiant,-
2205 5135 2270 5203 ubi

1278 5229 1428 5301 alacrius
1452 5243 1662 5320 procurrant
1685 5229 1723 5297 in
1748 5229 2008 5316 adversarium,
2033 5233 2095 5301 ubi
2115 5235 2271 5308 celerant

242 5331 398 5416 ostendi,
429 5355 519 5424 quae
536 5336 868 5421 commonefaciant,
900 5335 984 5430 quid
1005 5337 1043 5406 in
1068 5359 1228 5406 cummu-
1265 5335 1421 5426 pedem,
1459 5330 1523 5400 ubi
1553 5331 1780 5403 ludificentur
1807 5326 1964 5418 hostem,
2003 5357 2093 5428 quae
2124 5337 2270 5428 proprie
