<?xml version="1.0" encoding="UTF-8"?>
<!DOCTYPE html PUBLIC "-//W3C//DTD XHTML 1.0 Transitional//EN"
    "http://www.w3.org/TR/xhtml1/DTD/xhtml1-transitional.dtd">
<html xmlns="http://www.w3.org/1999/xhtml" xml:lang="en" lang="en">
 <head>
  <title>
</title>
<meta http-equiv="Content-Type" content="text/html;charset=utf-8" />
  <meta name='ocr-system' content='tesseract 3.04.00' />
  <meta name='ocr-capabilities' content='ocr_page ocr_carea ocr_par ocr_line ocrx_word'/>
</head>
<body>
  <div class='ocr_page' id='page_1' title='image "./corpusreformato23melagoog_0072.png"; bbox 0 0 4718 5828; ppageno 0'>
   <div class='ocr_carea' id='block_1_1' title="bbox 80 135 2121 444">
    <p class='ocr_par' dir='ltr' id='par_1_1' title="bbox 80 135 2121 444">
     <span class='ocr_line' id='line_1_1' title="bbox 84 135 2116 288; baseline 0.002 -36"><span class='ocrx_word' id='word_1_1' title='bbox 84 181 158 256; x_wconf 80' lang='lat' dir='ltr'>m</span> <span class='ocrx_word' id='word_1_2' title='bbox 392 135 398 141; x_wconf 76' lang='grc'><strong>’</strong></span> <span class='ocrx_word' id='word_1_3' title='bbox 554 171 717 252; x_wconf 76' lang='lat' dir='ltr'>onoc.</span> <span class='ocrx_word' id='word_1_4' title='bbox 769 159 1660 250; x_wconf 76' lang='lat' dir='ltr'>ocurmuurnrauumnuu&#39;</span> <span class='ocrx_word' id='word_1_5' title='bbox 1894 185 1899 192; x_wconf 94' lang='lat'>·</span> <span class='ocrx_word' id='word_1_6' title='bbox 2026 187 2116 288; x_wconf 70' lang='lat'>,¹¹⁸</span> 
     </span>
     <span class='ocr_line' id='line_1_2' title="bbox 80 299 2121 444; baseline 0.003 -18"><span class='ocrx_word' id='word_1_7' title='bbox 80 349 325 426; x_wconf 66' lang='lat' dir='ltr'>imbecillibus</span> <span class='ocrx_word' id='word_1_8' title='bbox 353 348 469 432; x_wconf 85' lang='lat' dir='ltr'>nasci,</span> <span class='ocrx_word' id='word_1_9' title='bbox 503 371 652 443; x_wconf 90' lang='lat' dir='ltr'>eamque</span> <span class='ocrx_word' id='word_1_10' title='bbox 675 347 813 439; x_wconf 74' lang='lat' dir='ltr'>legen,</span> <span class='ocrx_word' id='word_1_11' title='bbox 843 347 993 442; x_wconf 80' lang='lat' dir='ltr'>opinor,</span> <span class='ocrx_word' id='word_1_12' title='bbox 1024 346 1073 418; x_wconf 85' lang='lat' dir='ltr'>ita</span> <span class='ocrx_word' id='word_1_13' title='bbox 1121 345 1309 418; x_wconf 70' lang='lat' dir='ltr'>sinuantia.</span> <span class='ocrx_word' id='word_1_14' title='bbox 1358 299 1747 444; x_wconf 79' lang='lat' dir='ltr'>Excogitamntitaque</span> <span class='ocrx_word' id='word_1_15' title='bbox 1760 333 2028 444; x_wconf 66' lang='lat' dir='ltr'>prudentissimi</span> <span class='ocrx_word' id='word_1_16' title='bbox 2043 355 2121 432; x_wconf 84' lang='lat' dir='ltr'>bo·-</span> 
     </span>
    </p>
   </div>
   <div class='ocr_carea' id='block_1_2' title="bbox 15 447 2138 3412">
    <p class='ocr_par' dir='ltr' id='par_1_2' title="bbox 15 447 2138 3412">
     <span class='ocr_line' id='line_1_3' title="bbox 79 447 2110 545; baseline 0.003 -16"><span class='ocrx_word' id='word_1_17' title='bbox 79 455 198 529; x_wconf 84' lang='lat' dir='ltr'>sanxit</span> <span class='ocrx_word' id='word_1_18' title='bbox 221 467 373 540; x_wconf 88' lang='lat' dir='ltr'>natura,</span> <span class='ocrx_word' id='word_1_19' title='bbox 405 464 446 524; x_wconf 93' lang='lat' dir='ltr'>ut</span> <span class='ocrx_word' id='word_1_20' title='bbox 465 452 670 525; x_wconf 73' lang='lat' dir='ltr'>educandae</span> <span class='ocrx_word' id='word_1_21' title='bbox 691 452 914 545; x_wconf 72' lang='lat' dir='ltr'>tuendaeque</span> <span class='ocrx_word' id='word_1_22' title='bbox 940 449 1075 522; x_wconf 87' lang='lat' dir='ltr'>sobolis</span> <span class='ocrx_word' id='word_1_23' title='bbox 1121 449 1238 520; x_wconf 90' lang='lat' dir='ltr'>mines</span> <span class='ocrx_word' id='word_1_24' title='bbox 1250 447 1417 536; x_wconf 81' lang='lat' dir='ltr'>fabellas,</span> <span class='ocrx_word' id='word_1_25' title='bbox 1439 471 1531 544; x_wconf 90' lang='lat' dir='ltr'>quae</span> <span class='ocrx_word' id='word_1_26' title='bbox 1544 449 1700 542; x_wconf 88' lang='lat' dir='ltr'>primum</span> <span class='ocrx_word' id='word_1_27' title='bbox 1721 454 1957 532; x_wconf 75' lang='lat' dir='ltr'>admiratione</span> <span class='ocrx_word' id='word_1_28' title='bbox 1980 463 2110 535; x_wconf 67' lang='lat' dir='ltr'>excita</span> 
     </span>
     <span class='ocr_line' id='line_1_4' title="bbox 79 547 2108 656; baseline 0.002 -24"><span class='ocrx_word' id='word_1_29' title='bbox 79 582 201 632; x_wconf 86' lang='lat' dir='ltr'>curam</span> <span class='ocrx_word' id='word_1_30' title='bbox 221 557 263 626; x_wconf 91' lang='lat' dir='ltr'>iu</span> <span class='ocrx_word' id='word_1_31' title='bbox 287 555 494 648; x_wconf 77' lang='lat' dir='ltr'>parentibus</span> <span class='ocrx_word' id='word_1_32' title='bbox 516 566 670 646; x_wconf 86' lang='lat' dir='ltr'>augeret.</span> <span class='ocrx_word' id='word_1_33' title='bbox 720 547 775 624; x_wconf 91' lang='lat' dir='ltr'>Os</span> <span class='ocrx_word' id='word_1_34' title='bbox 795 553 951 646; x_wconf 89' lang='lat' dir='ltr'>primum</span> <span class='ocrx_word' id='word_1_35' title='bbox 975 553 1074 622; x_wconf 88' lang='lat' dir='ltr'>iner—</span> <span class='ocrx_word' id='word_1_36' title='bbox 1122 565 1214 638; x_wconf 90' lang='lat' dir='ltr'>rent,</span> <span class='ocrx_word' id='word_1_37' title='bbox 1229 575 1292 623; x_wconf 88' lang='lat' dir='ltr'>een</span> <span class='ocrx_word' id='word_1_38' title='bbox 1302 565 1486 624; x_wconf 84' lang='lat' dir='ltr'>veternum</span> <span class='ocrx_word' id='word_1_39' title='bbox 1501 554 1677 645; x_wconf 89' lang='lat' dir='ltr'>quendam</span> <span class='ocrx_word' id='word_1_40' title='bbox 1687 555 1902 631; x_wconf 81' lang='lat' dir='ltr'>dormientes</span> <span class='ocrx_word' id='word_1_41' title='bbox 1915 584 2108 656; x_wconf 90' lang='lat' dir='ltr'>puerorum</span> 
     </span>
     <span class='ocr_line' id='line_1_5' title="bbox 78 653 2109 754; baseline 0.004 -22"><span class='ocrx_word' id='word_1_42' title='bbox 78 686 135 732; x_wconf 89' lang='lat' dir='ltr'>me</span> <span class='ocrx_word' id='word_1_43' title='bbox 149 675 187 732; x_wconf 91' lang='lat' dir='ltr'>et</span> <span class='ocrx_word' id='word_1_44' title='bbox 201 657 412 730; x_wconf 90' lang='lat' dir='ltr'>edentulum</span> <span class='ocrx_word' id='word_1_45' title='bbox 428 671 497 744; x_wconf 89' lang='lat' dir='ltr'>est,</span> <span class='ocrx_word' id='word_1_46' title='bbox 519 681 598 728; x_wconf 86' lang='lat' dir='ltr'>sere</span> <span class='ocrx_word' id='word_1_47' title='bbox 621 656 815 728; x_wconf 84' lang='lat' dir='ltr'>admodum</span> <span class='ocrx_word' id='word_1_48' title='bbox 833 655 973 746; x_wconf 86' lang='lat' dir='ltr'>lingua,</span> <span class='ocrx_word' id='word_1_49' title='bbox 997 677 1074 724; x_wconf 91' lang='lat' dir='ltr'>ma-</span> <span class='ocrx_word' id='word_1_50' title='bbox 1122 655 1275 726; x_wconf 84' lang='lat' dir='ltr'>auimos.</span> <span class='ocrx_word' id='word_1_51' title='bbox 1326 653 1424 744; x_wconf 87' lang='lat' dir='ltr'>Quid</span> <span class='ocrx_word' id='word_1_52' title='bbox 1440 655 1535 723; x_wconf 90' lang='lat' dir='ltr'>euim</span> <span class='ocrx_word' id='word_1_53' title='bbox 1550 655 1663 746; x_wconf 87' lang='lat' dir='ltr'>magis</span> <span class='ocrx_word' id='word_1_54' title='bbox 1680 681 1815 729; x_wconf 82' lang='lat' dir='ltr'>novum</span> <span class='ocrx_word' id='word_1_55' title='bbox 1833 664 1939 736; x_wconf 89' lang='lat' dir='ltr'>nobis</span> <span class='ocrx_word' id='word_1_56' title='bbox 1955 667 2109 754; x_wconf 86' lang='lat' dir='ltr'>videtur,</span> 
     </span>
     <span class='ocr_line' id='line_1_6' title="bbox 79 754 2108 860; baseline 0.004 -26"><span class='ocrx_word' id='word_1_57' title='bbox 79 787 165 849; x_wconf 89' lang='lat' dir='ltr'>nus,</span> <span class='ocrx_word' id='word_1_58' title='bbox 191 765 305 854; x_wconf 87' lang='lat' dir='ltr'>pedes</span> <span class='ocrx_word' id='word_1_59' title='bbox 317 760 475 832; x_wconf 82' lang='lat' dir='ltr'>officium</span> <span class='ocrx_word' id='word_1_60' title='bbox 491 783 595 832; x_wconf 91' lang='lat' dir='ltr'>suum</span> <span class='ocrx_word' id='word_1_61' title='bbox 611 759 726 830; x_wconf 83' lang='lat' dir='ltr'>facere</span> <span class='ocrx_word' id='word_1_62' title='bbox 747 757 938 850; x_wconf 89' lang='lat' dir='ltr'>incipiunt.</span> <span class='ocrx_word' id='word_1_63' title='bbox 988 754 1072 828; x_wconf 83' lang='lat' dir='ltr'>Est·</span> <span class='ocrx_word' id='word_1_64' title='bbox 1123 781 1231 852; x_wconf 90' lang='lat' dir='ltr'>quam</span> <span class='ocrx_word' id='word_1_65' title='bbox 1254 757 1379 850; x_wconf 91' lang='lat' dir='ltr'>lupum</span> <span class='ocrx_word' id='word_1_66' title='bbox 1402 781 1480 829; x_wconf 89' lang='lat' dir='ltr'>cum</span> <span class='ocrx_word' id='word_1_67' title='bbox 1512 781 1622 850; x_wconf 90' lang='lat' dir='ltr'>equo,</span> <span class='ocrx_word' id='word_1_68' title='bbox 1647 759 1788 859; x_wconf 84' lang='lat' dir='ltr'>leonem</span> <span class='ocrx_word' id='word_1_69' title='bbox 1811 787 1892 837; x_wconf 91' lang='lat' dir='ltr'>cum</span> <span class='ocrx_word' id='word_1_70' title='bbox 1909 769 2108 860; x_wconf 85' lang='lat' dir='ltr'>volpecula,</span> 
     </span>
     <span class='ocr_line' id='line_1_7' title="bbox 80 855 2109 966; baseline 0.004 -30"><span class='ocrx_word' id='word_1_71' title='bbox 80 877 259 961; x_wconf 87' lang='lat' dir='ltr'>quetauta</span> <span class='ocrx_word' id='word_1_72' title='bbox 271 864 313 934; x_wconf 90' lang='lat' dir='ltr'>in</span> <span class='ocrx_word' id='word_1_73' title='bbox 329 876 452 934; x_wconf 87' lang='lat' dir='ltr'>tenero</span> <span class='ocrx_word' id='word_1_74' title='bbox 461 860 902 955; x_wconf 88' lang='lat' dir='ltr'>corpusculoimbecillitas</span> <span class='ocrx_word' id='word_1_75' title='bbox 911 859 1072 930; x_wconf 91' lang='lat' dir='ltr'>omnium</span> <span class='ocrx_word' id='word_1_76' title='bbox 1123 883 1293 952; x_wconf 88' lang='lat' dir='ltr'>quercum</span> <span class='ocrx_word' id='word_1_77' title='bbox 1311 883 1392 930; x_wconf 91' lang='lat' dir='ltr'>cum</span> <span class='ocrx_word' id='word_1_78' title='bbox 1408 859 1589 930; x_wconf 78' lang='lat' dir='ltr'>cucurbita</span> <span class='ocrx_word' id='word_1_79' title='bbox 1609 855 1798 934; x_wconf 88' lang='lat' dir='ltr'>hominum</span> <span class='ocrx_word' id='word_1_80' title='bbox 1812 891 1911 938; x_wconf 87' lang='lat' dir='ltr'>more</span> <span class='ocrx_word' id='word_1_81' title='bbox 1927 871 2109 966; x_wconf 86' lang='lat' dir='ltr'>colloqui?</span> 
     </span>
     <span class='ocr_line' id='line_1_8' title="bbox 81 959 2107 1067; baseline 0.003 -28"><span class='ocrx_word' id='word_1_82' title='bbox 81 969 351 1050; x_wconf 87' lang='lat' dir='ltr'>membrorum,</span> <span class='ocrx_word' id='word_1_83' title='bbox 384 979 425 1036; x_wconf 93' lang='lat' dir='ltr'>ut</span> <span class='ocrx_word' id='word_1_84' title='bbox 449 963 488 1034; x_wconf 89' lang='lat' dir='ltr'>ni</span> <span class='ocrx_word' id='word_1_85' title='bbox 511 965 647 1055; x_wconf 87' lang='lat' dir='ltr'>vagiret</span> <span class='ocrx_word' id='word_1_86' title='bbox 669 963 807 1048; x_wconf 88' lang='lat' dir='ltr'>iulans,</span> <span class='ocrx_word' id='word_1_87' title='bbox 840 963 960 1034; x_wconf 87' lang='lat' dir='ltr'>vivere</span> <span class='ocrx_word' id='word_1_88' title='bbox 983 983 1072 1053; x_wconf 90' lang='lat' dir='ltr'>pene</span> <span class='ocrx_word' id='word_1_89' title='bbox 1124 959 1244 1034; x_wconf 84' lang='lat' dir='ltr'>Taciti</span> <span class='ocrx_word' id='word_1_90' title='bbox 1256 963 1351 1054; x_wconf 91' lang='lat' dir='ltr'>apud</span> <span class='ocrx_word' id='word_1_91' title='bbox 1368 985 1435 1032; x_wconf 89' lang='lat' dir='ltr'>nos</span> <span class='ocrx_word' id='word_1_92' title='bbox 1451 963 1641 1048; x_wconf 83' lang='lat' dir='ltr'>miramur,</span> <span class='ocrx_word' id='word_1_93' title='bbox 1664 965 1728 1058; x_wconf 92' lang='lat' dir='ltr'>qui</span> <span class='ocrx_word' id='word_1_94' title='bbox 1742 989 1884 1053; x_wconf 88' lang='lat' dir='ltr'>sensus,</span> <span class='ocrx_word' id='word_1_95' title='bbox 1911 974 1973 1067; x_wconf 91' lang='lat' dir='ltr'>qui</span> <span class='ocrx_word' id='word_1_96' title='bbox 1991 997 2107 1045; x_wconf 87' lang='lat' dir='ltr'>sermo</span> 
     </span>
     <span class='ocr_line' id='line_1_9' title="bbox 15 1061 2109 1159; baseline 0.004 -19"><span class='ocrx_word' id='word_1_97' title='bbox 15 1103 16 1106; x_wconf 39' lang='lat'>¹</span> <span class='ocrx_word' id='word_1_98' title='bbox 80 1071 293 1143; x_wconf 77' lang='lat' dir='ltr'>nesciretur.</span> <span class='ocrx_word' id='word_1_99' title='bbox 316 1065 367 1140; x_wconf 83' lang='lat' dir='ltr'>Et</span> <span class='ocrx_word' id='word_1_100' title='bbox 381 1063 466 1138; x_wconf 88' lang='lat' dir='ltr'>huic</span> <span class='ocrx_word' id='word_1_101' title='bbox 481 1065 639 1158; x_wconf 81' lang='lat' dir='ltr'>corporis</span> <span class='ocrx_word' id='word_1_102' title='bbox 653 1066 761 1136; x_wconf 89' lang='lat' dir='ltr'>modo</span> <span class='ocrx_word' id='word_1_103' title='bbox 777 1065 950 1155; x_wconf 85' lang='lat' dir='ltr'>singulari</span> <span class='ocrx_word' id='word_1_104' title='bbox 964 1065 1075 1134; x_wconf 85' lang='lat' dir='ltr'>bene-</span> <span class='ocrx_word' id='word_1_105' title='bbox 1123 1062 1318 1134; x_wconf 87' lang='lat' dir='ltr'>bestiarum</span> <span class='ocrx_word' id='word_1_106' title='bbox 1342 1063 1461 1134; x_wconf 88' lang='lat' dir='ltr'>luerit:</span> <span class='ocrx_word' id='word_1_107' title='bbox 1497 1065 1659 1159; x_wconf 84' lang='lat' dir='ltr'>paritque</span> <span class='ocrx_word' id='word_1_108' title='bbox 1683 1061 1769 1138; x_wconf 88' lang='lat' dir='ltr'>haec</span> <span class='ocrx_word' id='word_1_109' title='bbox 1792 1073 1981 1145; x_wconf 89' lang='lat' dir='ltr'>admiratio</span> <span class='ocrx_word' id='word_1_110' title='bbox 2002 1077 2109 1148; x_wconf 80' lang='lat' dir='ltr'>volu-</span> 
     </span>
     <span class='ocr_line' id='line_1_10' title="bbox 79 1167 2108 1264; baseline 0.001 -20"><span class='ocrx_word' id='word_1_111' title='bbox 79 1173 158 1244; x_wconf 86' lang='lat' dir='ltr'>ficio</span> <span class='ocrx_word' id='word_1_112' title='bbox 173 1185 307 1244; x_wconf 88' lang='lat' dir='ltr'>natura</span> <span class='ocrx_word' id='word_1_113' title='bbox 324 1169 594 1244; x_wconf 87' lang='lat' dir='ltr'>convenientem</span> <span class='ocrx_word' id='word_1_114' title='bbox 619 1167 826 1238; x_wconf 86' lang='lat' dir='ltr'>alimoniam</span> <span class='ocrx_word' id='word_1_115' title='bbox 849 1169 889 1238; x_wconf 89' lang='lat' dir='ltr'>in</span> <span class='ocrx_word' id='word_1_116' title='bbox 905 1167 1074 1238; x_wconf 76' lang='lat' dir='ltr'>maternis</span> <span class='ocrx_word' id='word_1_117' title='bbox 1124 1179 1254 1260; x_wconf 88' lang='lat' dir='ltr'>ptatem</span> <span class='ocrx_word' id='word_1_118' title='bbox 1280 1168 1456 1260; x_wconf 85' lang='lat' dir='ltr'>quandam</span> <span class='ocrx_word' id='word_1_119' title='bbox 1483 1167 1629 1260; x_wconf 88' lang='lat' dir='ltr'>propius</span> <span class='ocrx_word' id='word_1_120' title='bbox 1653 1175 1916 1259; x_wconf 84' lang='lat' dir='ltr'>cognoscendae</span> <span class='ocrx_word' id='word_1_121' title='bbox 1940 1178 2010 1264; x_wconf 87' lang='lat' dir='ltr'>rai,</span> <span class='ocrx_word' id='word_1_122' title='bbox 2051 1178 2108 1250; x_wconf 85' lang='lat' dir='ltr'>io-</span> 
     </span>
     <span class='ocr_line' id='line_1_11' title="bbox 81 1269 2107 1366; baseline 0.002 -19"><span class='ocrx_word' id='word_1_123' title='bbox 81 1275 257 1348; x_wconf 85' lang='lat' dir='ltr'>uberibus</span> <span class='ocrx_word' id='word_1_124' title='bbox 287 1273 469 1356; x_wconf 88' lang='lat' dir='ltr'>condidit,</span> <span class='ocrx_word' id='word_1_125' title='bbox 503 1273 599 1366; x_wconf 90' lang='lat' dir='ltr'>quud</span> <span class='ocrx_word' id='word_1_126' title='bbox 627 1270 859 1340; x_wconf 82' lang='lat' dir='ltr'>solidioribus</span> <span class='ocrx_word' id='word_1_127' title='bbox 885 1269 974 1340; x_wconf 86' lang='lat' dir='ltr'>cibis</span> <span class='ocrx_word' id='word_1_128' title='bbox 999 1293 1072 1339; x_wconf 92' lang='lat' dir='ltr'>non</span> <span class='ocrx_word' id='word_1_129' title='bbox 1125 1282 1253 1362; x_wconf 89' lang='lat' dir='ltr'>vatque</span> <span class='ocrx_word' id='word_1_130' title='bbox 1280 1269 1432 1350; x_wconf 79' lang='lat' dir='ltr'>discam,</span> <span class='ocrx_word' id='word_1_131' title='bbox 1467 1294 1573 1364; x_wconf 90' lang='lat' dir='ltr'>quam</span> <span class='ocrx_word' id='word_1_132' title='bbox 1608 1271 1655 1340; x_wconf 90' lang='lat' dir='ltr'>ob</span> <span class='ocrx_word' id='word_1_133' title='bbox 1681 1295 1820 1343; x_wconf 75' lang='lat' dir='ltr'>mirsam</span> <span class='ocrx_word' id='word_1_134' title='bbox 1851 1270 1937 1346; x_wconf 85' lang='lat' dir='ltr'>haec</span> <span class='ocrx_word' id='word_1_135' title='bbox 1960 1280 2107 1351; x_wconf 85' lang='lat' dir='ltr'>conficte</span> 
     </span>
     <span class='ocr_line' id='line_1_12' title="bbox 80 1369 2107 1471; baseline 0.001 -21"><span class='ocrx_word' id='word_1_136' title='bbox 80 1376 202 1450; x_wconf 87' lang='lat' dir='ltr'>statim</span> <span class='ocrx_word' id='word_1_137' title='bbox 227 1399 271 1446; x_wconf 90' lang='lat' dir='ltr'>os</span> <span class='ocrx_word' id='word_1_138' title='bbox 295 1375 438 1446; x_wconf 84' lang='lat' dir='ltr'>firmum</span> <span class='ocrx_word' id='word_1_139' title='bbox 456 1375 514 1446; x_wconf 89' lang='lat' dir='ltr'>sit.</span> <span class='ocrx_word' id='word_1_140' title='bbox 569 1371 691 1466; x_wconf 89' lang='lat' dir='ltr'>ltaque</span> <span class='ocrx_word' id='word_1_141' title='bbox 715 1386 878 1442; x_wconf 91' lang='lat' dir='ltr'>materno</span> <span class='ocrx_word' id='word_1_142' title='bbox 902 1373 992 1442; x_wconf 89' lang='lat' dir='ltr'>lacte</span> <span class='ocrx_word' id='word_1_143' title='bbox 1015 1371 1074 1440; x_wconf 91' lang='lat' dir='ltr'>in·</span> <span class='ocrx_word' id='word_1_144' title='bbox 1125 1369 1210 1444; x_wconf 86' lang='lat' dir='ltr'>sint.</span> <span class='ocrx_word' id='word_1_145' title='bbox 1264 1369 1318 1440; x_wconf 91' lang='lat' dir='ltr'>lbi</span> <span class='ocrx_word' id='word_1_146' title='bbox 1335 1371 1501 1461; x_wconf 87' lang='lat' dir='ltr'>paulatim</span> <span class='ocrx_word' id='word_1_147' title='bbox 1515 1371 1656 1443; x_wconf 89' lang='lat' dir='ltr'>animus</span> <span class='ocrx_word' id='word_1_148' title='bbox 1667 1375 1860 1464; x_wconf 76' lang='lat' dir='ltr'>excitatus,</span> <span class='ocrx_word' id='word_1_149' title='bbox 1885 1379 1990 1471; x_wconf 80' lang='lat' dir='ltr'>erigit</span> <span class='ocrx_word' id='word_1_150' title='bbox 2015 1405 2052 1452; x_wconf 91' lang='lat' dir='ltr'>se</span> <span class='ocrx_word' id='word_1_151' title='bbox 2069 1382 2107 1452; x_wconf 91' lang='lat' dir='ltr'>iu</span> 
     </span>
     <span class='ocr_line' id='line_1_13' title="bbox 81 1469 2108 1575; baseline -0.004 -25"><span class='ocrx_word' id='word_1_152' title='bbox 81 1483 157 1550; x_wconf 87' lang='lat' dir='ltr'>lans</span> <span class='ocrx_word' id='word_1_153' title='bbox 175 1478 356 1569; x_wconf 84' lang='lat' dir='ltr'>tantisper</span> <span class='ocrx_word' id='word_1_154' title='bbox 374 1475 500 1562; x_wconf 87' lang='lat' dir='ltr'>alitur,</span> <span class='ocrx_word' id='word_1_155' title='bbox 534 1489 611 1550; x_wconf 89' lang='lat' dir='ltr'>turn</span> <span class='ocrx_word' id='word_1_156' title='bbox 637 1473 806 1544; x_wconf 78' lang='lat' dir='ltr'>viticulae</span> <span class='ocrx_word' id='word_1_157' title='bbox 828 1475 1001 1544; x_wconf 85' lang='lat' dir='ltr'>firmiores</span> <span class='ocrx_word' id='word_1_158' title='bbox 1022 1474 1076 1543; x_wconf 86' lang='lat' dir='ltr'>la·</span> <span class='ocrx_word' id='word_1_159' title='bbox 1125 1473 1458 1566; x_wconf 87' lang='lat' dir='ltr'>contemplationem</span> <span class='ocrx_word' id='word_1_160' title='bbox 1487 1497 1607 1544; x_wconf 91' lang='lat' dir='ltr'>rerum</span> <span class='ocrx_word' id='word_1_161' title='bbox 1641 1469 1899 1567; x_wconf 79' lang='lat' dir='ltr'>hornanarum,</span> <span class='ocrx_word' id='word_1_162' title='bbox 1929 1496 1965 1556; x_wconf 89' lang='lat' dir='ltr'>et</span> <span class='ocrx_word' id='word_1_163' title='bbox 1996 1507 2108 1575; x_wconf 69' lang='lat' dir='ltr'>agno.</span> 
     </span>
     <span class='ocr_line' id='line_1_14' title="bbox 81 1575 2106 1678; baseline 0.002 -26"><span class='ocrx_word' id='word_1_164' title='bbox 81 1597 174 1666; x_wconf 88' lang='lat' dir='ltr'>ctae,</span> <span class='ocrx_word' id='word_1_165' title='bbox 201 1581 414 1650; x_wconf 82' lang='lat' dir='ltr'>solidiorem</span> <span class='ocrx_word' id='word_1_166' title='bbox 430 1577 548 1677; x_wconf 81' lang='lat' dir='ltr'>eibum</span> <span class='ocrx_word' id='word_1_167' title='bbox 564 1577 771 1660; x_wconf 89' lang='lat' dir='ltr'>admittent,</span> <span class='ocrx_word' id='word_1_168' title='bbox 796 1591 948 1670; x_wconf 86' lang='lat' dir='ltr'>suntque</span> <span class='ocrx_word' id='word_1_169' title='bbox 971 1589 1075 1647; x_wconf 90' lang='lat' dir='ltr'>auto·</span> <span class='ocrx_word' id='word_1_170' title='bbox 1125 1600 1220 1646; x_wconf 86' lang='lat' dir='ltr'>scere</span> <span class='ocrx_word' id='word_1_171' title='bbox 1258 1575 1430 1645; x_wconf 87' lang='lat' dir='ltr'>virtutum</span> <span class='ocrx_word' id='word_1_172' title='bbox 1463 1576 1702 1672; x_wconf 84' lang='lat' dir='ltr'>vitiorumque</span> <span class='ocrx_word' id='word_1_173' title='bbox 1734 1581 1939 1654; x_wconf 88' lang='lat' dir='ltr'>discrimina</span> <span class='ocrx_word' id='word_1_174' title='bbox 1969 1584 2106 1678; x_wconf 87' lang='lat' dir='ltr'>incipit.</span> 
     </span>
     <span class='ocr_line' id='line_1_15' title="bbox 81 1675 2138 1774; baseline 0.001 -19"><span class='ocrx_word' id='word_1_175' title='bbox 81 1707 135 1755; x_wconf 86' lang='lat' dir='ltr'>res</span> <span class='ocrx_word' id='word_1_176' title='bbox 147 1683 302 1762; x_wconf 88' lang='lat' dir='ltr'>medici,</span> <span class='ocrx_word' id='word_1_177' title='bbox 328 1681 390 1774; x_wconf 89' lang='lat' dir='ltr'>qui</span> <span class='ocrx_word' id='word_1_178' title='bbox 414 1679 554 1770; x_wconf 90' lang='lat' dir='ltr'>integro</span> <span class='ocrx_word' id='word_1_179' title='bbox 572 1679 717 1749; x_wconf 88' lang='lat' dir='ltr'>biennio</span> <span class='ocrx_word' id='word_1_180' title='bbox 733 1679 810 1748; x_wconf 89' lang='lat' dir='ltr'>solo</span> <span class='ocrx_word' id='word_1_181' title='bbox 825 1677 914 1748; x_wconf 90' lang='lat' dir='ltr'>lacte</span> <span class='ocrx_word' id='word_1_182' title='bbox 927 1679 1075 1748; x_wconf 88' lang='lat' dir='ltr'>alendos</span> <span class='ocrx_word' id='word_1_183' title='bbox 1125 1675 1265 1749; x_wconf 87' lang='lat' dir='ltr'>Deinde</span> <span class='ocrx_word' id='word_1_184' title='bbox 1277 1677 1383 1747; x_wconf 88' lang='lat' dir='ltr'>altius</span> <span class='ocrx_word' id='word_1_185' title='bbox 1401 1677 1575 1761; x_wconf 86' lang='lat' dir='ltr'>insidunt,</span> <span class='ocrx_word' id='word_1_186' title='bbox 1601 1705 1681 1750; x_wconf 92' lang='lat' dir='ltr'>cum</span> <span class='ocrx_word' id='word_1_187' title='bbox 1695 1685 1802 1754; x_wconf 86' lang='lat' dir='ltr'>verba</span> <span class='ocrx_word' id='word_1_188' title='bbox 1821 1697 1895 1756; x_wconf 92' lang='lat' dir='ltr'>tum</span> <span class='ocrx_word' id='word_1_189' title='bbox 1912 1688 2107 1759; x_wconf 90' lang='lat' dir='ltr'>sententiae</span> <span class='ocrx_word' id='word_1_190' title='bbox 2131 1699 2138 1706; x_wconf 90' lang='lat'><em>&#39;</em></span> 
     </span>
     <span class='ocr_line' id='line_1_16' title="bbox 82 1781 2107 1876; baseline 0.001 -19"><span class='ocrx_word' id='word_1_191' title='bbox 82 1796 248 1870; x_wconf 87' lang='lat' dir='ltr'>censent,</span> <span class='ocrx_word' id='word_1_192' title='bbox 275 1784 447 1876; x_wconf 88' lang='lat' dir='ltr'>paulatim</span> <span class='ocrx_word' id='word_1_193' title='bbox 463 1795 581 1874; x_wconf 88' lang='lat' dir='ltr'>postea</span> <span class='ocrx_word' id='word_1_194' title='bbox 598 1781 748 1852; x_wconf 86' lang='lat' dir='ltr'>solidior</span> <span class='ocrx_word' id='word_1_195' title='bbox 765 1781 864 1851; x_wconf 89' lang='lat' dir='ltr'>cibus</span> <span class='ocrx_word' id='word_1_196' title='bbox 878 1783 994 1866; x_wconf 91' lang='lat' dir='ltr'>datur,</span> <span class='ocrx_word' id='word_1_197' title='bbox 1010 1803 1075 1849; x_wconf 88' lang='lat' dir='ltr'>nec</span> <span class='ocrx_word' id='word_1_198' title='bbox 1125 1805 1248 1852; x_wconf 89' lang='lat' dir='ltr'>eorum</span> <span class='ocrx_word' id='word_1_199' title='bbox 1263 1795 1567 1868; x_wconf 89' lang='lat' dir='ltr'>argumentorum,</span> <span class='ocrx_word' id='word_1_200' title='bbox 1593 1805 1682 1874; x_wconf 89' lang='lat' dir='ltr'>quae</span> <span class='ocrx_word' id='word_1_201' title='bbox 1696 1807 1776 1854; x_wconf 89' lang='lat' dir='ltr'>cum</span> <span class='ocrx_word' id='word_1_202' title='bbox 1790 1787 2029 1862; x_wconf 87' lang='lat' dir='ltr'>admiratione</span> <span class='ocrx_word' id='word_1_203' title='bbox 2047 1815 2107 1860; x_wconf 83' lang='lat' dir='ltr'>ex·</span> 
     </span>
     <span class='ocr_line' id='line_1_17' title="bbox 81 1882 2106 1982; baseline 0.001 -23"><span class='ocrx_word' id='word_1_204' title='bbox 81 1890 141 1960; x_wconf 90' lang='lat' dir='ltr'>ille</span> <span class='ocrx_word' id='word_1_205' title='bbox 158 1901 284 1958; x_wconf 88' lang='lat' dir='ltr'>tamen</span> <span class='ocrx_word' id='word_1_206' title='bbox 308 1885 535 1980; x_wconf 89' lang='lat' dir='ltr'>aliquandiu,</span> <span class='ocrx_word' id='word_1_207' title='bbox 558 1884 628 1954; x_wconf 90' lang='lat' dir='ltr'>nisi</span> <span class='ocrx_word' id='word_1_208' title='bbox 653 1903 891 1975; x_wconf 81' lang='lat' dir='ltr'>praemensus.</span> <span class='ocrx_word' id='word_1_209' title='bbox 945 1882 1021 1952; x_wconf 85' lang='lat' dir='ltr'>lam</span> <span class='ocrx_word' id='word_1_210' title='bbox 1042 1895 1076 1952; x_wconf 90' lang='lat' dir='ltr'>et</span> <span class='ocrx_word' id='word_1_211' title='bbox 1126 1884 1300 1976; x_wconf 88' lang='lat' dir='ltr'>cepimus,</span> <span class='ocrx_word' id='word_1_212' title='bbox 1333 1894 1368 1952; x_wconf 88' lang='lat' dir='ltr'>et</span> <span class='ocrx_word' id='word_1_213' title='bbox 1392 1883 1488 1953; x_wconf 89' lang='lat' dir='ltr'>velut</span> <span class='ocrx_word' id='word_1_214' title='bbox 1510 1883 1650 1954; x_wconf 85' lang='lat' dir='ltr'>aculeos</span> <span class='ocrx_word' id='word_1_215' title='bbox 1670 1887 1879 1982; x_wconf 88' lang='lat' dir='ltr'>relinquunt</span> <span class='ocrx_word' id='word_1_216' title='bbox 1901 1891 1939 1959; x_wconf 91' lang='lat' dir='ltr'>in</span> <span class='ocrx_word' id='word_1_217' title='bbox 1966 1892 2106 1980; x_wconf 89' lang='lat' dir='ltr'>animis,</span> 
     </span>
     <span class='ocr_line' id='line_1_18' title="bbox 82 1984 2106 2084; baseline 0 -22"><span class='ocrx_word' id='word_1_218' title='bbox 82 1993 253 2062; x_wconf 85' lang='lat' dir='ltr'>alumnae</span> <span class='ocrx_word' id='word_1_219' title='bbox 277 2011 386 2058; x_wconf 90' lang='lat' dir='ltr'>manu</span> <span class='ocrx_word' id='word_1_220' title='bbox 410 1987 557 2056; x_wconf 83' lang='lat' dir='ltr'>infantis</span> <span class='ocrx_word' id='word_1_221' title='bbox 580 2011 642 2056; x_wconf 91' lang='lat' dir='ltr'>ore</span> <span class='ocrx_word' id='word_1_222' title='bbox 657 1985 842 2070; x_wconf 89' lang='lat' dir='ltr'>interitur,</span> <span class='ocrx_word' id='word_1_223' title='bbox 867 1985 1074 2078; x_wconf 88' lang='lat' dir='ltr'>priusquam</span> <span class='ocrx_word' id='word_1_224' title='bbox 1126 1987 1255 2079; x_wconf 86' lang='lat' dir='ltr'>quibus</span> <span class='ocrx_word' id='word_1_225' title='bbox 1273 1984 1500 2055; x_wconf 85' lang='lat' dir='ltr'>accendimur</span> <span class='ocrx_word' id='word_1_226' title='bbox 1529 2009 1611 2056; x_wconf 88' lang='lat' dir='ltr'>cura</span> <span class='ocrx_word' id='word_1_227' title='bbox 1636 1989 1788 2081; x_wconf 91' lang='lat' dir='ltr'>quadam</span> <span class='ocrx_word' id='word_1_228' title='bbox 1817 1994 2106 2084; x_wconf 83' lang='lat' dir='ltr'>pervestiganda·</span> 
     </span>
     <span class='ocr_line' id='line_1_19' title="bbox 82 2081 2105 2182; baseline 0.001 -18"><span class='ocrx_word' id='word_1_229' title='bbox 82 2089 193 2164; x_wconf 90' lang='lat' dir='ltr'>huius</span> <span class='ocrx_word' id='word_1_230' title='bbox 222 2113 354 2160; x_wconf 91' lang='lat' dir='ltr'>manus</span> <span class='ocrx_word' id='word_1_231' title='bbox 387 2089 504 2160; x_wconf 88' lang='lat' dir='ltr'>olficio</span> <span class='ocrx_word' id='word_1_232' title='bbox 537 2111 602 2157; x_wconf 92' lang='lat' dir='ltr'>suo</span> <span class='ocrx_word' id='word_1_233' title='bbox 628 2087 729 2177; x_wconf 81' lang='lat' dir='ltr'>iungi</span> <span class='ocrx_word' id='word_1_234' title='bbox 756 2100 882 2179; x_wconf 87' lang='lat' dir='ltr'>potest.</span> <span class='ocrx_word' id='word_1_235' title='bbox 934 2081 1075 2156; x_wconf 92' lang='lat' dir='ltr'>Omitto</span> <span class='ocrx_word' id='word_1_236' title='bbox 1125 2111 1204 2157; x_wconf 90' lang='lat' dir='ltr'>rum</span> <span class='ocrx_word' id='word_1_237' title='bbox 1222 2109 1340 2156; x_wconf 88' lang='lat' dir='ltr'>earum</span> <span class='ocrx_word' id='word_1_238' title='bbox 1362 2109 1499 2170; x_wconf 86' lang='lat' dir='ltr'>rerum,</span> <span class='ocrx_word' id='word_1_239' title='bbox 1526 2111 1616 2182; x_wconf 87' lang='lat' dir='ltr'>quae</span> <span class='ocrx_word' id='word_1_240' title='bbox 1636 2113 1731 2160; x_wconf 88' lang='lat' dir='ltr'>novo</span> <span class='ocrx_word' id='word_1_241' title='bbox 1753 2109 1953 2166; x_wconf 90' lang='lat' dir='ltr'>commento</span> <span class='ocrx_word' id='word_1_242' title='bbox 1977 2095 2105 2166; x_wconf 86' lang='lat' dir='ltr'>tradita</span> 
     </span>
     <span class='ocr_line' id='line_1_20' title="bbox 83 2185 2105 2290; baseline 0.001 -26"><span class='ocrx_word' id='word_1_243' title='bbox 83 2207 218 2290; x_wconf 91' lang='lat' dir='ltr'>quanta</span> <span class='ocrx_word' id='word_1_244' title='bbox 236 2191 434 2274; x_wconf 88' lang='lat' dir='ltr'>industria,</span> <span class='ocrx_word' id='word_1_245' title='bbox 460 2187 941 2284; x_wconf 85' lang='lat' dir='ltr'>quantaqueeuraeollocari</span> <span class='ocrx_word' id='word_1_246' title='bbox 959 2190 1074 2258; x_wconf 90' lang='lat' dir='ltr'>incu-</span> <span class='ocrx_word' id='word_1_247' title='bbox 1125 2203 1220 2260; x_wconf 75' lang='lat' dir='ltr'>stent.</span> <span class='ocrx_word' id='word_1_248' title='bbox 1278 2185 1358 2256; x_wconf 90' lang='lat' dir='ltr'>Hoc</span> <span class='ocrx_word' id='word_1_249' title='bbox 1390 2189 1520 2280; x_wconf 91' lang='lat' dir='ltr'>opinor</span> <span class='ocrx_word' id='word_1_250' title='bbox 1547 2190 1713 2276; x_wconf 87' lang='lat' dir='ltr'>consilio,</span> <span class='ocrx_word' id='word_1_251' title='bbox 1750 2193 1908 2284; x_wconf 89' lang='lat' dir='ltr'>primum</span> <span class='ocrx_word' id='word_1_252' title='bbox 1941 2197 2105 2269; x_wconf 88' lang='lat' dir='ltr'>conlictas</span> 
     </span>
     <span class='ocr_line' id='line_1_21' title="bbox 82 2283 2106 2386; baseline 0.002 -19"><span class='ocrx_word' id='word_1_253' title='bbox 82 2321 147 2367; x_wconf 86' lang='lat' dir='ltr'>nas</span> <span class='ocrx_word' id='word_1_254' title='bbox 168 2295 210 2364; x_wconf 89' lang='lat' dir='ltr'>iu</span> <span class='ocrx_word' id='word_1_255' title='bbox 233 2292 441 2386; x_wconf 89' lang='lat' dir='ltr'>crepundiis</span> <span class='ocrx_word' id='word_1_256' title='bbox 461 2291 588 2382; x_wconf 85' lang='lat' dir='ltr'>gestari</span> <span class='ocrx_word' id='word_1_257' title='bbox 611 2291 740 2376; x_wconf 89' lang='lat' dir='ltr'>soleat,</span> <span class='ocrx_word' id='word_1_258' title='bbox 765 2303 806 2360; x_wconf 91' lang='lat' dir='ltr'>ut</span> <span class='ocrx_word' id='word_1_259' title='bbox 827 2283 1075 2360; x_wconf 89' lang='lat' dir='ltr'>membrisha-</span> <span class='ocrx_word' id='word_1_260' title='bbox 1125 2291 1277 2376; x_wconf 80' lang='lat' dir='ltr'>fabulas,</span> <span class='ocrx_word' id='word_1_261' title='bbox 1307 2292 1401 2384; x_wconf 92' lang='lat' dir='ltr'>quod</span> <span class='ocrx_word' id='word_1_262' title='bbox 1425 2291 1524 2361; x_wconf 91' lang='lat' dir='ltr'>nulla</span> <span class='ocrx_word' id='word_1_263' title='bbox 1545 2293 1688 2362; x_wconf 90' lang='lat' dir='ltr'>dicendi</span> <span class='ocrx_word' id='word_1_264' title='bbox 1713 2296 1851 2366; x_wconf 91' lang='lat' dir='ltr'>ratione</span> <span class='ocrx_word' id='word_1_265' title='bbox 1876 2299 2019 2370; x_wconf 87' lang='lat' dir='ltr'>excitari</span> <span class='ocrx_word' id='word_1_266' title='bbox 2046 2323 2106 2371; x_wconf 90' lang='lat' dir='ltr'>su·</span> 
     </span>
     <span class='ocr_line' id='line_1_22' title="bbox 82 2391 2104 2488; baseline 0.001 -17"><span class='ocrx_word' id='word_1_267' title='bbox 82 2401 180 2472; x_wconf 88' lang='lat' dir='ltr'>bitus</span> <span class='ocrx_word' id='word_1_268' title='bbox 200 2417 307 2482; x_wconf 87' lang='lat' dir='ltr'>suus,</span> <span class='ocrx_word' id='word_1_269' title='bbox 332 2395 628 2486; x_wconf 86' lang='lat' dir='ltr'>lineamentisque</span> <span class='ocrx_word' id='word_1_270' title='bbox 647 2393 754 2464; x_wconf 88' lang='lat' dir='ltr'>decor</span> <span class='ocrx_word' id='word_1_271' title='bbox 771 2391 900 2486; x_wconf 86' lang='lat' dir='ltr'>aliquis</span> <span class='ocrx_word' id='word_1_272' title='bbox 923 2405 1075 2484; x_wconf 88' lang='lat' dir='ltr'>paretur.</span> <span class='ocrx_word' id='word_1_273' title='bbox 1125 2392 1230 2484; x_wconf 87' lang='lat' dir='ltr'>pinae</span> <span class='ocrx_word' id='word_1_274' title='bbox 1252 2415 1445 2486; x_wconf 89' lang='lat' dir='ltr'>puerorum</span> <span class='ocrx_word' id='word_1_275' title='bbox 1463 2406 1598 2464; x_wconf 88' lang='lat' dir='ltr'>mentes</span> <span class='ocrx_word' id='word_1_276' title='bbox 1631 2395 1736 2466; x_wconf 89' lang='lat' dir='ltr'>citius</span> <span class='ocrx_word' id='word_1_277' title='bbox 1756 2419 1857 2488; x_wconf 91' lang='lat' dir='ltr'>posse</span> <span class='ocrx_word' id='word_1_278' title='bbox 1885 2399 2104 2476; x_wconf 83' lang='lat' dir='ltr'>viderentur.</span> 
     </span>
     <span class='ocr_line' id='line_1_23' title="bbox 84 2487 2107 2596; baseline 0 -24"><span class='ocrx_word' id='word_1_279' title='bbox 84 2499 204 2596; x_wconf 85' lang='lat' dir='ltr'>Atque</span> <span class='ocrx_word' id='word_1_280' title='bbox 230 2493 299 2568; x_wconf 86' lang='lat' dir='ltr'>hac</span> <span class='ocrx_word' id='word_1_281' title='bbox 323 2495 483 2588; x_wconf 85' lang='lat' dir='ltr'>corporis</span> <span class='ocrx_word' id='word_1_282' title='bbox 506 2495 731 2580; x_wconf 90' lang='lat' dir='ltr'>conditione,</span> <span class='ocrx_word' id='word_1_283' title='bbox 759 2495 867 2566; x_wconf 81' lang='lat' dir='ltr'>fallor</span> <span class='ocrx_word' id='word_1_284' title='bbox 892 2517 974 2586; x_wconf 90' lang='lat' dir='ltr'>ego,</span> <span class='ocrx_word' id='word_1_285' title='bbox 1003 2493 1073 2562; x_wconf 88' lang='lat' dir='ltr'>nisi</span> <span class='ocrx_word' id='word_1_286' title='bbox 1126 2493 1290 2565; x_wconf 84' lang='lat' dir='ltr'>Fortasse</span> <span class='ocrx_word' id='word_1_287' title='bbox 1320 2487 1388 2564; x_wconf 87' lang='lat' dir='ltr'>hoc</span> <span class='ocrx_word' id='word_1_288' title='bbox 1412 2493 1518 2563; x_wconf 87' lang='lat' dir='ltr'>etiam</span> <span class='ocrx_word' id='word_1_289' title='bbox 1541 2497 1692 2586; x_wconf 86' lang='lat' dir='ltr'>agebant</span> <span class='ocrx_word' id='word_1_290' title='bbox 1718 2499 1920 2572; x_wconf 81' lang='lat' dir='ltr'>fabularum</span> <span class='ocrx_word' id='word_1_291' title='bbox 1952 2518 2107 2587; x_wconf 87' lang='lat' dir='ltr'>autores,</span> 
     </span>
     <span class='ocr_line' id='line_1_24' title="bbox 85 2595 2107 2692; baseline 0.001 -17"><span class='ocrx_word' id='word_1_292' title='bbox 85 2617 215 2674; x_wconf 87' lang='lat' dir='ltr'>natura</span> <span class='ocrx_word' id='word_1_293' title='bbox 230 2602 330 2670; x_wconf 82' lang='lat' dir='ltr'>velut</span> <span class='ocrx_word' id='word_1_294' title='bbox 353 2599 552 2691; x_wconf 85' lang='lat' dir='ltr'>spectaculo</span> <span class='ocrx_word' id='word_1_295' title='bbox 573 2599 727 2691; x_wconf 91' lang='lat' dir='ltr'>quodam</span> <span class='ocrx_word' id='word_1_296' title='bbox 744 2597 946 2666; x_wconf 88' lang='lat' dir='ltr'>animorum</span> <span class='ocrx_word' id='word_1_297' title='bbox 964 2596 1075 2665; x_wconf 87' lang='lat' dir='ltr'>imbe-</span> <span class='ocrx_word' id='word_1_298' title='bbox 1124 2611 1164 2668; x_wconf 90' lang='lat' dir='ltr'>ut</span> <span class='ocrx_word' id='word_1_299' title='bbox 1177 2596 1334 2666; x_wconf 83' lang='lat' dir='ltr'>amoenis</span> <span class='ocrx_word' id='word_1_300' title='bbox 1353 2595 1570 2684; x_wconf 85' lang='lat' dir='ltr'>argumentis</span> <span class='ocrx_word' id='word_1_301' title='bbox 1591 2598 1732 2689; x_wconf 89' lang='lat' dir='ltr'>ingenia</span> <span class='ocrx_word' id='word_1_302' title='bbox 1748 2625 1942 2692; x_wconf 89' lang='lat' dir='ltr'>puerorum</span> <span class='ocrx_word' id='word_1_303' title='bbox 1964 2603 2107 2678; x_wconf 82' lang='lat' dir='ltr'>mitiora</span> 
     </span>
     <span class='ocr_line' id='line_1_25' title="bbox 85 2697 2106 2792; baseline 0 -16"><span class='ocrx_word' id='word_1_304' title='bbox 85 2705 273 2776; x_wconf 81' lang='lat' dir='ltr'>sillitatem</span> <span class='ocrx_word' id='word_1_305' title='bbox 305 2701 550 2786; x_wconf 89' lang='lat' dir='ltr'>adumbravit,</span> <span class='ocrx_word' id='word_1_306' title='bbox 588 2699 800 2792; x_wconf 85' lang='lat' dir='ltr'>monuitque</span> <span class='ocrx_word' id='word_1_307' title='bbox 828 2712 960 2792; x_wconf 86' lang='lat' dir='ltr'>quanta</span> <span class='ocrx_word' id='word_1_308' title='bbox 993 2719 1075 2766; x_wconf 90' lang='lat' dir='ltr'>cura</span> <span class='ocrx_word' id='word_1_309' title='bbox 1124 2700 1322 2774; x_wconf 86' lang='lat' dir='ltr'>redderent.</span> <span class='ocrx_word' id='word_1_310' title='bbox 1364 2697 1459 2768; x_wconf 86' lang='lat' dir='ltr'>Inest</span> <span class='ocrx_word' id='word_1_311' title='bbox 1482 2699 1576 2768; x_wconf 90' lang='lat' dir='ltr'>enim</span> <span class='ocrx_word' id='word_1_312' title='bbox 1598 2700 1637 2768; x_wconf 93' lang='lat' dir='ltr'>in</span> <span class='ocrx_word' id='word_1_313' title='bbox 1660 2725 1699 2770; x_wconf 89' lang='lat' dir='ltr'>ea</span> <span class='ocrx_word' id='word_1_314' title='bbox 1713 2715 1843 2788; x_wconf 90' lang='lat' dir='ltr'>aetate,</span> <span class='ocrx_word' id='word_1_315' title='bbox 1872 2705 1962 2777; x_wconf 87' lang='lat' dir='ltr'>sicut</span> <span class='ocrx_word' id='word_1_316' title='bbox 1985 2707 2023 2775; x_wconf 89' lang='lat' dir='ltr'>in</span> <span class='ocrx_word' id='word_1_317' title='bbox 2049 2731 2106 2776; x_wconf 88' lang='lat' dir='ltr'>re-</span> 
     </span>
     <span class='ocr_line' id='line_1_26' title="bbox 86 2799 2107 2897; baseline -0.001 -19"><span class='ocrx_word' id='word_1_318' title='bbox 86 2806 255 2890; x_wconf 85' lang='lat' dir='ltr'>excitari,</span> <span class='ocrx_word' id='word_1_319' title='bbox 283 2801 422 2875; x_wconf 88' lang='lat' dir='ltr'>institui</span> <span class='ocrx_word' id='word_1_320' title='bbox 444 2827 485 2872; x_wconf 89' lang='lat' dir='ltr'>ac</span> <span class='ocrx_word' id='word_1_321' title='bbox 501 2802 633 2872; x_wconf 89' lang='lat' dir='ltr'>erudiri</span> <span class='ocrx_word' id='word_1_322' title='bbox 649 2803 756 2872; x_wconf 89' lang='lat' dir='ltr'>rudes</span> <span class='ocrx_word' id='word_1_323' title='bbox 771 2824 961 2892; x_wconf 88' lang='lat' dir='ltr'>puerorum</span> <span class='ocrx_word' id='word_1_324' title='bbox 975 2823 1075 2868; x_wconf 90' lang='lat' dir='ltr'>men-</span> <span class='ocrx_word' id='word_1_325' title='bbox 1124 2799 1287 2871; x_wconf 88' lang='lat' dir='ltr'>centibus</span> <span class='ocrx_word' id='word_1_326' title='bbox 1324 2801 1458 2892; x_wconf 88' lang='lat' dir='ltr'>pomis,</span> <span class='ocrx_word' id='word_1_327' title='bbox 1503 2803 1670 2872; x_wconf 88' lang='lat' dir='ltr'>acerbum</span> <span class='ocrx_word' id='word_1_328' title='bbox 1704 2805 1875 2897; x_wconf 90' lang='lat' dir='ltr'>quiddam</span> <span class='ocrx_word' id='word_1_329' title='bbox 1914 2821 1949 2878; x_wconf 90' lang='lat' dir='ltr'>et</span> <span class='ocrx_word' id='word_1_330' title='bbox 1980 2809 2107 2889; x_wconf 89' lang='lat' dir='ltr'>lerum,</span> 
     </span>
     <span class='ocr_line' id='line_1_27' title="bbox 86 2897 2106 2998; baseline 0 -18"><span class='ocrx_word' id='word_1_331' title='bbox 86 2924 137 2981; x_wconf 89' lang='lat' dir='ltr'>tes</span> <span class='ocrx_word' id='word_1_332' title='bbox 165 2909 268 2988; x_wconf 85' lang='lat' dir='ltr'>velit.</span> <span class='ocrx_word' id='word_1_333' title='bbox 328 2902 395 2978; x_wconf 83' lang='lat' dir='ltr'>Est</span> <span class='ocrx_word' id='word_1_334' title='bbox 422 2899 519 2975; x_wconf 90' lang='lat' dir='ltr'>enim</span> <span class='ocrx_word' id='word_1_335' title='bbox 541 2927 603 2976; x_wconf 88' lang='lat' dir='ltr'>sua</span> <span class='ocrx_word' id='word_1_336' title='bbox 627 2898 685 2975; x_wconf 92' lang='lat' dir='ltr'>his</span> <span class='ocrx_word' id='word_1_337' title='bbox 704 2901 871 2976; x_wconf 84' lang='lat' dir='ltr'>infantia:</span> <span class='ocrx_word' id='word_1_338' title='bbox 917 2903 1075 2972; x_wconf 84' lang='lat' dir='ltr'>videmus</span> <span class='ocrx_word' id='word_1_339' title='bbox 1125 2901 1311 2997; x_wconf 90' lang='lat' dir='ltr'>quodnisi</span> <span class='ocrx_word' id='word_1_340' title='bbox 1335 2897 1546 2974; x_wconf 89' lang='lat' dir='ltr'>humaniore</span> <span class='ocrx_word' id='word_1_341' title='bbox 1574 2904 1798 2976; x_wconf 85' lang='lat' dir='ltr'>institutione</span> <span class='ocrx_word' id='word_1_342' title='bbox 1824 2908 2039 2998; x_wconf 87' lang='lat' dir='ltr'>corrigatur,</span> <span class='ocrx_word' id='word_1_343' title='bbox 2066 2911 2106 2979; x_wconf 82' lang='lat' dir='ltr'>ist</span> 
     </span>
     <span class='ocr_line' id='line_1_28' title="bbox 87 3004 2107 3107; baseline 0 -25"><span class='ocrx_word' id='word_1_344' title='bbox 87 3035 197 3107; x_wconf 87' lang='lat' dir='ltr'>quarn</span> <span class='ocrx_word' id='word_1_345' title='bbox 229 3032 310 3080; x_wconf 92' lang='lat' dir='ltr'>sero</span> <span class='ocrx_word' id='word_1_346' title='bbox 344 3021 516 3097; x_wconf 79' lang='lat' dir='ltr'>agnorant</span> <span class='ocrx_word' id='word_1_347' title='bbox 541 3006 754 3079; x_wconf 87' lang='lat' dir='ltr'>domesticos</span> <span class='ocrx_word' id='word_1_348' title='bbox 784 3004 910 3086; x_wconf 87' lang='lat' dir='ltr'>etiam,</span> <span class='ocrx_word' id='word_1_349' title='bbox 946 3027 1075 3098; x_wconf 90' lang='lat' dir='ltr'>speque</span> <span class='ocrx_word' id='word_1_350' title='bbox 1124 3004 1326 3076; x_wconf 84' lang='lat' dir='ltr'>barbariem</span> <span class='ocrx_word' id='word_1_351' title='bbox 1347 3005 1523 3099; x_wconf 89' lang='lat' dir='ltr'>quandam</span> <span class='ocrx_word' id='word_1_352' title='bbox 1548 3018 1582 3076; x_wconf 91' lang='lat' dir='ltr'>et</span> <span class='ocrx_word' id='word_1_353' title='bbox 1604 3006 1786 3078; x_wconf 90' lang='lat' dir='ltr'>beluinam</span> <span class='ocrx_word' id='word_1_354' title='bbox 1809 3011 1991 3081; x_wconf 79' lang='lat' dir='ltr'>saevitiam</span> <span class='ocrx_word' id='word_1_355' title='bbox 2017 3011 2107 3083; x_wconf 84' lang='lat' dir='ltr'>abit.</span> 
     </span>
     <span class='ocr_line' id='line_1_29' title="bbox 86 3101 2108 3208; baseline -0.001 -22"><span class='ocrx_word' id='word_1_356' title='bbox 86 3129 259 3207; x_wconf 88' lang='lat' dir='ltr'>metuque</span> <span class='ocrx_word' id='word_1_357' title='bbox 284 3124 429 3192; x_wconf 87' lang='lat' dir='ltr'>vacant,</span> <span class='ocrx_word' id='word_1_358' title='bbox 462 3109 565 3179; x_wconf 90' lang='lat' dir='ltr'>nullo</span> <span class='ocrx_word' id='word_1_359' title='bbox 597 3131 717 3179; x_wconf 89' lang='lat' dir='ltr'>rerum</span> <span class='ocrx_word' id='word_1_360' title='bbox 747 3107 946 3178; x_wconf 89' lang='lat' dir='ltr'>absentium</span> <span class='ocrx_word' id='word_1_361' title='bbox 974 3129 1074 3178; x_wconf 88' lang='lat' dir='ltr'>sensu</span> <span class='ocrx_word' id='word_1_362' title='bbox 1123 3106 1298 3178; x_wconf 88' lang='lat' dir='ltr'>Videmus</span> <span class='ocrx_word' id='word_1_363' title='bbox 1314 3107 1406 3177; x_wconf 89' lang='lat' dir='ltr'>enim</span> <span class='ocrx_word' id='word_1_364' title='bbox 1420 3101 1487 3178; x_wconf 87' lang='lat' dir='ltr'>hoc</span> <span class='ocrx_word' id='word_1_365' title='bbox 1502 3108 1654 3178; x_wconf 90' lang='lat' dir='ltr'>docendi</span> <span class='ocrx_word' id='word_1_366' title='bbox 1670 3133 1798 3200; x_wconf 87' lang='lat' dir='ltr'>genere</span> <span class='ocrx_word' id='word_1_367' title='bbox 1813 3134 1895 3182; x_wconf 89' lang='lat' dir='ltr'>usos</span> <span class='ocrx_word' id='word_1_368' title='bbox 1911 3135 2108 3208; x_wconf 81' lang='lat' dir='ltr'>assequen-</span> 
     </span>
     <span class='ocr_line' id='line_1_30' title="bbox 88 3207 2105 3310; baseline -0.001 -22"><span class='ocrx_word' id='word_1_369' title='bbox 88 3229 301 3306; x_wconf 87' lang='lat' dir='ltr'>tanguntur.</span> <span class='ocrx_word' id='word_1_370' title='bbox 365 3211 524 3284; x_wconf 88' lang='lat' dir='ltr'>Proinde</span> <span class='ocrx_word' id='word_1_371' title='bbox 545 3211 721 3303; x_wconf 87' lang='lat' dir='ltr'>sapientes</span> <span class='ocrx_word' id='word_1_372' title='bbox 742 3209 810 3280; x_wconf 88' lang='lat' dir='ltr'>viri</span> <span class='ocrx_word' id='word_1_373' title='bbox 835 3222 983 3282; x_wconf 88' lang='lat' dir='ltr'>naturae</span> <span class='ocrx_word' id='word_1_374' title='bbox 1003 3207 1074 3279; x_wconf 89' lang='lat' dir='ltr'>vim</span> <span class='ocrx_word' id='word_1_375' title='bbox 1124 3211 1207 3280; x_wconf 90' lang='lat' dir='ltr'>dam</span> <span class='ocrx_word' id='word_1_376' title='bbox 1223 3210 1445 3300; x_wconf 84' lang='lat' dir='ltr'>gravissimos</span> <span class='ocrx_word' id='word_1_377' title='bbox 1460 3225 1495 3282; x_wconf 92' lang='lat' dir='ltr'>et</span> <span class='ocrx_word' id='word_1_378' title='bbox 1509 3211 1787 3302; x_wconf 88' lang='lat' dir='ltr'>sapientissimos</span> <span class='ocrx_word' id='word_1_379' title='bbox 1799 3208 1982 3296; x_wconf 87' lang='lat' dir='ltr'>homines,</span> <span class='ocrx_word' id='word_1_380' title='bbox 2010 3218 2105 3310; x_wconf 93' lang='lat' dir='ltr'>quod</span> 
     </span>
     <span class='ocr_line' id='line_1_31' title="bbox 89 3308 2107 3412; baseline 0 -24"><span class='ocrx_word' id='word_1_381' title='bbox 89 3319 242 3412; x_wconf 88' lang='lat' dir='ltr'>propius</span> <span class='ocrx_word' id='word_1_382' title='bbox 267 3315 515 3406; x_wconf 89' lang='lat' dir='ltr'>contemplati,</span> <span class='ocrx_word' id='word_1_383' title='bbox 547 3308 641 3384; x_wconf 89' lang='lat' dir='ltr'>haud</span> <span class='ocrx_word' id='word_1_384' title='bbox 670 3313 835 3406; x_wconf 89' lang='lat' dir='ltr'>equidem</span> <span class='ocrx_word' id='word_1_385' title='bbox 861 3313 938 3384; x_wconf 89' lang='lat' dir='ltr'>sine</span> <span class='ocrx_word' id='word_1_386' title='bbox 959 3323 1075 3381; x_wconf 88' lang='lat' dir='ltr'>mente</span> <span class='ocrx_word' id='word_1_387' title='bbox 1124 3335 1223 3381; x_wconf 91' lang='lat' dir='ltr'>nunc</span> <span class='ocrx_word' id='word_1_388' title='bbox 1244 3326 1374 3406; x_wconf 87' lang='lat' dir='ltr'>quanto</span> <span class='ocrx_word' id='word_1_389' title='bbox 1393 3312 1488 3382; x_wconf 87' lang='lat' dir='ltr'>malo</span> <span class='ocrx_word' id='word_1_390' title='bbox 1512 3313 1656 3404; x_wconf 87' lang='lat' dir='ltr'>publico</span> <span class='ocrx_word' id='word_1_391' title='bbox 1677 3339 1696 3384; x_wconf 93' lang='lat' dir='ltr'>e</span> <span class='ocrx_word' id='word_1_392' title='bbox 1717 3309 1850 3388; x_wconf 88' lang='lat' dir='ltr'>scholis</span> <span class='ocrx_word' id='word_1_393' title='bbox 1874 3318 2007 3404; x_wconf 85' lang='lat' dir='ltr'>exolet,</span> <span class='ocrx_word' id='word_1_394' title='bbox 2033 3343 2107 3388; x_wconf 90' lang='lat' dir='ltr'>nou</span> 
     </span>
    </p>
   </div>
   <div class='ocr_carea' id='block_1_3' title="bbox 90 3411 2241 3508">
    <p class='ocr_par' dir='ltr' id='par_1_3' title="bbox 90 3411 2241 3508">
     <span class='ocr_line' id='line_1_32' title="bbox 90 3411 2241 3508; baseline -0.001 -17"><span class='ocrx_word' id='word_1_395' title='bbox 90 3445 192 3506; x_wconf 86' lang='lat' dir='ltr'>reor,</span> <span class='ocrx_word' id='word_1_396' title='bbox 224 3418 303 3490; x_wconf 90' lang='lat' dir='ltr'>sine</span> <span class='ocrx_word' id='word_1_397' title='bbox 326 3416 474 3488; x_wconf 91' lang='lat' dir='ltr'>numine</span> <span class='ocrx_word' id='word_1_398' title='bbox 497 3415 638 3499; x_wconf 81' lang='lat' dir='ltr'>divum,</span> <span class='ocrx_word' id='word_1_399' title='bbox 668 3415 839 3486; x_wconf 86' lang='lat' dir='ltr'>viderunt</span> <span class='ocrx_word' id='word_1_400' title='bbox 860 3413 988 3484; x_wconf 88' lang='lat' dir='ltr'>animis</span> <span class='ocrx_word' id='word_1_401' title='bbox 1012 3435 1075 3482; x_wconf 91' lang='lat' dir='ltr'>suo</span> <span class='ocrx_word' id='word_1_402' title='bbox 1125 3415 1228 3484; x_wconf 81' lang='lat' dir='ltr'>facile</span> <span class='ocrx_word' id='word_1_403' title='bbox 1252 3411 1413 3488; x_wconf 86' lang='lat' dir='ltr'>dixerim.</span> <span class='ocrx_word' id='word_1_404' title='bbox 1458 3411 1611 3486; x_wconf 87' lang='lat' dir='ltr'>Homeri</span> <span class='ocrx_word' id='word_1_405' title='bbox 1629 3415 1759 3489; x_wconf 68' lang='lat' dir='ltr'>Poetae</span> <span class='ocrx_word' id='word_1_406' title='bbox 1781 3419 2006 3508; x_wconf 87' lang='lat' dir='ltr'>prudentiam</span> <span class='ocrx_word' id='word_1_407' title='bbox 2029 3433 2109 3490; x_wconf 85' lang='lat' dir='ltr'>tan·</span> <span class='ocrx_word' id='word_1_408' title='bbox 2221 3459 2241 3478; x_wconf 83' lang='lat'>·-</span> 
     </span>
    </p>
   </div>
   <div class='ocr_carea' id='block_1_4' title="bbox 92 3515 2109 3616">
    <p class='ocr_par' dir='ltr' id='par_1_4' title="bbox 92 3515 2109 3616">
     <span class='ocr_line' id='line_1_33' title="bbox 92 3515 2109 3616; baseline -0.001 -24"><span class='ocrx_word' id='word_1_409' title='bbox 92 3517 459 3616; x_wconf 88' lang='lat' dir='ltr'>quodamlacteopus</span> <span class='ocrx_word' id='word_1_410' title='bbox 475 3541 558 3590; x_wconf 89' lang='lat' dir='ltr'>esse.</span> <span class='ocrx_word' id='word_1_411' title='bbox 611 3515 751 3605; x_wconf 84' lang='lat' dir='ltr'>Quaeso</span> <span class='ocrx_word' id='word_1_412' title='bbox 772 3531 826 3602; x_wconf 87' lang='lat' dir='ltr'>te,</span> <span class='ocrx_word' id='word_1_413' title='bbox 851 3515 1077 3588; x_wconf 88' lang='lat' dir='ltr'>nonueridi-</span> <span class='ocrx_word' id='word_1_414' title='bbox 1127 3531 1249 3608; x_wconf 91' lang='lat' dir='ltr'>topere</span> <span class='ocrx_word' id='word_1_415' title='bbox 1279 3517 1455 3586; x_wconf 88' lang='lat' dir='ltr'>mirantur</span> <span class='ocrx_word' id='word_1_416' title='bbox 1487 3518 1636 3604; x_wconf 85' lang='lat' dir='ltr'>eruditi,</span> <span class='ocrx_word' id='word_1_417' title='bbox 1673 3532 1715 3590; x_wconf 95' lang='lat' dir='ltr'>ut</span> <span class='ocrx_word' id='word_1_418' title='bbox 1745 3543 1851 3612; x_wconf 90' lang='lat' dir='ltr'>supra</span> <span class='ocrx_word' id='word_1_419' title='bbox 1886 3545 2109 3590; x_wconf 90' lang='lat' dir='ltr'>communem</span> 
     </span>
    </p>
   </div>
   <div class='ocr_carea' id='block_1_5' title="bbox 92 3603 2263 3716">
    <p class='ocr_par' dir='ltr' id='par_1_5' title="bbox 92 3603 2263 3716">
     <span class='ocr_line' id='line_1_34' title="bbox 92 3603 2263 3716; baseline -0.001 -22"><span class='ocrx_word' id='word_1_420' title='bbox 92 3623 337 3708; x_wconf 87' lang='lat' dir='ltr'>culosfnerit,</span> <span class='ocrx_word' id='word_1_421' title='bbox 362 3620 392 3698; x_wconf 85' lang='lat' dir='ltr'>si</span> <span class='ocrx_word' id='word_1_422' title='bbox 411 3621 491 3714; x_wconf 91' lang='lat' dir='ltr'>quis</span> <span class='ocrx_word' id='word_1_423' title='bbox 514 3619 687 3690; x_wconf 80' lang='lat' dir='ltr'>infantem</span> <span class='ocrx_word' id='word_1_424' title='bbox 708 3619 916 3690; x_wconf 90' lang='lat' dir='ltr'>anniculum</span> <span class='ocrx_word' id='word_1_425' title='bbox 931 3642 996 3711; x_wconf 89' lang='lat' dir='ltr'>per</span> <span class='ocrx_word' id='word_1_426' title='bbox 1015 3641 1077 3688; x_wconf 89' lang='lat' dir='ltr'>ur·</span> <span class='ocrx_word' id='word_1_427' title='bbox 1128 3617 1331 3690; x_wconf 88' lang='lat' dir='ltr'>mortalium</span> <span class='ocrx_word' id='word_1_428' title='bbox 1346 3632 1476 3688; x_wconf 89' lang='lat' dir='ltr'>sortem</span> <span class='ocrx_word' id='word_1_429' title='bbox 1490 3613 1634 3704; x_wconf 85' lang='lat' dir='ltr'>vehant,</span> <span class='ocrx_word' id='word_1_430' title='bbox 1660 3621 1837 3716; x_wconf 61' lang='lat' dir='ltr'>maneque</span> <span class='ocrx_word' id='word_1_431' title='bbox 1852 3622 2027 3707; x_wconf 87' lang='lat' dir='ltr'>sentiant,</span> <span class='ocrx_word' id='word_1_432' title='bbox 2054 3624 2111 3692; x_wconf 80' lang='lat' dir='ltr'>di·</span> <span class='ocrx_word' id='word_1_433' title='bbox 2211 3663 2215 3685; x_wconf 73' lang='lat'>.</span> <span class='ocrx_word' id='word_1_434' title='bbox 2258 3603 2263 3613; x_wconf 57' lang='grc'>’</span> 
     </span>
    </p>
   </div>
   <div class='ocr_carea' id='block_1_6' title="bbox 90 3717 2119 5352">
    <p class='ocr_par' dir='ltr' id='par_1_6' title="bbox 90 3717 2119 5352">
     <span class='ocr_line' id='line_1_35' title="bbox 90 3717 2109 3817; baseline 0 -21"><span class='ocrx_word' id='word_1_435' title='bbox 90 3729 156 3796; x_wconf 86' lang='lat' dir='ltr'>bes</span> <span class='ocrx_word' id='word_1_436' title='bbox 187 3725 326 3817; x_wconf 87' lang='lat' dir='ltr'>aliquot</span> <span class='ocrx_word' id='word_1_437' title='bbox 355 3723 580 3793; x_wconf 83' lang='lat' dir='ltr'>circumierat</span> <span class='ocrx_word' id='word_1_438' title='bbox 612 3721 891 3816; x_wconf 87' lang='lat' dir='ltr'>praecipiatque,</span> <span class='ocrx_word' id='word_1_439' title='bbox 931 3735 972 3792; x_wconf 94' lang='lat' dir='ltr'>ut</span> <span class='ocrx_word' id='word_1_440' title='bbox 997 3721 1078 3790; x_wconf 88' lang='lat' dir='ltr'>illa·</span> <span class='ocrx_word' id='word_1_441' title='bbox 1128 3722 1209 3790; x_wconf 84' lang='lat' dir='ltr'>vioe</span> <span class='ocrx_word' id='word_1_442' title='bbox 1238 3721 1390 3815; x_wconf 86' lang='lat' dir='ltr'>quadam</span> <span class='ocrx_word' id='word_1_443' title='bbox 1422 3717 1460 3790; x_wconf 87' lang='lat' dir='ltr'>vi</span> <span class='ocrx_word' id='word_1_444' title='bbox 1490 3735 1645 3792; x_wconf 89' lang='lat' dir='ltr'>mentem</span> <span class='ocrx_word' id='word_1_445' title='bbox 1674 3723 1773 3795; x_wconf 87' lang='lat' dir='ltr'>illins</span> <span class='ocrx_word' id='word_1_446' title='bbox 1792 3725 1961 3816; x_wconf 86' lang='lat' dir='ltr'>percitam</span> <span class='ocrx_word' id='word_1_447' title='bbox 1988 3725 2109 3798; x_wconf 78' lang='lat' dir='ltr'>fuisse.</span> 
     </span>
     <span class='ocr_line' id='line_1_36' title="bbox 92 3819 2109 3919; baseline 0 -21"><span class='ocrx_word' id='word_1_448' title='bbox 92 3852 176 3898; x_wconf 83' lang='lat' dir='ltr'>nrm</span> <span class='ocrx_word' id='word_1_449' title='bbox 200 3825 308 3906; x_wconf 88' lang='lat' dir='ltr'>situs,</span> <span class='ocrx_word' id='word_1_450' title='bbox 342 3825 426 3896; x_wconf 90' lang='lat' dir='ltr'>item</span> <span class='ocrx_word' id='word_1_451' title='bbox 452 3819 633 3917; x_wconf 91' lang='lat' dir='ltr'>hospitum</span> <span class='ocrx_word' id='word_1_452' title='bbox 655 3825 801 3894; x_wconf 89' lang='lat' dir='ltr'>nomina</span> <span class='ocrx_word' id='word_1_453' title='bbox 830 3837 989 3896; x_wconf 90' lang='lat' dir='ltr'>accurate</span> <span class='ocrx_word' id='word_1_454' title='bbox 1012 3821 1079 3892; x_wconf 90' lang='lat' dir='ltr'>ob-</span> <span class='ocrx_word' id='word_1_455' title='bbox 1129 3820 1176 3895; x_wconf 84' lang='lat' dir='ltr'>At</span> <span class='ocrx_word' id='word_1_456' title='bbox 1199 3824 1229 3892; x_wconf 90' lang='lat' dir='ltr'>is</span> <span class='ocrx_word' id='word_1_457' title='bbox 1252 3822 1388 3916; x_wconf 88' lang='lat' dir='ltr'>pueris,</span> <span class='ocrx_word' id='word_1_458' title='bbox 1421 3847 1511 3919; x_wconf 90' lang='lat' dir='ltr'>quos</span> <span class='ocrx_word' id='word_1_459' title='bbox 1540 3823 1579 3893; x_wconf 92' lang='lat' dir='ltr'>in</span> <span class='ocrx_word' id='word_1_460' title='bbox 1601 3821 1752 3894; x_wconf 81' lang='lat' dir='ltr'>Graecia</span> <span class='ocrx_word' id='word_1_461' title='bbox 1785 3826 1915 3918; x_wconf 87' lang='lat' dir='ltr'>passim</span> <span class='ocrx_word' id='word_1_462' title='bbox 1947 3827 2109 3913; x_wconf 91' lang='lat' dir='ltr'>docebat,</span> 
     </span>
     <span class='ocr_line' id='line_1_37' title="bbox 93 3925 2112 4020; baseline -0.001 -19"><span class='ocrx_word' id='word_1_463' title='bbox 93 3942 230 4015; x_wconf 88' lang='lat' dir='ltr'>servet,</span> <span class='ocrx_word' id='word_1_464' title='bbox 243 3927 535 4020; x_wconf 88' lang='lat' dir='ltr'>memineritque,</span> <span class='ocrx_word' id='word_1_465' title='bbox 553 3928 752 3996; x_wconf 91' lang='lat' dir='ltr'>utdomum</span> <span class='ocrx_word' id='word_1_466' title='bbox 767 3927 924 4012; x_wconf 90' lang='lat' dir='ltr'>rediens,</span> <span class='ocrx_word' id='word_1_467' title='bbox 949 3948 1079 4018; x_wconf 90' lang='lat' dir='ltr'>aequa-</span> <span class='ocrx_word' id='word_1_468' title='bbox 1130 3926 1259 3996; x_wconf 89' lang='lat' dir='ltr'>bellum</span> <span class='ocrx_word' id='word_1_469' title='bbox 1277 3949 1445 3998; x_wconf 88' lang='lat' dir='ltr'>ranarum</span> <span class='ocrx_word' id='word_1_470' title='bbox 1459 3941 1493 3996; x_wconf 90' lang='lat' dir='ltr'>et</span> <span class='ocrx_word' id='word_1_471' title='bbox 1506 3925 1663 3996; x_wconf 91' lang='lat' dir='ltr'>murium</span> <span class='ocrx_word' id='word_1_472' title='bbox 1685 3927 1843 4018; x_wconf 88' lang='lat' dir='ltr'>scripsit,</span> <span class='ocrx_word' id='word_1_473' title='bbox 1866 3941 1907 3998; x_wconf 92' lang='lat' dir='ltr'>ut</span> <span class='ocrx_word' id='word_1_474' title='bbox 1929 3927 2038 3999; x_wconf 88' lang='lat' dir='ltr'>simul</span> <span class='ocrx_word' id='word_1_475' title='bbox 2057 3942 2112 4001; x_wconf 78' lang='lat' dir='ltr'>te-</span> 
     </span>
     <span class='ocr_line' id='line_1_38' title="bbox 94 4027 2112 4121; baseline 0 -19"><span class='ocrx_word' id='word_1_476' title='bbox 94 4033 192 4104; x_wconf 88' lang='lat' dir='ltr'>libus</span> <span class='ocrx_word' id='word_1_477' title='bbox 214 4030 390 4100; x_wconf 88' lang='lat' dir='ltr'>recenseri</span> <span class='ocrx_word' id='word_1_478' title='bbox 413 4028 547 4121; x_wconf 81' lang='lat' dir='ltr'>possit?</span> <span class='ocrx_word' id='word_1_479' title='bbox 598 4027 654 4100; x_wconf 82' lang='lat' dir='ltr'>Aa</span> <span class='ocrx_word' id='word_1_480' title='bbox 677 4051 758 4099; x_wconf 91' lang='lat' dir='ltr'>eum</span> <span class='ocrx_word' id='word_1_481' title='bbox 791 4031 898 4100; x_wconf 90' lang='lat' dir='ltr'>modo</span> <span class='ocrx_word' id='word_1_482' title='bbox 929 4027 1080 4118; x_wconf 89' lang='lat' dir='ltr'>ineptire</span> <span class='ocrx_word' id='word_1_483' title='bbox 1130 4027 1615 4121; x_wconf 87' lang='lat' dir='ltr'>oerosauimoslepidissima</span> <span class='ocrx_word' id='word_1_484' title='bbox 1638 4029 1757 4098; x_wconf 85' lang='lat' dir='ltr'>fabula</span> <span class='ocrx_word' id='word_1_485' title='bbox 1773 4030 1978 4115; x_wconf 89' lang='lat' dir='ltr'>delectaret,</span> <span class='ocrx_word' id='word_1_486' title='bbox 2003 4029 2112 4103; x_wconf 89' lang='lat' dir='ltr'>simul</span> 
     </span>
     <span class='ocr_line' id='line_1_39' title="bbox 95 4130 2113 4227; baseline -0 -23"><span class='ocrx_word' id='word_1_487' title='bbox 95 4136 235 4219; x_wconf 85' lang='lat' dir='ltr'>iudico,</span> <span class='ocrx_word' id='word_1_488' title='bbox 260 4133 323 4227; x_wconf 92' lang='lat' dir='ltr'>qui</span> <span class='ocrx_word' id='word_1_489' title='bbox 347 4133 431 4202; x_wconf 88' lang='lat' dir='ltr'>talia</span> <span class='ocrx_word' id='word_1_490' title='bbox 456 4130 576 4223; x_wconf 90' lang='lat' dir='ltr'>pueris</span> <span class='ocrx_word' id='word_1_491' title='bbox 597 4144 824 4222; x_wconf 90' lang='lat' dir='ltr'>proponunt,</span> <span class='ocrx_word' id='word_1_492' title='bbox 848 4155 936 4224; x_wconf 91' lang='lat' dir='ltr'>quae</span> <span class='ocrx_word' id='word_1_493' title='bbox 959 4141 1081 4220; x_wconf 87' lang='lat' dir='ltr'>captus</span> <span class='ocrx_word' id='word_1_494' title='bbox 1130 4134 1267 4201; x_wconf 90' lang='lat' dir='ltr'>doceret</span> <span class='ocrx_word' id='word_1_495' title='bbox 1283 4141 1454 4223; x_wconf 90' lang='lat' dir='ltr'>quantum</span> <span class='ocrx_word' id='word_1_496' title='bbox 1470 4131 2006 4226; x_wconf 88' lang='lat' dir='ltr'>praestaretdissimularequam</span> <span class='ocrx_word' id='word_1_497' title='bbox 2021 4133 2113 4204; x_wconf 88' lang='lat' dir='ltr'>ulci-</span> 
     </span>
     <span class='ocr_line' id='line_1_40' title="bbox 96 4229 2114 4326; baseline -0.001 -19"><span class='ocrx_word' id='word_1_498' title='bbox 96 4237 243 4308; x_wconf 89' lang='lat' dir='ltr'>illorum</span> <span class='ocrx_word' id='word_1_499' title='bbox 261 4235 424 4306; x_wconf 92' lang='lat' dir='ltr'>nondum</span> <span class='ocrx_word' id='word_1_500' title='bbox 439 4232 647 4326; x_wconf 87' lang='lat' dir='ltr'>assequitur.</span> <span class='ocrx_word' id='word_1_501' title='bbox 690 4229 756 4304; x_wconf 83' lang='lat' dir='ltr'>Est</span> <span class='ocrx_word' id='word_1_502' title='bbox 768 4235 917 4304; x_wconf 89' lang='lat' dir='ltr'>omnino</span> <span class='ocrx_word' id='word_1_503' title='bbox 934 4233 1081 4303; x_wconf 90' lang='lat' dir='ltr'>veritate</span> <span class='ocrx_word' id='word_1_504' title='bbox 1129 4235 1177 4304; x_wconf 88' lang='lat' dir='ltr'>sci</span> <span class='ocrx_word' id='word_1_505' title='bbox 1200 4231 1388 4316; x_wconf 90' lang='lat' dir='ltr'>iniuriam,</span> <span class='ocrx_word' id='word_1_506' title='bbox 1414 4257 1519 4326; x_wconf 85' lang='lat' dir='ltr'>quam</span> <span class='ocrx_word' id='word_1_507' title='bbox 1535 4233 1608 4302; x_wconf 88' lang='lat' dir='ltr'>sint</span> <span class='ocrx_word' id='word_1_508' title='bbox 1630 4233 1757 4304; x_wconf 89' lang='lat' dir='ltr'>incerti</span> <span class='ocrx_word' id='word_1_509' title='bbox 1779 4235 1963 4306; x_wconf 90' lang='lat' dir='ltr'>turbarum</span> <span class='ocrx_word' id='word_1_510' title='bbox 1979 4259 2019 4304; x_wconf 88' lang='lat' dir='ltr'>ao</span> <span class='ocrx_word' id='word_1_511' title='bbox 2037 4236 2114 4305; x_wconf 89' lang='lat' dir='ltr'>bel-</span> 
     </span>
     <span class='ocr_line' id='line_1_41' title="bbox 96 4329 2112 4426; baseline -0 -17"><span class='ocrx_word' id='word_1_512' title='bbox 96 4334 193 4409; x_wconf 88' lang='lat' dir='ltr'>nibil</span> <span class='ocrx_word' id='word_1_513' title='bbox 215 4336 419 4422; x_wconf 84' lang='lat' dir='ltr'>venustius,</span> <span class='ocrx_word' id='word_1_514' title='bbox 450 4329 544 4404; x_wconf 89' lang='lat' dir='ltr'>nihil</span> <span class='ocrx_word' id='word_1_515' title='bbox 565 4334 771 4422; x_wconf 87' lang='lat' dir='ltr'>amabilius,</span> <span class='ocrx_word' id='word_1_516' title='bbox 804 4337 865 4404; x_wconf 84' lang='lat' dir='ltr'>sed</span> <span class='ocrx_word' id='word_1_517' title='bbox 894 4335 1035 4426; x_wconf 91' lang='lat' dir='ltr'>longius</span> <span class='ocrx_word' id='word_1_518' title='bbox 1061 4357 1080 4402; x_wconf 89' lang='lat' dir='ltr'>a</span> <span class='ocrx_word' id='word_1_519' title='bbox 1129 4337 1247 4406; x_wconf 88' lang='lat' dir='ltr'>lorum</span> <span class='ocrx_word' id='word_1_520' title='bbox 1270 4333 1431 4405; x_wconf 90' lang='lat' dir='ltr'>omnium</span> <span class='ocrx_word' id='word_1_521' title='bbox 1456 4334 1585 4421; x_wconf 85' lang='lat' dir='ltr'>exitus,</span> <span class='ocrx_word' id='word_1_522' title='bbox 1611 4358 1677 4404; x_wconf 90' lang='lat' dir='ltr'>nec</span> <span class='ocrx_word' id='word_1_523' title='bbox 1697 4359 1779 4406; x_wconf 88' lang='lat' dir='ltr'>raro</span> <span class='ocrx_word' id='word_1_524' title='bbox 1797 4337 1974 4422; x_wconf 88' lang='lat' dir='ltr'>accidere,</span> <span class='ocrx_word' id='word_1_525' title='bbox 2000 4349 2041 4407; x_wconf 90' lang='lat' dir='ltr'>ut</span> <span class='ocrx_word' id='word_1_526' title='bbox 2066 4339 2112 4408; x_wconf 91' lang='lat' dir='ltr'>ab</span> 
     </span>
     <span class='ocr_line' id='line_1_42' title="bbox 97 4431 2111 4532; baseline -0.001 -20"><span class='ocrx_word' id='word_1_527' title='bbox 97 4453 290 4532; x_wconf 85' lang='lat' dir='ltr'>conspeetu</span> <span class='ocrx_word' id='word_1_528' title='bbox 313 4451 349 4510; x_wconf 89' lang='lat' dir='ltr'>et</span> <span class='ocrx_word' id='word_1_529' title='bbox 368 4440 414 4510; x_wconf 88' lang='lat' dir='ltr'>ab</span> <span class='ocrx_word' id='word_1_530' title='bbox 435 4436 547 4508; x_wconf 89' lang='lat' dir='ltr'>oculis</span> <span class='ocrx_word' id='word_1_531' title='bbox 567 4431 755 4508; x_wconf 88' lang='lat' dir='ltr'>homiuum</span> <span class='ocrx_word' id='word_1_532' title='bbox 778 4437 939 4522; x_wconf 89' lang='lat' dir='ltr'>recessit,</span> <span class='ocrx_word' id='word_1_533' title='bbox 972 4457 1079 4530; x_wconf 91' lang='lat' dir='ltr'>quam</span> <span class='ocrx_word' id='word_1_534' title='bbox 1130 4437 1361 4508; x_wconf 78' lang='lat' dir='ltr'>inferioribus</span> <span class='ocrx_word' id='word_1_535' title='bbox 1384 4435 1601 4528; x_wconf 86' lang='lat' dir='ltr'>potentiores</span> <span class='ocrx_word' id='word_1_536' title='bbox 1623 4437 1832 4524; x_wconf 86' lang='lat' dir='ltr'>vincantur,</span> <span class='ocrx_word' id='word_1_537' title='bbox 1857 4461 1959 4531; x_wconf 90' lang='lat' dir='ltr'>saepe</span> <span class='ocrx_word' id='word_1_538' title='bbox 1980 4439 2111 4510; x_wconf 87' lang='lat' dir='ltr'>malum</span> 
     </span>
     <span class='ocr_line' id='line_1_43' title="bbox 97 4537 2115 4634; baseline -0.002 -18"><span class='ocrx_word' id='word_1_539' title='bbox 97 4557 138 4616; x_wconf 93' lang='lat' dir='ltr'>ut</span> <span class='ocrx_word' id='word_1_540' title='bbox 171 4541 270 4612; x_wconf 86' lang='lat' dir='ltr'>cerui</span> <span class='ocrx_word' id='word_1_541' title='bbox 313 4555 446 4614; x_wconf 90' lang='lat' dir='ltr'>temere</span> <span class='ocrx_word' id='word_1_542' title='bbox 485 4539 698 4634; x_wconf 87' lang='lat' dir='ltr'>agnoscique</span> <span class='ocrx_word' id='word_1_543' title='bbox 737 4541 857 4632; x_wconf 89' lang='lat' dir='ltr'>possit.</span> <span class='ocrx_word' id='word_1_544' title='bbox 920 4537 1082 4632; x_wconf 90' lang='lat' dir='ltr'>Suntque</span> <span class='ocrx_word' id='word_1_545' title='bbox 1131 4563 1236 4612; x_wconf 90' lang='lat' dir='ltr'>omne</span> <span class='ocrx_word' id='word_1_546' title='bbox 1251 4539 1290 4607; x_wconf 90' lang='lat' dir='ltr'>iu</span> <span class='ocrx_word' id='word_1_547' title='bbox 1305 4537 1439 4609; x_wconf 87' lang='lat' dir='ltr'>autoris</span> <span class='ocrx_word' id='word_1_548' title='bbox 1452 4552 1558 4630; x_wconf 87' lang='lat' dir='ltr'>caput</span> <span class='ocrx_word' id='word_1_549' title='bbox 1572 4563 1727 4630; x_wconf 90' lang='lat' dir='ltr'>vergere.</span> <span class='ocrx_word' id='word_1_550' title='bbox 1778 4539 1973 4610; x_wconf 85' lang='lat' dir='ltr'>Nemeum</span> <span class='ocrx_word' id='word_1_551' title='bbox 1994 4565 2115 4611; x_wconf 90' lang='lat' dir='ltr'>mures</span> 
     </span>
     <span class='ocr_line' id='line_1_44' title="bbox 98 4639 2115 4739; baseline -0.002 -22"><span class='ocrx_word' id='word_1_552' title='bbox 98 4646 255 4739; x_wconf 87' lang='lat' dir='ltr'>pueriles</span> <span class='ocrx_word' id='word_1_553' title='bbox 274 4644 385 4713; x_wconf 87' lang='lat' dir='ltr'>animi</span> <span class='ocrx_word' id='word_1_554' title='bbox 409 4645 453 4712; x_wconf 87' lang='lat' dir='ltr'>ad</span> <span class='ocrx_word' id='word_1_555' title='bbox 481 4661 557 4712; x_wconf 89' lang='lat' dir='ltr'>eam</span> <span class='ocrx_word' id='word_1_556' title='bbox 572 4656 739 4736; x_wconf 88' lang='lat' dir='ltr'>tanquam</span> <span class='ocrx_word' id='word_1_557' title='bbox 752 4667 814 4735; x_wconf 89' lang='lat' dir='ltr'>per</span> <span class='ocrx_word' id='word_1_558' title='bbox 829 4643 957 4732; x_wconf 89' lang='lat' dir='ltr'>gradus</span> <span class='ocrx_word' id='word_1_559' title='bbox 975 4663 1083 4735; x_wconf 89' lang='lat' dir='ltr'>quos-</span> <span class='ocrx_word' id='word_1_560' title='bbox 1132 4641 1308 4712; x_wconf 92' lang='lat' dir='ltr'>nonoulla</span> <span class='ocrx_word' id='word_1_561' title='bbox 1328 4663 1411 4710; x_wconf 89' lang='lat' dir='ltr'>sane</span> <span class='ocrx_word' id='word_1_562' title='bbox 1425 4639 1556 4712; x_wconf 88' lang='lat' dir='ltr'>iniuria</span> <span class='ocrx_word' id='word_1_563' title='bbox 1572 4641 1770 4732; x_wconf 82' lang='lat' dir='ltr'>provocati,</span> <span class='ocrx_word' id='word_1_564' title='bbox 1795 4641 1903 4713; x_wconf 88' lang='lat' dir='ltr'>armis</span> <span class='ocrx_word' id='word_1_565' title='bbox 1918 4642 2017 4738; x_wconf 86' lang='lat' dir='ltr'>illam</span> <span class='ocrx_word' id='word_1_566' title='bbox 2033 4643 2115 4712; x_wconf 85' lang='lat' dir='ltr'>vin-</span> 
     </span>
     <span class='ocr_line' id='line_1_45' title="bbox 101 4741 2117 4838; baseline -0.002 -18"><span class='ocrx_word' id='word_1_567' title='bbox 101 4750 181 4820; x_wconf 89' lang='lat' dir='ltr'>dam</span> <span class='ocrx_word' id='word_1_568' title='bbox 212 4747 368 4816; x_wconf 86' lang='lat' dir='ltr'>ducendi</span> <span class='ocrx_word' id='word_1_569' title='bbox 401 4744 651 4838; x_wconf 84' lang='lat' dir='ltr'>invitandique</span> <span class='ocrx_word' id='word_1_570' title='bbox 674 4745 783 4816; x_wconf 86' lang='lat' dir='ltr'>variis</span> <span class='ocrx_word' id='word_1_571' title='bbox 816 4745 1010 4828; x_wconf 88' lang='lat' dir='ltr'>illecebris,</span> <span class='ocrx_word' id='word_1_572' title='bbox 1042 4757 1083 4814; x_wconf 92' lang='lat' dir='ltr'>ut</span> <span class='ocrx_word' id='word_1_573' title='bbox 1133 4743 1251 4816; x_wconf 86' lang='lat' dir='ltr'>dicare</span> <span class='ocrx_word' id='word_1_574' title='bbox 1266 4766 1371 4838; x_wconf 93' lang='lat' dir='ltr'>quam</span> <span class='ocrx_word' id='word_1_575' title='bbox 1391 4741 1613 4813; x_wconf 87' lang='lat' dir='ltr'>dissimulare</span> <span class='ocrx_word' id='word_1_576' title='bbox 1627 4745 1788 4828; x_wconf 91' lang='lat' dir='ltr'>mallent,</span> <span class='ocrx_word' id='word_1_577' title='bbox 1804 4744 2117 4838; x_wconf 80' lang='lat' dir='ltr'>nimiumque&#39;suis</span> 
     </span>
     <span class='ocr_line' id='line_1_46' title="bbox 100 4845 2119 4942; baseline -0.001 -21"><span class='ocrx_word' id='word_1_578' title='bbox 100 4851 254 4922; x_wconf 89' lang='lat' dir='ltr'>subinde</span> <span class='ocrx_word' id='word_1_579' title='bbox 282 4848 430 4942; x_wconf 90' lang='lat' dir='ltr'>propius</span> <span class='ocrx_word' id='word_1_580' title='bbox 458 4847 683 4917; x_wconf 88' lang='lat' dir='ltr'>considerare</span> <span class='ocrx_word' id='word_1_581' title='bbox 711 4846 815 4916; x_wconf 88' lang='lat' dir='ltr'>liceat</span> <span class='ocrx_word' id='word_1_582' title='bbox 839 4871 914 4916; x_wconf 90' lang='lat' dir='ltr'>rem</span> <span class='ocrx_word' id='word_1_583' title='bbox 939 4847 1082 4940; x_wconf 89' lang='lat' dir='ltr'>quidem</span> <span class='ocrx_word' id='word_1_584' title='bbox 1134 4847 1271 4918; x_wconf 85' lang='lat' dir='ltr'>viribus</span> <span class='ocrx_word' id='word_1_585' title='bbox 1284 4847 1452 4918; x_wconf 77' lang='lat' dir='ltr'>adversus</span> <span class='ocrx_word' id='word_1_586' title='bbox 1466 4845 1627 4916; x_wconf 88' lang='lat' dir='ltr'>imbelles</span> <span class='ocrx_word' id='word_1_587' title='bbox 1641 4870 1744 4917; x_wconf 86' lang='lat' dir='ltr'>ranas</span> <span class='ocrx_word' id='word_1_588' title='bbox 1756 4847 2119 4930; x_wconf 83' lang='lat' dir='ltr'>fiderent,donarnnt</span> 
     </span>
     <span class='ocr_line' id='line_1_47' title="bbox 102 4944 2117 5044; baseline -0 -21"><span class='ocrx_word' id='word_1_589' title='bbox 102 4952 262 5023; x_wconf 87' lang='lat' dir='ltr'>omnium</span> <span class='ocrx_word' id='word_1_590' title='bbox 285 4945 582 5044; x_wconf 86' lang='lat' dir='ltr'>pulcherrimam,</span> <span class='ocrx_word' id='word_1_591' title='bbox 607 4951 669 5020; x_wconf 90' lang='lat' dir='ltr'>sed</span> <span class='ocrx_word' id='word_1_592' title='bbox 691 4944 938 5020; x_wconf 83' lang='lat' dir='ltr'>heu-nimium</span> <span class='ocrx_word' id='word_1_593' title='bbox 956 4949 1082 5018; x_wconf 90' lang='lat' dir='ltr'>obscu-</span> <span class='ocrx_word' id='word_1_594' title='bbox 1125 4947 1255 5042; x_wconf 51' lang='lat' dir='ltr'>¹superi</span> <span class='ocrx_word' id='word_1_595' title='bbox 1275 4947 1459 5020; x_wconf 84' lang='lat' dir='ltr'>victoriam</span> <span class='ocrx_word' id='word_1_596' title='bbox 1480 4947 1758 5034; x_wconf 87' lang='lat' dir='ltr'>imbellioribus,</span> <span class='ocrx_word' id='word_1_597' title='bbox 1790 4962 1826 5020; x_wconf 89' lang='lat' dir='ltr'>ct</span> <span class='ocrx_word' id='word_1_598' title='bbox 1858 4949 1942 5019; x_wconf 87' lang='lat' dir='ltr'>belli</span> <span class='ocrx_word' id='word_1_599' title='bbox 1976 4961 2117 5022; x_wconf 79' lang='lat' dir='ltr'>autores</span> 
     </span>
     <span class='ocr_line' id='line_1_48' title="bbox 101 5047 2117 5146; baseline 0 -20"><span class='ocrx_word' id='word_1_600' title='bbox 101 5079 178 5126; x_wconf 87' lang='lat' dir='ltr'>ram</span> <span class='ocrx_word' id='word_1_601' title='bbox 197 5055 429 5146; x_wconf 85' lang='lat' dir='ltr'>ignotamque</span> <span class='ocrx_word' id='word_1_602' title='bbox 450 5051 669 5122; x_wconf 83' lang='lat' dir='ltr'>mortalibus.</span> <span class='ocrx_word' id='word_1_603' title='bbox 724 5047 774 5122; x_wconf 87' lang='lat' dir='ltr'>Et</span> <span class='ocrx_word' id='word_1_604' title='bbox 804 5049 951 5144; x_wconf 87' lang='lat' dir='ltr'>perinde</span> <span class='ocrx_word' id='word_1_605' title='bbox 980 5057 1086 5144; x_wconf 89' lang='lat' dir='ltr'>atque</span> <span class='ocrx_word' id='word_1_606' title='bbox 1136 5051 1349 5144; x_wconf 87' lang='lat' dir='ltr'>pertinaciae</span> <span class='ocrx_word' id='word_1_607' title='bbox 1389 5073 1473 5120; x_wconf 85' lang='lat' dir='ltr'>suae</span> <span class='ocrx_word' id='word_1_608' title='bbox 1511 5049 1720 5120; x_wconf 86' lang='lat' dir='ltr'>iustissimas</span> <span class='ocrx_word' id='word_1_609' title='bbox 1759 5074 1890 5143; x_wconf 86' lang='lat' dir='ltr'>poenas</span> <span class='ocrx_word' id='word_1_610' title='bbox 1930 5051 2117 5142; x_wconf 87' lang='lat' dir='ltr'>dederunt.</span> 
     </span>
     <span class='ocr_line' id='line_1_49' title="bbox 104 5147 2117 5253; baseline 0 -27"><span class='ocrx_word' id='word_1_611' title='bbox 104 5157 165 5253; x_wconf 91' lang='lat' dir='ltr'>qui</span> <span class='ocrx_word' id='word_1_612' title='bbox 179 5181 216 5228; x_wconf 88' lang='lat' dir='ltr'>se</span> <span class='ocrx_word' id='word_1_613' title='bbox 230 5155 433 5226; x_wconf 79' lang='lat' dir='ltr'>infantibus</span> <span class='ocrx_word' id='word_1_614' title='bbox 447 5153 560 5226; x_wconf 90' lang='lat' dir='ltr'>amari</span> <span class='ocrx_word' id='word_1_615' title='bbox 575 5153 721 5238; x_wconf 84' lang='lat' dir='ltr'>volunt,</span> <span class='ocrx_word' id='word_1_616' title='bbox 746 5147 893 5226; x_wconf 81' lang='lat' dir='ltr'>sacharo</span> <span class='ocrx_word' id='word_1_617' title='bbox 910 5167 970 5224; x_wconf 90' lang='lat' dir='ltr'>out</span> <span class='ocrx_word' id='word_1_618' title='bbox 984 5151 1087 5234; x_wconf 85' lang='lat' dir='ltr'>simi·</span> <span class='ocrx_word' id='word_1_619' title='bbox 1138 5152 1278 5244; x_wconf 86' lang='lat' dir='ltr'>Quaeso</span> <span class='ocrx_word' id='word_1_620' title='bbox 1298 5151 1386 5248; x_wconf 90' lang='lat' dir='ltr'>quid</span> <span class='ocrx_word' id='word_1_621' title='bbox 1415 5173 1526 5246; x_wconf 88' lang='lat' dir='ltr'>aeque</span> <span class='ocrx_word' id='word_1_622' title='bbox 1544 5152 1666 5224; x_wconf 87' lang='lat' dir='ltr'>retulit</span> <span class='ocrx_word' id='word_1_623' title='bbox 1687 5153 1884 5244; x_wconf 89' lang='lat' dir='ltr'>puerilibus</span> <span class='ocrx_word' id='word_1_624' title='bbox 1904 5153 2034 5224; x_wconf 87' lang='lat' dir='ltr'>animis</span> <span class='ocrx_word' id='word_1_625' title='bbox 2060 5155 2117 5228; x_wconf 91' lang='lat' dir='ltr'>io-</span> 
     </span>
     <span class='ocr_line' id='line_1_50' title="bbox 103 5249 2118 5352; baseline 0 -24"><span class='ocrx_word' id='word_1_626' title='bbox 103 5260 196 5330; x_wconf 88' lang='lat' dir='ltr'>libus</span> <span class='ocrx_word' id='word_1_627' title='bbox 222 5259 330 5330; x_wconf 87' lang='lat' dir='ltr'>rebus</span> <span class='ocrx_word' id='word_1_628' title='bbox 361 5256 537 5342; x_wconf 86' lang='lat' dir='ltr'>invitant,</span> <span class='ocrx_word' id='word_1_629' title='bbox 575 5254 625 5327; x_wconf 90' lang='lat' dir='ltr'>ita</span> <span class='ocrx_word' id='word_1_630' title='bbox 656 5255 846 5326; x_wconf 88' lang='lat' dir='ltr'>lenociniis</span> <span class='ocrx_word' id='word_1_631' title='bbox 873 5255 1087 5352; x_wconf 87' lang='lat' dir='ltr'>quibusdem</span> <span class='ocrx_word' id='word_1_632' title='bbox 1138 5255 1225 5344; x_wconf 88' lang='lat' dir='ltr'>seri,</span> <span class='ocrx_word' id='word_1_633' title='bbox 1245 5249 1365 5351; x_wconf 85' lang='lat' dir='ltr'>¹atque</span> <span class='ocrx_word' id='word_1_634' title='bbox 1385 5255 1507 5326; x_wconf 88' lang='lat' dir='ltr'>odium</span> <span class='ocrx_word' id='word_1_635' title='bbox 1531 5255 1706 5326; x_wconf 92' lang='lat' dir='ltr'>bellorum</span> <span class='ocrx_word' id='word_1_636' title='bbox 1729 5277 1770 5325; x_wconf 89' lang='lat' dir='ltr'>ac</span> <span class='ocrx_word' id='word_1_637' title='bbox 1789 5257 1996 5344; x_wconf 86' lang='lat' dir='ltr'>turbarum,</span> <span class='ocrx_word' id='word_1_638' title='bbox 2026 5257 2118 5328; x_wconf 77' lang='lat' dir='ltr'>tole·</span> 
     </span>
    </p>
   </div>
   <div class='ocr_carea' id='block_1_7' title="bbox 106 5351 2121 5530">
    <p class='ocr_par' dir='ltr' id='par_1_7' title="bbox 106 5351 2121 5530">
     <span class='ocr_line' id='line_1_51' title="bbox 106 5351 2121 5530; baseline -0.001 -98"><span class='ocrx_word' id='word_1_639' title='bbox 106 5361 386 5433; x_wconf 86' lang='lat' dir='ltr'>commendanda</span> <span class='ocrx_word' id='word_1_640' title='bbox 407 5357 537 5431; x_wconf 87' lang='lat' dir='ltr'>veritas</span> <span class='ocrx_word' id='word_1_641' title='bbox 555 5371 625 5444; x_wconf 89' lang='lat' dir='ltr'>est,</span> <span class='ocrx_word' id='word_1_642' title='bbox 650 5373 685 5430; x_wconf 93' lang='lat' dir='ltr'>et</span> <span class='ocrx_word' id='word_1_643' title='bbox 706 5357 856 5430; x_wconf 88' lang='lat' dir='ltr'>rudibus</span> <span class='ocrx_word' id='word_1_644' title='bbox 881 5355 1010 5430; x_wconf 89' lang='lat' dir='ltr'>animis</span> <span class='ocrx_word' id='word_1_645' title='bbox 1030 5357 1088 5427; x_wconf 91' lang='lat' dir='ltr'>in·</span> <span class='ocrx_word' id='word_1_646' title='bbox 1138 5358 1284 5530; x_wconf 65' lang='lat' dir='ltr'>rautiqq¹</span> <span class='ocrx_word' id='word_1_647' title='bbox 1294 5356 1472 5445; x_wconf 87' lang='lat' dir='ltr'>studium,</span> <span class='ocrx_word' id='word_1_648' title='bbox 1496 5371 1533 5431; x_wconf 92' lang='lat' dir='ltr'>et</span> <span class='ocrx_word' id='word_1_649' title='bbox 1558 5351 1627 5429; x_wconf 89' lang='lat' dir='ltr'>hoc</span> <span class='ocrx_word' id='word_1_650' title='bbox 1647 5379 1758 5449; x_wconf 87' lang='lat' dir='ltr'>genus</span> <span class='ocrx_word' id='word_1_651' title='bbox 1780 5357 1867 5430; x_wconf 87' lang='lat' dir='ltr'>alias</span> <span class='ocrx_word' id='word_1_652' title='bbox 1890 5353 2121 5433; x_wconf 85' lang='lat' dir='ltr'>humanitatis</span> 
     </span>
    </p>
   </div>
   <div class='ocr_carea' id='block_1_8' title="bbox 0 0 2381 5828">
    <p class='ocr_par' dir='ltr' id='par_1_8' title="bbox 0 0 2381 5828">
     <span class='ocr_line' id='line_1_52' title="bbox 0 0 2381 5828; baseline 0 0"><span class='ocrx_word' id='word_1_653' title='bbox 0 0 2381 5828; x_wconf 95' lang='lat' dir='ltr'> </span> 
     </span>
    </p>
   </div>
  </div>
 </body>
</html>
