4688 5826
245 235 322 321 250
491 347 496 360 θ
724 241 1010 323 necnon
1046 239 1348 322 taxantes
1385 241 1634 320 OFFlGlA
1672 245 1779 322 etc,
2203 249 2281 324 260

248 427 296 496 de
312 421 479 496 moribus
492 411 680 506 ¹civilibus,
706 433 810 514 atque
833 415 918 490 baec
935 441 1061 510 magna
1077 443 1119 490 ex
1136 434 1235 514 parte
1285 419 1437 492 multum
1454 421 1625 492 adiuvant
1639 423 1684 492 ad
1701 415 1974 513 iintelligendum
1989 427 2113 494 omnes
2126 424 2170 494 de
2187 423 2279 494 civi-

248 520 422 597 Onatorio
436 549 552 610 more,
583 524 746 616 populari
761 545 886 614 genere
901 524 1089 608 orationis,
1120 537 1160 594 ut
1178 523 1235 592 in·
1284 521 1378 592 libus
1401 523 1507 592 rebus
1523 524 1791 616 disputationes.
1847 523 1893 596 Ut
1917 525 2026 615 igitur
2050 527 2148 598 decet
2168 521 2278 596 Chri-

195 663 199 668 ·
248 621 1234 720 telligereeaetincommunivitaeconsuetudineimi-
1284 625 1417 696 stianos
1435 621 1526 694 banc
1541 625 1680 696 civilem
1696 627 1896 712 societatem
1912 627 2027 697 colere
2044 642 2080 700 et
2095 629 2277 713 adiuvare,
2335 625 2336 644 l

248 730 316 800 tari
348 726 526 802 homines,
544 729 696 820 praediti
729 727 911 797 communi
945 750 1048 796 sensu
1082 733 1233 818 possint,
1284 728 1332 796 ita
1350 722 1434 796 haec
1452 729 1612 798 doctrina
1637 729 1683 799 de
1702 729 1868 800 civilibus
1888 731 2049 800 moribus
2071 743 2177 824 atque
2196 731 2277 800 offi-

247 855 329 902 nam
353 831 457 901 exiles
481 831 754 922 disputationes,
780 830 900 922 quales
925 843 1006 900 sunt
1033 831 1126 920 apud
1152 827 1234 898 Ari·
1284 825 1347 898 c'iis
1369 831 1610 918 cognoscendo
1632 845 1692 903 est.
1744 829 1826 904 Non
1840 843 1898 901 est
1917 831 2048 922 pietas,
2076 831 2275 927 Cyclopum

247 934 425 1018 stotelem,
449 933 645 1004 doctrinam
661 932 804 1024 quidem
820 933 1003 1002 continent
1019 957 1091 999 non
1117 931 1234 1000 illibe-
1284 931 1536 1014 morevivere,
1561 931 1747 1016 sincium,
1773 933 2023 1022 sinelegibus,
2046 935 2276 1006 sinedoctri-

247 1036 378 1126 talem,
403 1035 729 1105 sedsubobseuram
745 1047 779 1102 et
799 1035 1056 1124 propemodum
1072 1034 1233 1102 consulto
1283 1056 1346 1116 na,
1383 1033 1460 1101 sine
1489 1033 1570 1104 aliis
1593 1035 1686 1104 vitae
1712 1035 1899 1126 praesidiis
1923 1045 2013 1128 quae
2044 1038 2283 1108 continentur.

246 1139 466 1208 recedentem
490 1137 630 1226 longius
652 1135 700 1220 ab¹
714 1135 959 1226 imperitorum
980 1134 1160 1205 intellectu
1181 1151 1231 1206 at·
1283 1135 1406 1206 literis.
1460 1111 1580 1224 Quare
1604 1135 1662 1206 isti
1686 1137 1745 1228 qui
1769 1138 1971 1227 vituperant
1993 1133 2276 1229 Philosophiam,

245 1261 314 1335 que
344 1239 489 1310 iudicio.
554 1237 629 1308 Hae
661 1237 887 1306 definitiones
916 1235 1054 1304 facilins
1081 1238 1232 1326 intelligi
1284 1261 1356 1304 non
1383 1249 1521 1306 tanturn
1556 1237 1812 1326 belligerantur
1844 1263 1924 1307 cum
1952 1253 2077 1308 natura
2106 1236 2277 1325 humana,
2335 1285 2336 1330 3

245 1357 278 1414 et
302 1343 347 1412 ad
361 1341 611 1436 quotidianum
634 1362 737 1409 usum
755 1339 846 1408 vitae
871 1339 1128 1407 accommodari
1151 1363 1233 1429 pos·
1284 1340 1343 1406 sed
1375 1339 1478 1407 etiam
1514 1339 1667 1428 graviter
1703 1339 1847 1411 laedunt
1882 1337 2067 1431 Evangelii
2101 1341 2275 1430 gloriam,
2335 1365 2336 1374 ¹

244 1457 339 1516 sunt.
381 1443 493 1512 Porro
510 1437 578 1512 boe
591 1442 630 1510 in
646 1442 804 1510 consessu
821 1453 883 1526 est,
909 1441 1140 1510 necessarium
1159 1465 1231 1510 esse
1284 1441 1378 1532 quod
1393 1439 1490 1510 iubet
1507 1441 1745 1532 utdisciplina
1763 1441 1858 1510 civili
1880 1437 2042 1512 homines
2059 1439 2277 1514 cohercean-
2335 1475 2336 1484 ¹

244 1546 411 1618 omnibus
436 1547 616 1637 quandam
641 1545 684 1612 de
711 1543 870 1612 moribus
895 1542 1090 1612 doctrinam
1113 1556 1146 1612 et
1170 1545 1232 1610 de-
1284 1555 1353 1626 tur,
1374 1555 1408 1611 ct
1425 1537 1587 1612 maximis
1605 1543 1770 1634 praemiis
1787 1557 1891 1614 ornat
1906 1557 2031 1614 natura
2050 1540 2200 1622 honesta
2217 1545 2277 1617 in·
2335 1539 2336 1616 ἦ

245 1649 470 1742 scriptionem
484 1647 678 1729 virtutum,
703 1659 742 1714 ut
758 1645 795 1714 in
811 1647 940 1714 nostris
961 1644 1120 1713 moribus
1141 1659 1175 1715 et
1193 1647 1230 1712 in
1265 1645 1422 1729 stituta,
1451 1669 1541 1737 qnae
1563 1645 1746 1714 continent
1768 1646 1907 1743 ciiilem
1933 1647 2130 1718 societatem
2154 1643 2278 1715 bomi-
2335 1663 2336 1736 g

243 1745 430 1822 bominum
445 1749 599 1838 negociis
615 1746 815 1816 iudicandis
834 1747 1032 1835 intelligere
1047 1748 1231 1834 possimus,
1283 1771 1381 1818 num.
1433 1744 1514 1815 Non
1539 1770 1622 1840 ergo
1637 1748 1885 1817 contemnendi
1909 1763 1989 1817 sunt
2006 1743 2217 1840 Philosophi
2243 1763 2279 1820 et
2335 1753 2336 1806 i

242 1853 327 1948 quid
338 1853 469 1936 deceat,
483 1851 567 1944 quid
584 1875 657 1918 non
668 1851 799 1932 deceat,
819 1873 908 1942 quae
922 1861 1005 1917 sunt
1021 1863 1125 1932 recte,
1139 1871 1231 1941 ,quae
1282 1848 1343 1919 alii
1361 1848 1546 1938 scriptores
1561 1848 1622 1942 qui
1639 1843 1785 1920 honesta
1803 1851 1897 1920 vitae
1913 1863 2096 1941 praecepta
2112 1851 2277 1932 tradunt,

242 1979 341 2044 secus
356 1955 456 2026 facta.
508 1947 648 2022 'itenere
663 1973 745 2040 ergo
766 1952 897 2020 formas
913 1964 948 2020 et
971 1951 1140 2038 imagines
1156 1951 1230 2018 vir·
1282 1953 1339 2017 sed
1356 1950 1545 2038 diligenter
1561 1951 1709 2038 legendi,
1736 1965 1773 2020 ut
1791 1965 1918 2022 arctant
1932 1951 2104 2022 iudicium
2121 1954 2165 2021 de
2184 1954 2277 2021 civi·
2335 1969 2336 1976 ’

242 2070 359 2128 tutum
389 2067 544 2145 oportet,
586 2077 672 2147 quas
704 2054 743 2121 in
777 2053 942 2121 omnibus
973 2052 1148 2136 consiliis,
1191 2052 1228 2120 in
1281 2053 1374 2120 libus
1399 2053 1552 2138 negociis
1575 2066 1609 2120 et
1633 2053 1803 2125 moribus.
1861 2049 1978 2123 Multa
2004 2065 2171 2144 poterunt
2195 2079 2278 2124 mo·
2335 2083 2336 2086 ¹

242 2159 410 2229 omnibus
440 2155 594 2245 negociis
631 2155 831 2224 iudicandis
860 2177 1059 2247 sequamur.
1112 2153 1229 2248 Atque
1281 2177 1363 2222 nere
1389 2154 1455 2222 viri
1479 2154 1654 2245 sapientes
1682 2154 1721 2224 in
1747 2151 1889 2246 Repub.
1913 2156 2057 2240 versati,
2088 2179 2181 2249 quae
2205 2180 2278 2226 usu
2335 2155 2336 2158 ’

241 2255 328 2331 baec
349 2259 511 2330 doctrina
531 2258 673 2347 proprie
697 2258 853 2326 vocanda
871 2271 923 2327 est
946 2252 1165 2341 humanitas,
1190 2279 1229 2324 ac
1280 2270 1539 2355 cognoverunt,
1566 2281 1718 2348 quorum
1741 2257 1895 2344 cognitio
1912 2281 1976 2359 pos
1993 2259 2116 2328 reddet
2134 2259 2277 2328 cautio-

239 2375 333 2434 recte
353 2374 388 2432 et
411 2360 552 2428 civilem
576 2359 720 2428 vivendi
744 2359 918 2428 rationem
934 2359 1089 2427 ostendit
1112 2359 1227 2427 omni·
1279 2357 1395 2426 resin
1420 2358 1556 2448 magnis
1578 2359 1684 2428 r'ebus
1707 2359 1879 2446 gerendis.
1937 2353 2096 2454 Exposui
2120 2359 2208 2452 quid
2233 2353 2275 2434 bi
2335 2359 2336 2370 ’

239 2465 307 2535 bos
328 2463 518 2546 aetatibus,
544 2485 647 2555 quarn
664 2461 726 2554 qui
750 2486 823 2531 non
847 2473 999 2540 norunt,
1023 2481 1148 2550 parum
1164 2461 1228 2530 ad·
1279 2445 1391 2527 libelli
1415 2471 1448 2527 et
1471 2461 1512 2528 ad
1533 2457 1721 2558 verborum
1747 2461 1884 2550 copiam
1901 2462 1992 2534 etad
2017 2485 2135 2548 rertqn
2154 2461 2276 2530 scien-

205 2573 206 2576 ’
237 2565 384 2639 modurn
400 2565 533 2634 distant
550 2587 568 2632 a
584 2554 715 2632 bestiis.
774 2561 998 2655 Quamquam
1015 2575 1130 2630 autem
1149 2563 1227 2631 aliis
1279 2559 1362 2629 tiam
1386 2563 1586 2648 conferant,
1613 2585 1695 2630 nam
1718 2575 1751 2632 ct
1773 2563 1908 2653 copiam
1926 2562 2099 2632 seimonis
2115 2564 2218 2633 alunt
2240 2579 2276 2634 et

238 2669 325 2739 locis
345 2666 457 2756 magis
480 2666 628 2734 tortasse
650 2665 833 2749 convenit,
859 2666 1043 2734 ostendere
1066 2667 1160 2756 quod
1183 2665 1225 2734 sit
1278 2663 1419 2733 firmant
1440 2661 1680 2754 iudicinmde
1706 2665 1885 2746 moribus,
1912 2655 2064 2757 qnorum
2088 2680 2275 2760 utrunque
2335 2685 2336 2748 j

238 2769 426 2840 discrimen
451 2762 558 2837 buius
575 2768 757 2838 doctrinae
776 2779 810 2837 et
825 2761 1030 2856 Evangelii,
1056 2780 1173 2836 tamen
1193 2781 1225 2836 et
1278 2765 1379 2834 valde
1395 2765 1628 2834 necessarium
1645 2777 1692 2835 est
1716 2765 1754 2833 in
1771 2764 1853 2839 vita.
1906 2765 1975 2836 Sed
2001 2781 2050 2838 est
2075 2763 2285 2860 aliaquae-·
2335 2809 2336 2854 3

237 2867 323 2943 haec
341 2870 430 2942 duxi
452 2864 518 2938 hac
541 2871 584 2938 de
606 2893 644 2938 re
667 2870 912 2940 admonendos
938 2891 1012 2938 esse
1036 2865 1225 2951 auditores,
1277 2869 1357 2934 dam
1377 2865 1511 2936 utilitas
1530 2861 1658 2936 horum
1677 2867 1899 2952 libellorum,
1926 2860 2015 2962 quae
2033 2870 2076 2936 ad
2096 2857 2275 2962 eloquen-
2335 2855 2336 2872 ¹

236 2987 277 3044 ut
297 2973 473 3043 eximatur
495 2971 546 3042 eis
576 2995 694 3058 error,
728 2971 791 3064 qui
818 2971 888 3040 iam
914 2965 1062 3040 istorum
1088 2971 1226 3038 animos
1276 2967 1360 3037 tiam
1380 2969 1548 3062 pertinet,
1575 2993 1663 3064 qnae
1682 2971 1736 3038 vel
1755 2994 1832 3039 meo
1852 2969 1983 3038 iudicio
2000 2971 2056 3048 vel
2079 2963 2274 3062 praecipua

237 3068 550 3165 occtrpavit,‘baec
571 3068 806 3143 Ethnicorum
833 3072 960 3161 scripta
984 3071 1129 3161 indigna
1153 3095 1225 3141 esse
1276 3081 1336 3139 est.
1390 3065 1526 3140 Omnes
1543 3071 1637 3140 docti
1654 3069 1722 3139 viri
1740 3061 1977 3164 praecipiunt,
2002 3085 2041 3140 trt
2054 3073 2152 3142 ¹locos
2169 3097 2272 3142 com-
2335 3063 2336 3070 ἵ

195 3180 197 3188 ’
236 3199 325 3272 quae
341 3171 535 3246 Christiani
552 3169 714 3245 homiues
728 3176 864 3263 legant,
896 3188 931 3245 et
953 3169 1223 3262 Philosophiam
1274 3193 1399 3242 munes
1420 3167 1612 3242 habeamus
1635 3174 1844 3258 instructos,
1871 3197 1911 3242 ex
1935 3173 2065 3267 quibus
2087 3197 2273 3246 sumamus

234 3271 359 3373 procul
382 3278 584 3367 fugiendam
601 3301 674 3346 esse
688 3272 910 3348 Christianis.
960 3273 1083 3368 ltaque
1106 3275 1225 3345 brevi·
1275 3275 1473 3368 orationem
1500 3277 1544 3343 de
1575 3269 1731 3346 honestis
1755 3277 1877 3359 rebus,
1911 3275 2048 3368 quoties
2074 3300 2164 3370 opus
2187 3277 2273 3348 erit.

234 3393 291 3452 ter
316 3375 381 3449 hac
414 3381 459 3448 de
491 3401 529 3447 re
563 3380 771 3449 sententiam
806 3391 961 3448 nostram
997 3401 1223 3466 exponemus.
1272 3373 1363 3444 Nam
1386 3377 1505 3446 omnia
1534 3377 1676 3468 negocia
1702 3378 1739 3445 in
1763 3378 1851 3462 vita,
1885 3375 2089 3450 indicantur
2111 3401 2151 3448 ex
2180 3377 2275 3450 locis

235 3475 466 3572 Philosophia
483 3477 576 3548 nihil
592 3482 753 3552 adfirmat
768 3483 811 3550 de
827 3481 1009 3550 voluntate
1023 3477 1103 3563 Dei,
1131 3476 1222 3548 nibil
1275 3481 1726 3550 communibus'virtntum
1758 3493 1792 3550 et
1820 3477 2010 3565 vitiorum,
2043 3503 2191 3572 eamque
2221 3482 2273 3554 ob

234 3585 405 3678 praecipit
422 3575 465 3652 de
482 3585 610 3654 timore
624 3599 657 3654 et
671 3584 797 3652 fidncia
814 3583 851 3650 in
869 3581 998 3652 Deum:
1038 3577 1122 3650 haec
1141 3601 1223 3671 pro·
1275 3607 1412 3650 causam
1435 3584 1477 3648 ad
1503 3581 1582 3648 illos
1608 3583 1789 3650 reserenda
1813 3593 1864 3650 est
1883 3581 2017 3666 oratio,
2043 3583 2087 3650 de
2105 3575 2273 3674 quocun-

234 3688 310 3780 prie
334 3689 375 3755 ad
395 3682 626 3773 Evangelium
647 3687 836 3777 pertinent.
887 3683 956 3754 Sed
980 3698 1117 3774 praeter
1138 3680 1223 3753 haec
1274 3709 1341 3775 que
1357 3683 1502 3772 negocio
1519 3681 1677 3751 instituta
1693 3684 1811 3756 fuerit.
1862 3679 1932 3751 llic
1948 3683 2103 3774 primum
2122 3685 2273 3776 prodest

235 3786 349 3860 ciuilis
366 3788 458 3856 vitae
478 3800 682 3878 praecepta,
708 3785 901 3855 necessaria
923 3799 1023 3863 sunt,
1051 3809 1140 3877 qnae
1157 3787 1222 3854 do·
1274 3786 1368 3853 locos
1384 3786 1536 3874 perfecte
1555 3787 1712 3872 cognitos
1728 3779 1876 3868 habere,
1902 3809 1984 3854 nam
2001 3807 2057 3854 res
2071 3785 2166 3876 ipsae
2183 3811 2272 3878 per-

235 3905 336 3962 ceant
351 3890 530 3984 quomodo
550 3884 714 3958 homines
731 3888 824 3957 inter
838 3909 874 3955 se
895 3887 1087 3979 tranquille
1106 3887 1223 3956 vivere
1272 3888 1359 3957 fecte
1374 3887 1544 3976 cognitae,
1562 3889 1712 3976 gignunt
1727 3887 1935 3972 orationem,
1954 3879 2015 3956 sed
2032 3885 2141 3976 magis
2158 3889 2269 3959 etiam

234 3991 385 4086 possint:
413 3986 499 4060 baec
514 3992 552 4059 in
569 3984 800 4082 Philosophia
818 3991 1026 4072 traduntur,
1047 3983 1085 4058 et
1100 4015 1119 4058 a
1137 3990 1223 4058 viris
1273 3990 1416 4078 prodest
1432 3983 1559 4058 habere
1577 3990 1614 4056 in
1632 4003 1798 4085 promptu
1816 3989 1865 4058 sic
1880 4001 2041 4059 tractatas
2064 4004 2099 4060 et
2121 4004 2271 4061 ornatas

236 4093 487 4164 excellentibus
507 4117 628 4162 causae
655 4093 837 4162 eorumtn
859 4091 996 4161 ratione
1013 4092 1145 4181 positae
1161 4093 1223 4160 de·-
1273 4116 1291 4160 a
1315 4087 1503 4176 Cicerone,
1529 4105 1567 4160 ut
1589 4092 1672 4159 inde
1695 4093 1801 4160 verba
1826 4105 1930 4184 atque
1954 4105 2159 4160 ornamenta
2183 4117 2270 4162 mu-

164 4215 170 4222 ·
234 4192 535 4289 prehensaesunt.
586 4191 708 4288 Neque
730 4194 1001 4265 existimandum
1024 4208 1090 4278 est,
1118 4189 1222 4268 Chri·
1272 4193 1364 4262 tuari
1384 4193 1571 4284 possimus,
1598 4209 1657 4263 aut
1672 4210 1764 4262 certe
1781 4181 1925 4263 imitari.
1964 4189 2061 4281 Quid
2079 4195 2173 4262 enim
2192 4196 2269 4284 agit

235 4313 329 4369 stum
347 4297 483 4366 venisse
505 4297 732 4366 inmundum
748 4310 787 4366 ut
805 4291 889 4365 haec
907 4309 1088 4386 praccepta
1106 4298 1222 4364 trade·
1273 4289 1330 4364 hic
1354 4295 1450 4366 aliud
1475 4291 1619 4378 Cicero,
1655 4295 1723 4364 nisi
1748 4309 1787 4364 ut
1809 4295 1906 4364 locos
1935 4316 2160 4377 communes,
2194 4293 2269 4367 hoc

118 4435 123 4444 ·
234 4415 305 4485 ret,
330 4399 429 4468 aliud
450 4398 619 4492 quiddam
641 4399 684 4468 de
704 4393 966 4470 voluntate'ltet
987 4411 1020 4467 et
1037 4397 1221 4466 deiiducia
1272 4411 1333 4482 est,
1349 4399 1521 4466 virtutum
1536 4397 1758 4467 definitiones
1772 4390 1975 4486 colligeret?
1993 4397 2036 4465 ad
2053 4419 2139 4489 quas
2156 4422 2267 4468 revo-

233 4503 273 4572 in
287 4499 402 4572 Deum
421 4499 596 4592 exposuit,
624 4524 713 4593 quae
729 4501 818 4570 ratio
839 4495 992 4568 bumana
1009 4523 1084 4567 non
1108 4499 1222 4589 potuit
1272 4503 1382 4568 canda
1394 4513 1478 4569 sunt
1491 4500 1608 4568 omnia
1625 4499 1742 4569 civilia
1758 4501 1914 4590 negocia,
1933 4497 2122 4592 dequibus
2139 4499 2268 4570 dicen-

235 4597 505 4696 deprehendere.
558 4599 704 4672 Interim
739 4617 855 4672 tamen
891 4615 924 4670 et
958 4600 1075 4670 civilia
1107 4603 1220 4670 officia
1272 4607 1436 4673 domest.
1487 4599 1526 4672 Si
1544 4601 1666 4672 scribis
1680 4602 1882 4692 epistolam,
1906 4600 1943 4668 in
1961 4625 2028 4694 qua
2047 4599 2119 4689 agis
2134 4603 2268 4691 gratias

235 4707 328 4778 vitae
340 4705 513 4796 approbat
528 4701 623 4774 Deus
639 4718 672 4774 et
693 4703 843 4796 requirit
855 4704 900 4772 ab
915 4703 1082 4773 omnibus
1099 4704 1223 4774 aetati·
1272 4703 1383 4774 amieo
1408 4697 1498 4774 bene
1513 4705 1558 4772 de
1580 4719 1614 4774 te
1632 4705 1781 4788 merito,
1802 4727 1908 4796 qnam
1926 4703 2036 4774 multa
2053 4707 2266 4776 ornamenta

234 4811 334 4893 busp
355 4802 420 4876 hac
448 4805 634 4897 disciplina
660 4801 839 4876 coherceri
862 4807 940 4876 vult
964 4801 1126 4874 homines
1148 4829 1222 4874 non
1270 4805 1507 4896 suppeditabit
1523 4804 1646 4876 Cicero
1662 4805 1701 4874 in
1714 4806 1777 4874 illo
1793 4806 1882 4890 loco,
1908 4806 1970 4898 qui
1984 4803 2142 4878 continet
2156 4831 2265 4899 prae-

236 4903 339 4982 aliter
367 4923 472 5002 atque
498 4907 770 5002 Magistratuum
805 4908 941 4998 legibus
974 4921 1008 4978 et
1039 4907 1222 4990 institutis,
1271 4921 1369 4999 cepta
1396 4909 1439 4977 de
1470 4907 1709 4998 gratitudine?
1745 4909 1878 4992 multae
1911 4907 1962 4976 ibi
1996 4907 2268 4996 similitudines,

236 5037 325 5106 quae
341 5037 420 5084 curn
436 5011 481 5079 iis
496 5010 689 5101 praeceptis
707 5033 868 5100 magnam
893 5005 1026 5080 habent
1042 5011 1222 5100 cognatio-
1271 5011 1382 5079 multa
1416 5027 1620 5102 argumenta
1651 5024 1734 5079 sunt
1760 5025 1849 5104 quae
1882 5011 1927 5079 ad
1957 5032 2061 5080 usum
2096 5024 2263 5081 nostrum

236 5133 337 5198 nem,
361 5137 446 5183 nam
463 5109 563 5181 exiis
579 5125 746 5204 tanquam
762 5136 802 5180 ex
818 5111 1222 5202 fontibnsomnesleges
1272 5113 1460 5182 transferre
1483 5135 1681 5202 possumus.
1731 5110 1771 5183 si
1793 5113 1832 5180 in
1854 5111 2108 5183 deliberatione
2126 5111 2267 5185 incidat

110 5225 113 5231 ’
236 5229 271 5286 et
293 5215 412 5284 omnia
436 5216 514 5282 iura
529 5209 801 5302 Magistratuum
819 5211 902 5284 nata
923 5227 1054 5286 suntet
1069 5216 1116 5284 ob
1131 5209 1222 5284 hanc
1270 5214 1433 5284 utilitatis
1465 5238 1545 5284 cum
1574 5207 1756 5285 honestate
1782 5213 1983 5300 contentio,
2016 5229 2057 5285 ut
2083 5237 2185 5306 saepe
2210 5216 2265 5301 lit,

235 5337 375 5386 causam
405 5337 567 5404 maguam
593 5309 700 5384 babet
721 5315 910 5385 utilitatem
941 5311 1026 5386 haec
1048 5317 1222 5398 doctrina,
1271 5318 1503 5409 quammulta
1519 5316 1610 5384 sumi
1625 5330 1791 5408 poterunt
1805 5340 1846 5386 ex
1862 5315 1966 5388 tertio
1987 5315 2107 5386 libro?
2160 5315 2264 5406 Quid

235 5415 319 5511 quia
340 5437 420 5487 cum
445 5415 606 5486 ostendat
632 5438 753 5487 causas
770 5417 888 5508 legum
911 5431 945 5488 et
966 5417 1101 5510 publici
1123 5418 1222 5505 iuris,
1270 5419 1412 5507 gravius
1434 5419 1472 5489 in
1503 5418 1568 5490 tali
1593 5417 1832 5491 controversia
1861 5417 1933 5488 dici
1963 5431 2078 5510 potest
2108 5413 2261 5492 historie
