4614 5820
201 229 277 308 683
624 219 628 228 ’
734 227 898 310 DECL
943 229 1022 308 DE
1053 229 1708 320 VERBO'OPOOTOMEIN.
1985 281 1988 288 ·
2171 247 2238 326 aaa

203 405 255 475 vit
279 401 448 476 acerrime
471 401 662 474 sententies
683 404 728 474 de
749 403 825 475 filio
847 401 914 476 Dei
937 409 1038 478 etde
1061 405 1201 500 Spiritu
1253 427 1287 486 et
1310 437 1474 488 normam
1497 428 1688 512 sequamur
1711 417 1751 488 in
1774 417 1977 490 indicandis
1991 417 2133 512 scriptis
2147 413 2241 506 baur,

203 521 346 587 sanctu,
370 503 563 599 quasDcus
579 505 740 596 patefecit
755 503 933 578 Ecclesiae
947 533 1049 596 suae,
1077 511 1200 604 etipse
1254 539 1299 584 ne
1323 517 1409 610 quid
1432 519 1644 610 probemus,
1669 523 1766 616 quod
1790 521 1968 616 ascriptis
1984 516 2196 615 propheticis
2211 539 2241 594 et

203 609 406 700 aGregorii
424 605 727 678 Neocaesariensis
746 609 989 693 auditoribus,
1015 611 1078 706 qui
1100 611 1201 706 Apo·
1252 619 1454 709 apostolicis
1484 621 1668 710 dissentit,
1702 637 1738 694 et
1761 623 1964 696 testimonia
1989 648 2063 694 non
2086 647 2241 718 asperne-

130 751 136 756 ·
203 715 378 786 stolorum
403 709 597 802 discipulos
621 711 798 797 audierat,
820 714 966 806 accepit.
1015 713 1200 786 Resutavit
1253 743 1353 807 mur,
1387 745 1478 815 quae
1507 735 1601 794 certa
1629 725 1820 798 autoritate
1841 728 1887 798 ab
1909 723 2094 820 Apostolis
2119 728 2240 798 tradita

202 812 374 890 Catharos
391 811 531 884 erudito
547 812 671 882 libello
689 817 733 884 de
750 815 978 905 poenitentia.
1252 845 1346 910 esse,
1373 837 1527 900 vetustas
1542 827 1766 900 consentiens
1779 829 1953 904 adfirmat.
2007 826 2104 902 Dixi.

304 913 402 1006 Quid
423 939 507 983 veru
525 915 569 984 de
586 915 722 986 iusticia
740 916 823 987 fidei
838 919 1005 998 senserit,
1032 919 1200 1010 exipsius

202 1041 332 1118 quaeso
349 1017 469 1088 verbis
484 1018 703 1106 cognoscite,
731 1043 821 1112 quae
838 1034 959 1092 extant
973 1021 1011 1088 in
1029 1023 1200 1093 concione

201 1117 283 1218 περὶ
310 1111 667 1216 ταπεινοφροσύνης.
721 1119 817 1194 Dicit
845 1135 962 1193 autem
992 1121 1199 1215 Apostolus,

144 1291 150 1300 ,
202 1225 273 1316 Qui
292 1223 485 1316 gloriatur,
513 1221 550 1290 in
568 1219 724 1294 Domino
742 1225 934 1314 glorietur,
960 1223 1199 1298 diceusChri-
1264 1199 1328 1272 ΝΟ·
1346 1201 1408 1276 3²·

202 1344 295 1401 stum
318 1325 422 1396 nobis
444 1325 574 1395 lactum
599 1347 673 1394 esse
697 1328 950 1419 sapientiam'a
975 1326 1069 1416 Ded,
1096 1329 1198 1400 iusti·
1263 1295 1432 1326 m

199 1433 312 1515 ciam,
336 1427 650 1498 sanctificationem
674 1443 708 1498 et
730 1430 1028 1520 redemptionem,
1054 1447 1093 1504 ut
1108 1431 1199 1504 sicut
1487 1441 1564 1528 De
1588 1441 1722 1532 verbo
1746 1415 2017 1562 ὀξθοτομεῖγ,

202 1533 458 1625 scriptumest:
484 1525 557 1618 Qui
575 1529 768 1619 gloriatur,
795 1531 833 1600 iu
844 1529 1000 1602 Domino
1015 1533 1197 1622 glorietur.

200 1633 297 1706 llaec
330 1645 381 1703 est
410 1631 508 1702 enim
539 1654 620 1702 vera
641 1643 675 1702 et
697 1633 835 1723 integra
856 1635 1020 1723 gloriatio
1047 1637 1085 1705 in
1108 1635 1197 1723 Deo,
1320 1618 1808 1748 ¹³gs⁰gffifflqTilllllihP=ss¹25“qq-2·
1825 1623 2059 1752 τάδῆωὼῐιτι.
2077 1627 2240 1752 managdu

200 1737 344 1834 quando
375 1757 490 1828 neque
519 1747 663 1826 propter
692 1735 867 1806 iusticiam
897 1761 996 1808 suam
1021 1739 1196 1832 quispiam
1457 1729 1466 1748 ⁰
1507 1732 1516 1750 '
1570 1731 1578 1748 ’
1631 1733 1638 1750 '
1678 1733 1686 1758 '
1722 1733 1730 1750 '
1810 1714 1827 1766 p
2056 1735 2065 1752 ⁰
2117 1718 2171 1769 ’μ’
2227 1735 2234 1750 ’

200 1840 368 1921 effertur,
399 1837 461 1906 sed
485 1837 606 1908 statuit
630 1860 666 1907 se
690 1861 809 1908 carere
832 1861 913 1911 vera
936 1839 1096 1928 iusticia,
1129 1841 1197 1912 lide
1250 1853 1376 1924 Oratio
1389 1857 1560 1926 recitata
1575 1873 1599 1925 α
1614 1855 1726 1926 Doce,
1750 1857 1949 1953 600r950
1967 1859 2170 1946 Maiore,
2196 1855 2238 1930 de

199 1957 320 2014 autem
335 1939 409 2008 sola
426 1937 464 2008 in
477 1933 661 2008 Christum
679 1938 875 2012 iustificari.
1331 1953 1437 2028 verbo
1456 1951 1695 2052 ὀρθοτομεῖν.
1734 1959 1872 2043 (Erl‘ord.
1889 1965 1973 2028 addit
1987 1989 2035 2028 m.
2052 1967 2166 2047 1545.)

116 2052 125 2065 ‘
304 2040 371 2112 llis
395 2042 512 2110 verbis
526 2037 680 2114 Basilius
700 2043 777 2112 sine
799 2043 872 2113 ulla
888 2043 1119 2134 ambiguitate
1134 2045 1196 2115 ad-

201 2149 338 2230 firmat,
374 2139 538 2213 homines
567 2167 643 2212 non
671 2157 816 2237 propter
844 2145 1006 2238 proprias
1035 2149 1197 2233 virtutes,
1248 2119 1650 2213 Sciamushosnostros
1667 2143 2238 2241 congressusnouesseprophaua

198 2251 261 2322 sed
285 2261 430 2340 propter
450 2245 564 2314 lilium
580 2242 649 2315 Dei
665 2248 895 2318 mediatorem
913 2247 1024 2319 iustos
1040 2273 1130 2320 esse:
1157 2263 1197 2320 ut
1249 2245 1462 2336 spectacula,
1485 2248 1545 2314 sed
1569 2246 1761 2316 convenire
1784 2269 1868 2332 noa,
1890 2263 1931 2320 ut
1953 2247 2093 2343 aliquid
2110 2251 2154 2320 de
2168 2275 2239 2320 coc·

200 2375 296 2422 nunc
318 2370 460 2443 quoquc
473 2343 651 2418 Ecclesiae
675 2363 816 2420 nostrae
833 2352 878 2420 de
897 2351 1069 2422 beneficio
1088 2351 1145 2444 pie
1163 2367 1196 2422 et
1250 2345 1327 2418 lesti
1350 2347 1512 2424 doctrina
1534 2345 1691 2429 dicatur,
1719 2361 1750 2418 et
1772 2349 1870 2420 utin
1893 2345 1961 2420 hoc
1986 2367 2089 2424 coetu
2114 2354 2171 2424 liat
2190 2353 2239 2422 iu·

199 2453 352 2524 fideliter
376 2453 516 2523 docent.
568 2448 642 2520 Nec
659 2452 783 2523 dubito
801 2453 869 2545 piis
886 2465 1018 2525 attente
1034 2454 1196 2524 conside·
1251 2447 1474 2528 vocatioDei,
1502 2474 1541 2520 ac
1554 2463 1714 2542 petamus
1728 2451 1859 2522 servari
1874 2451 2237 2524 ministeriumEvan·

197 2556 361 2628 rantibus
386 2548 478 2623 hauc
493 2550 619 2624 Basilii
642 2579 762 2624 vocem
780 2569 915 2645 gratam
933 2557 1022 2626 fore.
1075 2552 1197 2626 Mores
1248 2550 1350 2640 gelli,
1376 2565 1410 2621 et
1430 2545 1515 2622 haec
1535 2567 1658 2624 nostra
1677 2553 1791 2626 studia
1809 2555 2004 2626 necessaria
2022 2559 2065 2626 ad
2085 2557 2236 2627 omnium
2298 2545 2299 2562 ¹

198 2673 316 2730 autem
340 2655 487 2726 luerunt
508 2656 593 2726 casti
618 2669 652 2726 et
676 2655 861 2748 inculpati.
921 2655 970 2729 Et
991 2681 1195 2752 quanquam
1248 2653 1398 2724 salutem
1413 2653 1499 2744 regi.
1531 2651 1629 2726 Haec
1642 2679 1722 2725 cum
1736 2655 1839 2740 firrnt,
1862 2651 1901 2724 bi
1917 2681 2126 2749 congressus
2141 2661 2236 2728 etiam
2298 2705 2299 2708 =

198 2760 311 2841 oratio
328 2757 485 2830 ostendit
499 2781 644 2828 suavem
660 2771 693 2828 et
705 2758 883 2850 placidam
896 2773 1059 2831 naturam
1075 2761 1196 2848 fuisse,
1248 2757 1291 2826 ad
1316 2751 1384 2826 hoe
1403 2756 1538 2827 dictum
1557 2757 1751 2850 pertinent:
1781 2755 1993 2854 Ubicunque
2009 2761 2083 2832 duo
2100 2777 2163 2832 ant
2175 2775 2237 2832 tres

198 2862 371 2936 tamenin
386 2859 643 2951 gubernatione
659 2861 829 2934 acertuit.
871 2857 1011 2932 Acriter
1025 2863 1093 2934 suit
1108 2888 1195 2934 con·-
1248 2858 1287 2926 iu
1309 2856 1456 2930 nomine
1479 2883 1558 2928 meo
1582 2858 1784 2950 congregati
1804 2859 1958 2948 luerint,
1990 2863 2041 2932 ibi
2065 2863 2104 2932 in
2129 2863 2237 2932 medio

198 2965 437 3038 ciliaudorum
468 2963 688 3048 animorum,
727 2978 760 3034 et
788 2967 942 3035 tuendae
973 2967 1196 3052 concordiae,
1248 2983 1370 3032 eorum
1389 2983 1477 3031 snm.
1531 2957 1634 3032 llanc
1652 2963 1925 3054 promissionem
1942 2965 2124 3036 auditores
2141 2964 2236 3036 initio

198 3091 269 3163 qua
285 3069 329 3136 de
345 3089 383 3136 re
400 3063 534 3136 alicubi
550 3065 684 3136 scribit.
739 3063 821 3136 Non
839 3080 910 3136 tarn
929 3067 1112 3154 sinistrae,
1138 3068 1196 3137 in·
1248 3063 1409 3153 cogitate,
1434 3077 1467 3134 et
1483 3077 1617 3134 mentes
1633 3067 1678 3133 ad
1695 3063 2237 3140 invocationemDeiexuscitate.
2297 3139 2298 3148 ,

198 3169 344 3264 quiens,
369 3189 460 3259 opus
479 3179 532 3238 est
552 3169 693 3252 dextra,
722 3192 828 3261 quam
843 3161 1024 3240 Ecclesiae
1039 3195 1130 3264 opus
1144 3185 1195 3242 est
1248 3161 1301 3236 Ac
1321 3165 1490 3260 quoniam
1512 3159 1581 3236 huc
1604 3165 1795 3237 locomeae
1813 3169 2016 3259 partesiam
2034 3169 2233 3240 indicendo
2297 3163 2298 3172 ’

198 3271 404 3344 docentium
423 3269 624 3343 concordia.
1248 3267 1383 3358 primae
1405 3283 1506 3354 sunt,
1532 3291 1658 3363 meque
1683 3269 1780 3342 velut
1800 3266 1958 3365 ἔξαρχον
1979 3293 2052 3342 esse
2069 3272 2234 3365 precatio-

301 3368 583 3444 Etbuicisetiam
598 3371 993 3466 sugillantibusipsunr,
1019 3399 1098 3444 cum
1113 3374 1194 3467 qui·
1248 3394 1333 3440 num
1364 3385 1522 3462 oportet,
1558 3395 1635 3441 mea
1665 3373 1771 3441 verba
1797 3397 1928 3464 quaeso
1953 3373 2022 3466 piis
2041 3375 2233 3444 animorum

197 3481 264 3550 bus
280 3475 524 3545 dimicandum
539 3498 612 3544 non
627 3498 700 3546 esse
717 3478 897 3560 censebat,
924 3499 1061 3547 summa
1076 3476 1192 3566 gravi·
1247 3471 1403 3543 motibus
1435 3473 1705 3566 subsequimini.
1779 3471 1943 3544 Primum
1976 3476 2062 3568 tibi,
2102 3490 2234 3546 aeterne

197 3594 268 3653 tate
291 3594 324 3649 et
348 3590 533 3648 venustate
557 3579 762 3669 respondit,
788 3602 833 3648 ne
851 3579 1046 3649 maledictis
1061 3592 1194 3650 certare
1249 3575 1361 3660 Deus,
1387 3588 1488 3667 pater
1502 3572 1651 3646 Domini
1667 3575 1780 3648 nostri
1801 3573 1878 3646 lesu
1894 3573 2049 3659 Christi,
2077 3578 2234 3650 conditor
2296 3629 2297 3676 3

198 3681 392 3752 videretur.
444 3677 534 3750 Nam
549 3677 704 3750 Libanio
724 3680 901 3765 scribens,
927 3681 1086 3752 cuiuseo
1104 3694 1194 3752 tem·
1246 3678 1407 3747 omnium
1424 3701 1557 3768 rerum,
1585 3693 1621 3748 et
1635 3691 1863 3750 conservator
1877 3693 1911 3749 et
1926 3681 2132 3771 opitulator,
2155 3703 2233 3750 con·
2296 3681 2297 3700 ¹

197 3807 284 3878 pore
297 3783 501 3876 eloquentia
517 3781 668 3852 maxime
684 3783 857 3854 celebrata
874 3796 937 3866 est,
962 3783 1091 3876 inquit,
1112 3807 1192 3853 ora·
1246 3781 1342 3851 ditor
1362 3776 1536 3878 Ecclesiae
1557 3793 1654 3866 tuae,
1681 3803 1752 3850 nna
1777 3805 1857 3850 cum
1880 3782 1953 3852 lilio
1974 3795 2036 3854 tuo
2056 3797 2232 3854 coaeterno

198 3889 331 3958 tionem
356 3883 468 3977 ipsius
490 3907 590 3954 rosae
612 3884 762 3954 similem
781 3907 877 3968 esse,
905 3885 1057 3954 nitidam
1072 3897 1104 3954 et
1122 3885 1194 3954 lra-
1246 3880 1403 3952 Domino
1421 3896 1543 3953 nostro
1559 3879 1638 3952 lesu
1653 3877 1810 3966 Christo,
1836 3881 2014 3977 etSpiritn
2030 3900 2152 3956 sancto
2167 3899 2231 3966 tuo,

198 4002 375 4082 grantem,
402 3989 460 4057 sed
480 4000 597 4057 tamen
614 3987 725 4077 spinis
742 4001 775 4057 et
791 3985 922 4056 aculeis
939 3985 1193 4060 circundatam.
1245 3983 1373 4075 gratias
1396 3985 1554 4074 agimus,
1586 3985 1681 4078 quod
1702 3997 1736 4054 et
1760 3985 1872 4054 lilium
1896 3987 2002 4057 nobis
2025 3987 2173 4071 misisti,
2202 3997 2230 4054 et

197 4094 251 4164 Ac
267 4091 440 4161 virtutum
457 4089 601 4183 quidem
620 4103 835 4161 caeterarum
851 4085 977 4158 Basilii
993 4089 1117 4180 ingens
1134 4113 1193 4160 or·
1246 4083 1433 4177 Evangelii
1451 4088 1564 4158 lucem
1583 4087 1687 4157 nobis
1702 4087 1910 4172 accendisti,
1933 4101 1966 4158 et
1981 4085 2151 4162 hactenus
2165 4109 2230 4157 ser·

196 4205 404 4264 namentum
428 4191 496 4262 luit
519 4191 740 4283 eloquentia,
765 4191 915 4286 quaein
938 4217 979 4262 eo
1002 4191 1194 4276 tautafuit,
1246 4211 1318 4260 vas.
1371 4187 1511 4260 Deinde
1540 4189 1645 4259 etiam
1677 4203 1712 4260 te
1742 4190 1950 4262 ardentibus
1971 4191 2062 4263 votis
2085 4211 2228 4272 oramus,
2295 4199 2296 4234 l

197 4310 237 4367 ut
258 4319 355 4365 nunc
377 4293 521 4388 quidem
545 4295 681 4363 nullius
695 4293 919 4364 ecclesiastici
936 4293 1118 4386 scriptoris
1134 4319 1191 4364 ex·
1245 4305 1285 4364 ut
1308 4315 1383 4361 non
1408 4292 1503 4362 sinas
1526 4283 1619 4362 hanc
1636 4287 1823 4382 Evangelii
1845 4293 1960 4364 lucem
1978 4294 2152 4384 extingui,
2175 4291 2227 4361 sed

197 4413 273 4470 tent
290 4399 541 4480 monumenta,
567 4397 629 4489 qui
647 4395 776 4466 rectius
791 4395 964 4466 etmelius
979 4397 1119 4468 locutus
1135 4397 1191 4468 sit.
1245 4394 1413 4464 noticiam
1445 4392 1508 4464 lilii
1539 4393 1591 4464 tui
1619 4415 1736 4464 serves
1767 4393 1861 4467 inter
1888 4420 1972 4477 nos,
2005 4419 2105 4486 regas
2130 4391 2227 4464 mini·

198 4503 252 4572 Ac
282 4499 466 4589 diligentia
491 4499 530 4567 in
555 4497 735 4591 loquendo
757 4512 791 4569 et
812 4499 1004 4588 figurarum
1029 4511 1065 4568 et
1086 4523 1194 4570 orna·
1245 4495 1392 4568 sterium
1416 4493 1605 4587 Evangelii
1628 4510 1664 4565 et
1693 4498 1877 4568 doctrinae
1908 4498 2043 4583 studia,
2077 4511 2113 4570 et
2136 4494 2226 4567 colli·

195 4615 400 4674 mcntorum
431 4601 585 4672 delectus
617 4600 777 4672 indicant
798 4600 922 4671 iudicii
947 4600 1134 4672 sanitatem
1158 4614 1193 4672 et
1245 4623 1304 4689 gas
1331 4599 1398 4668 tibi
1427 4611 1606 4668 aeternam
1627 4595 1841 4670 Ecclesiam:
1872 4594 1935 4670 has
1955 4601 2060 4670 etiam
2085 4598 2225 4692 politius,

197 4705 438 4800 prudentiam.
510 4701 630 4792 Quare
660 4697 757 4774 hunc
783 4703 991 4795 scriptorem
1021 4703 1109 4775 utile
1141 4715 1194 4778 est
1245 4725 1335 4795 quae
1357 4714 1441 4770 sunt
1465 4697 1617 4793 hospitia
1633 4697 1813 4772 Ecclesiae
1832 4717 1932 4788 tuae,
1956 4716 1990 4774 et
2011 4702 2223 4796 disciplinam
2294 4707 2295 4754 t

196 4831 422 4900 cognoscere:
457 4831 522 4876 nec
550 4806 677 4878 dubito
707 4806 905 4896 legentibus
934 4829 973 4876 ea
998 4811 1089 4899 quae
1110 4817 1193 4876 scint
1244 4803 1387 4877 tuear-is.

144 4999 147 5004 Ι
197 4913 309 5004 ipsius
332 4909 473 5002 propria
496 4922 530 4978 et
552 4899 707 5006 γνήσια,
735 4909 949 5000 placiturum
965 4931 1049 4983 esse.
1101 4907 1191 4978 Nam
1346 4903 1442 4976 Haec
1464 4917 1545 4976 vota
1568 4927 1670 4998 saepe
1691 4908 1783 4998 apud
1803 4907 2110 4994 animusvestros,
2133 4925 2222 4999 prae·

197 5010 456 5110 monachornm
478 5011 617 5100 regulas
640 5034 765 5098 magna
788 5035 829 5081 ex
852 5025 950 5101 parte
974 5009 1063 5080 salso
1080 5011 1113 5080 ei
1128 5011 1193 5080 ad·
1244 5008 1346 5100 cipue
1368 5007 1408 5079 iu
1431 5002 1500 5079 hoc
1522 5030 1732 5098 congressu,
1757 5009 1815 5080 cui
1837 5015 2005 5082 interesse
2026 5007 2138 5082 Deum
2158 5025 2221 5076 nun
2293 5051 2294 5112 q

197 5115 304 5184 scribi
328 5128 462 5184 curtum
488 5127 549 5182 est.
614 5109 711 5182 Etsi
736 5137 804 5205 qna
829 5137 908 5204 pars
930 5114 975 5198 ab
999 5121 1039 5184 eo
1061 5113 1191 5204 scripta
1244 5111 1394 5183 dubium
1417 5123 1487 5195 est,
1513 5109 1744 5200 ingeminate:
1773 5113 1868 5206 quo‘d
1892 5126 1934 5183 ut
1955 5112 2091 5184 faciatis
2103 5109 2221 5180 maiore

198 5229 266 5299 est,
293 5213 478 5286 utPaulus
499 5214 635 5304 inquit,
661 5212 1191 5307 etiambonosdoctoressupra
1243 5212 1446 5284 animorum
1466 5225 1584 5298 motu,
1609 5213 1759 5303 cogitate
1780 5227 1813 5284 et
1838 5229 2036 5308 praesentes
2055 5212 2220 5284 calamita·

197 5317 471 5385 i'undamentnm
503 5316 651 5405 stipulas
681 5329 859 5396 extruere,
899 5328 1193 5406 agnoscamuset
1243 5311 1414 5386 rea'orbts
1440 5327 1632 5400 terrarum,
1665 5329 1699 5385 ct
1723 5315 1879 5408 pericula
1904 5341 1994 5411 quae
2016 5315 2216 5410 impendent.

198 5415 424 5506 deploremus
448 5425 670 5518 communem
695 5411 881 5486 hominum
900 5417 1192 5503 imbecillitatem,
1244 5415 1372 5488 Multis
1403 5415 1491 5488 locis
1515 5415 1620 5488 simul
1643 5432 1848 5508 gramntnr
1867 5420 1995 5506 tames,
2025 5411 2217 5513 pestilentia,
2292 5419 2293 5426 ’

2078 1300 2235 1330 Μ
