4616 5816
74 211 145 292 us
641 207 801 293 nucu.
850 195 935 286 os
978 211 1136 288 rura*
1166 181 1511 292 auc'usrrru.
1826 158 1859 328 J
2020 215 2096 292 cco
2181 255 2182 264 κ

71 411 149 462 rum
166 409 289 461 causas
303 381 525 456 considerare
540 397 674 474 possete
699 407 782 456 nam
802 379 888 456 haec
902 385 1059 475 exempla
1110 409 1151 476 ge
1167 397 1297 458 errant.
1347 383 1497 480 Propter
1516 381 1692 458 Ecclesiae
1716 393 1750 460 et
1765 382 1921 469 scholas,
1947 389 2035 480 ipsi,
2061 403 2095 464 et

70 489 276 586 praesertim
309 485 499 575 Principes·
519 507 664 556 mouere
692 489 736 556 de
769 485 931 578 plurimis
954 487 1060 556 rebus
1110 487 1254 579 politiae
1269 501 1464 559 servantur.
1515 487 1635 576 Quare
1658 489 1811 560 vicissim
1827 489 1933 559 nobis
1949 491 2096 579 gratiam

69 604 230 686 possunt.
280 586 467 660 Contexuit
490 587 597 674 igitur
620 581 834 676 Rodolphus
863 587 1060 658 eruditissi-
1111 590 1239 658 referre
1262 589 1453 659 debebant:
1478 592 1574 683 quod
1591 592 1621 660 si
1643 615 1716 660 non
1730 593 1878 671 facient,
1905 581 2095 662 Deusillo's

68 719 165 762 mam
187 691 363 784 epitomen
386 712 427 758 ex
449 686 579 758 Bibliis
603 701 637 761 et
656 687 858 772 Herodoto,
893 685 1060 783 deAssy-
1111 689 1234 781 puniet
1258 703 1292 758 et
1315 702 1432 760 tamen
1448 693 1601 786 aliquem
1614 706 1756 784 portum
1772 691 1968 780 Ecclesiae,
1993 688 2098 763 scho-

67 795 207 864 riorum
230 805 262 860 et
285 788 471 860 Persarum
488 790 656 881 imperio,
684 793 728 860 de
744 790 907 860 civilibus
925 791 1061 860 discor·
1111 793 1153 860 lis
1178 805 1211 862 ct
1235 805 1354 861 nostro
1378 793 1498 864 ordini
1523 797 1701 880 ostendet,
1733 795 1825 868 sicut
1847 796 2023 886 promisit:
2049 794 2096 867 se

67 897 139 966 diis
159 893 375 964 Graecarum
392 891 572 962 civitatum
597 916 638 962 ex
654 887 865 987 Thucydide
888 905 921 961 et
938 891 1060 962 Xeno·
1111 918 1184 962 non
1206 895 1496 982 defuturum'iim
1527 895 1588 990 qui
1613 897 1810 968 doctrinam
1827 895 2004 970 Ecclesiae
2025 895 2098 968 uti·

67 993 225 1088 phonte,
258 994 303 1062 de
323 989 490 1084 Philippo
514 1007 548 1063 et
571 991 774 1065 Alexandro
796 1007 831 1063 et
852 993 1061 1064 successori·
1112 997 1181 1064 lem
1198 1017 1391 1086 propagare
1408 1010 1442 1067 et
1460 1021 1587 1068 ornare
1599 1000 1755 1070 student.
1806 991 1904 1070 Dixi.

66 1101 136 1170 bus
170 1121 211 1166 ex
232 1092 394 1166 Diodoro
424 1108 458 1163 et
478 1092 647 1188 Polybio..
701 1093 839 1166 Deinde
872 1095 1061 1164 lectissima

67 1219 231 1293 quaeque
255 1196 424 1286 excerpsit
444 1220 486 1266 ex
506 1192 666 1268 historiis
684 1193 869 1270 Romanis.
920 1195 1063 1266 Postre-

67 1326 128 1369 mo
148 1312 183 1367 et
202 1295 406 1367 Germanici
426 1299 525 1386 regni
542 1321 596 1368 res
611 1299 812 1389 praecipuas
827 1299 976 1388 collegit.
1008 1293 1062 1368 Ac
1123 1359 1189 1432 No·
1214 1357 1276 1432 53·
1464 1293 1468 1304 ¹
1638 1303 1642 1312 ⁴
1919 1390 1967 1430 m
1992 1366 2086 1434 1539.

1894 1455 2101 1496 Μ

68 1403 108 1470 in
134 1424 177 1470 eo
200 1400 332 1488 scripto
354 1423 429 1471 non
449 1400 564 1470 solum
589 1399 783 1484 laboravit,
814 1414 855 1470 ut
870 1423 925 1468 res
948 1414 1063 1470 tantas
1117 1453 1288 1484 w

67 1502 254 1594 perspicue
278 1513 460 1584 narraret,
489 1502 677 1572 sedetiam
701 1515 740 1570 ut
757 1501 870 1572 obite‘r
887 1503 1059 1590 legentem
1499 1567 1507 1586 ι
1779 1565 1788 1588 1
1830 1567 1851 1588 ι

68 1599 273 1693 Pridcipem
296 1601 463 1694 pleraque
485 1615 660 1673 moneret:
695 1628 763 1694 qua
787 1603 824 1670 in
843 1627 881 1686 re
898 1603 1062 1693 apparuit
1118 1657 1121 1666 .
1357 1563 1435 1651 De
1460 1575 1556 1650 vlia
1581 1561 1850 1684 Authitnt.

71 1731 150 1776 eum
176 1727 251 1772 nou
273 1705 379 1772 modo
403 1703 534 1788 literis,
559 1705 619 1774 sed
641 1703 745 1774 etiam
762 1705 857 1772 civili
873 1703 1061 1795 prudentia
1180 1723 1261 1794 Aput
1280 1723 1353 1782 crat.
1372 1723 1443 1796 Myt.
1460 1743 1488 1794 p.
1498 1725 1547 1779 291
1563 1745 1637 1798 sqq..
1655 1727 1684 1780 tn
1702 1725 1827 1784 nectam.
1843 1725 1875 1782 Τ.
1890 1725 1925 1780 tt.
1938 1723 2051 1798 p.26!.‚
2068 1721 2099 1776 ia

70 1807 251 1878 excellere.
309 1805 380 1874 Sed
402 1827 481 1874 cum
507 1805 578 1875 iam
598 1819 690 1875 aetas
711 1806 955 1890 maturuisset,
981 1829 1061 1874 cum
1213 1792 1327 1848 ἕψω·
1340 1789 1375 1849 ¹¹·
1393 1811 1421 1864 p.
1433 1793 1495 1850 ²⁵⁷·
1519 1803 1545 1850 ²²
1564 1815 1608 1868 ⁸1²·
1626 1795 1930 1870 Richardtlt.p.651.

70 1911 139 1978 iam
175 1905 441 1978 lucubrationes
473 1899 686 1996 theologicas
719 1901 938 1992 inchoasset,
987 1930 1062 1976 non
1112 1953 1240 2022 Oratio
1268 1949 1315 2023 de
1339 1957 1420 2024 νῆα
1442 1951 1521 2026 dim·
1545 1955 1823 2051 Awmmg,
1848 1975 1976 2027 meme
1993 1957 2101 2044 gepa,

71 2011 227 2080 muttum
257 2026 361 2096 supra
391 2009 697 2098 quadragesimum
730 2033 863 2078 annum
897 2031 1063 2098 egressus,
1112 2049 1245 2124 habim
1287 2075 1312 2124 a
1347 2059 1487 2127 Ioanne
1524 2063 1678 2130 Saxone
1715 2059 1968 2144 Romam,
2013 2075 2101 2136 cum

70 2113 175 2180 10b¹¹⁸
194 2106 360 2180 h⁰m³¹¹5⁸
377 2123 635 2198 ⁰¹²¹¹¹9²¹¹⁵²⁵¹·
675 2109 786 2200 Spem
802 2112 897 2180 ‘⁰³¹⁰
916 2111 1062 2226 imf‘
1112 2159 1253 2226 iterum
1277 2155 1498 2230 decerneret
1518 2158 1739 2257 quibusdam
1758 2157 1925 2232 honestis
1947 2165 1986 2230 et
2011 2177 2101 2227 cru·

72 2213 133 2284 “U
151 2209 298 2328 infida
321 2211 491 2326 d⁰¹i³mm
517 2231 607 2296 ⁹⁵⁵e’
627 2235 711 2329 ‘hum
735 2212 892 2329 ¹⁰g⁰¹¹i¹¹⁸
909 2237 988 2330 ⁸⁰¹¹}
1007 2236 1063 2301 με
1114 2255 1206 2328 ditis
1236 2255 1431 2332 iuuenibus
1462 2263 1529 2332 Mu
1558 2266 1678 2334 istoria·
1715 2265 1872 2334 titulum
1927 2263 1970 2332 in
2001 2260 2101 2330 Aco-

72 2335 220 2384 sensrsse
246 2311 290 2383 <le
311 2305 476 2394 Christo,
501 2335 540 2380 ac
565 2314 679 2384 studra
694 2315 736 2382 ad
757 2315 904 2402 gloriam
919 2312 987 2383 Der
1001 2315 1064 2380 de·
1396 2285 1817 2461 demmilmtewyem·
1877 2313 1893 2352 ’

73 2416 243 2496 stinasse,
276 2425 311 2484 et
331 2403 453 2479 mores*
473 2412 580 2482 fuisse
602 2414 678 2504 pios
694 2428 729 2484 et
752 2409 918 2488 honestos
940 2415 1063 2484 audia-

74 2541 165 2586 mus,
219 2511 365 2585 Habetis
381 2507 565 2585 historiam
584 2516 676 2584 virae
694 2511 892 2606 Rodolphi‚
1111 2491 1238 2596 Video
1254 2529 1388 2576 morem
1407 2531 1479 2578 esse
1495 2503 1654 2594 scholae,
1679 2522 1721 2580 ut
1734 2506 1825 2580 mibi
1840 2509 1983 2602 quidem
2000 2507 2100 2576 vide-
2141 2537 2144 2544 ·

173 2614 281 2684 Nunc
303 2614 480 2706 reliquum
501 2627 585 2698 est„
604 2629 644 2684 ut
663 2616 745 2684 ,talis
772 2619 838 2684 viri
857 2617 1062 2686 memoriam
1112 2623 1190 2692 tur,
1223 2607 1328 2678 laude
1352 2609 1516 2699 dignum,
1549 2625 1590 2682 ut
1611 2610 1650 2680 in
1673 2605 1731 2680 his
1753 2610 1997 2702 congressibus
2013 2609 2101 2678 alias

74 2719 162 2806 grati
186 2716 412 2787 conservetis.
460 2711 630 2804 Cogitetis
647 2730 817 2808 quantum
835 2715 1063 2788 leseritorna-
1113 2712 1157 2780 dc
1177 2709 1307 2778 artium
1334 2723 1397 2780 aut
1424 2712 1594 2782 virtutum
1623 2713 1795 2801 dignitate
1825 2713 1983 2796 dicatur,
2014 2711 2102 2780 alias

74 2833 233 2888 mentum
252 2814 484 2898 Germaniae,
503 2841 609 2908 quarn
626 2817 716 2886 bene
730 2821 774 2888 de
788 2819 900 2891 literis
920 2821 1064 2888 meritus
1112 2807 1281 2882 historiae
1296 2811 1470 2882 clarorum
1487 2813 1645 2883 virorum
1660 2815 1874 2896 recitentur»
1899 2836 1989 2908 <1⁰³0
2004 2811 2100 2882 ¹⁰⁰¹·
2172 2809 2178 2820 ’

75 2922 128 2992 sit.
187 2917 331 2988 Primus
349 2917 447 3014 enim
471 2917 509 2986 in
533 2915 724 2988 Germania
748 2923 933 2990 emendare
956 2943 1065 3010 genus
1113 2928 1148 2984 ta
1163 2928 1313 2984 monent
1333 2913 1551 2988 iuventutem
1568 2915 1623 2984 vel
1646 2917 1690 2985 de
1705 2917 1834 2985 studiis
1851 2915 1908 2986 vel
1927 2916 1971 2983 de
1986 2912 2100 2982 mori-

75 3019 247 3090 sermonis
272 3018 407 3108 coepit,
441 3031 474 3087 et
497 3020 656 3088 accendit
679 3020 827 3091 Latinae
850 3036 883 3092 et
910 3019 1065 3092 Graecae
1114 3020 1190 3086 bus.
1243 3011 1332 3085 Cum
1354 3029 1470 3085 autem
1494 3017 1538 3084 tle
1558 3016 1694 3086 artibus
1708 3017 1770 3086 alii
1785 3041 1887 3108 saepe
1903 3015 2103 3086 luculenter

75 3124 217 3210 linguae
240 3119 373 3188 studia:
408 3143 516 3210 quare
540 3120 574 3189 ei
600 3120 793 3210 plurimum
815 3148 935 3192 omnes
957 3125 1064 3192 debe·
1113 3115 1284 3196 dixerint,
1312 3139 1463 3208 quorum
1480 3119 1746 3188 cumcitoratio
1763 3119 1904 3190 subtilis
1919 3130 1953 3188 et
1968 3129 2102 3206 arguta,

75 3246 164 3294 mus.
243 3217 632 3316 Adolescentespetiam
665 3223 741 3292 eius
774 3225 948 3293 admoniti
989 3238 1064 3293 tum
1113 3218 1223 3305 magis
1245 3217 1373 3286 idonea
1399 3219 1543 3288 catillis
1566 3220 1740 3306 materiis,
1769 3245 1875 3314 quam
1898 3243 1995 3304 mea,
2019 3242 2101 3288 rur-

77 3322 244 3412 exemplis
265 3333 340 3390 tum
361 3320 482 3404 dictis,
515 3323 725 3412 prudentius
753 3326 798 3392 de
820 3327 947 3395 studiis
970 3325 1065 3394 iudi·
1113 3343 1172 3390 sus
1186 3319 1298 3405 delegi
1311 3315 1514 3404 historiam,
1541 3345 1615 3390 non
1632 3329 1673 3390 eo
1688 3335 1843 3408 tantum,
1869 3323 1964 3416 quod
1982 3331 2100 3390 exem-

77 3449 152 3494 care
177 3423 317 3492 discant
337 3433 372 3492 et
393 3421 504 3511 ipsius
525 3424 710 3492 imitenlur
724 3425 944 3514 diligentiam
964 3441 996 3496 et
1009 3451 1064 3494 se·
1113 3422 1173 3514 pla
1195 3422 1359 3510 prodesse
1380 3419 1556 3492 iuventuti
1579 3435 1715 3503 statuo,
1745 3423 1926 3492 sedetiam
1940 3423 1987 3490 ob
2009 3416 2101 3490 hanc

78 3525 282 3602 dulitatem‚
306 3547 373 3614 qua
390 3523 646 3592 infirmioribus
661 3525 812 3613 ingeniis
827 3529 939 3596 multo
957 3528 1066 3614 magis
1114 3545 1271 3604 causam,
1303 3522 1399 3613 quod
1420 3515 1488 3590 hoc
1510 3527 1620 3612 genus
1643 3525 1889 3593 narrationum
1913 3517 2003 3592 mihi
2019 3523 2101 3614 qui-

79 3651 164 3718 opus
190 3638 259 3706 est,
288 3647 393 3715 quam
409 3624 479 3694 illis
502 3619 653 3695 heroicis
674 3628 827 3712 naturis,
853 3629 1001 3721 quibus,
1026 3640 1065 3698 ut
1114 3626 1194 3692 dem
1209 3635 1324 3692 texere
1347 3621 1486 3692 facilius
1509 3637 1579 3705 est,
1606 3649 1713 3718 quam
1730 3625 1810 3694 illas
1828 3638 1966 3714 argutas
1982 3625 2026 3692 de
2041 3647 2101 3692 ar·

79 3728 125 3798 ita
150 3727 286 3810 dicam,
319 3726 430 3796 multa
457 3727 672 3816 proveniunt
702 3721 903 3823 ἀνήροτα..
935 3727 1065 3798 Consi·
1114 3727 1209 3796 tibus
1226 3722 1490 3815 disputationes.
1541 3723 1594 3795 Ac
1611 3751 1666 3794 me
1682 3751 1796 3818 nuper
1810 3727 1885 3796 dies
1900 3721 2101 3815 Augustino

80 3829 166 3898 lium
182 3827 288 3896 etiam
305 3827 416 3916 ipsius
431 3826 469 3894 in
488 3829 614 3896 studiis
636 3826 875 3911 considerare,
901 3833 996 3925 quod
1013 3830 1066 3898 vi·
1114 3827 1269 3910 dicatus,
1309 3826 1520 3916 cogitantem
1548 3829 1592 3896 de
1622 3827 1733 3919 ipsius
1753 3828 1914 3918 ingenio,
1955 3828 2102 3926 pietate,
2157 3913 2160 3920 1

80 3930 204 4000 delicet
220 3951 294 3996 non
311 3927 458 3996 divulsit
471 3942 562 3998 artes
578 3943 703 4000 natura
726 3933 922 4023 copulatas,
948 3956 1066 4001 rerum
1114 3927 1272 4018 scriptis,
1298 3927 1502 4012 admonuit,
1529 3931 1572 3998 de
1595 3929 1672 4019 ipso
1688 3944 1728 4000 ut
1745 3931 1895 3999 maxime
1912 3928 2102 3998 dicendum

80 4031 277 4100 doctrinam
303 4041 335 4096 et
358 4029 614 4119 eloquentiam,
644 4032 759 4102 sedin
777 4048 928 4126 utroque
942 4056 1067 4122 genere
1115 4043 1284 4122 putarem.
1345 4023 1490 4120 Opinor
1519 4053 1641 4098 omnes
1674 4030 1751 4120 pios
1772 4032 1905 4123 ubique
1928 4044 2102 4099 terrarum

79 4154 211 4201 summa
227 4129 339 4198 animi
353 4143 457 4222 atque
472 4131 605 4220 ingenii
622 4134 848 4204 contentione
865 4133 1068 4216 elaboravit,
1115 4127 1222 4200 huius
1255 4129 1325 4197 viri
1358 4131 1601 4199 recordatione
1633 4131 1809 4202 delectari.
1879 4131 1948 4204 Sed
1975 4131 2015 4198 in
2037 4127 2133 4204 hac.

79 4235 171 4327 quod
206 4245 247 4301 ut
279 4253 343 4298 vos
369 4255 510 4323 quoque
529 4232 681 4318 faciatis,
713 4250 884 4327 quantum
914 4258 1067 4326 possum,
1114 4227 1234 4302 schola
1256 4229 1441 4321 praecipue
1459 4247 1591 4320 gratam
1614 4232 1688 4302 eius
1706 4233 1921 4303 mentionem
1945 4257 2017 4301 esse
2040 4233 2103 4300 de-

79 4357 198 4404 omnes
222 4326 404 4402 adhortor.
462 4329 510 4403 Et
538 4332 576 4402 in
599 4329 666 4404 hoc
692 4333 851 4408 instituta
876 4353 959 4408 sunt
983 4331 1066 4406 haec
1116 4347 1186 4417 cet,
1211 4331 1249 4400 in
1270 4357 1339 4426 qua
1359 4327 1579 4419 Augustinus
1594 4335 1694 4426 quasi
1714 4349 1856 4404 renatus
1878 4349 1947 4414 est,
1973 4347 2008 4402 et
2027 4334 2102 4402 eius

80 4431 285 4506 scholastica
309 4433 491 4518 exercitia,
521 4436 614 4506 utin
629 4451 780 4529 utroque
804 4461 929 4528 genere
946 4437 1067 4506 elabo-
1114 4434 1294 4519 doctrina,
1318 4457 1410 4528 quae
1428 4433 1535 4504 iacuit
1558 4437 1685 4504 obruta
1703 4436 1922 4506 densissimis
1937 4433 2104 4520 tenebris,

78 4562 217 4622 remus,
243 4537 338 4626 quod
362 4535 503 4626 quidem
519 4561 560 4606 eo
578 4537 778 4607 laciendum
796 4553 865 4624 est,
891 4553 930 4610 ut
944 4535 1066 4608 Eccle-
1114 4561 1188 4606 non
1210 4535 1325 4605 solum
1342 4535 1503 4606 restituta
1518 4549 1586 4619 est,
1612 4539 1672 4606 sed
1697 4538 1802 4608 etiam
1818 4539 1941 4606 lumen
1955 4537 2104 4628 accepit:
2227 4609 2229 4617 Α

77 4639 146 4708 siae
161 4663 203 4707 ac
216 4634 373 4724 Reipub.
394 4637 476 4706 usui
498 4661 571 4708 esse
586 4640 772 4730 possimus.
822 4639 912 4712 Nam
929 4663 1065 4710 necro-
1114 4661 1296 4730 quaecum
1313 4637 1562 4708 sitnecessaria
1579 4633 1773 4723 Ecclesiae,
1798 4635 2104 4729 meritoAugusti·

77 4763 154 4810 rum
170 4737 327 4825 cognitio
345 4751 438 4807 recte
460 4741 656 4830 comparari
672 4754 784 4830 potest
804 4741 881 4812 sine
896 4742 1066 4813 exercita·
1113 4764 1200 4809 num
1216 4763 1335 4808 amare
1350 4741 1535 4824 debemus,
1558 4741 1621 4832 qui
1636 4742 1819 4812 coelestem
1836 4743 1941 4811 illum
1961 4737 2105 4812 thesau-

77 4843 172 4911 tione
191 4839 353 4922 dicendi,
379 4861 444 4907 nec
458 4841 617 4911 destituti
634 4843 758 4926 rebus,
786 4841 906 4914 idonei
921 4845 1064 4914 suntad
1113 4866 1191 4911 rum
1208 4842 1394 4932 praecipue
1410 4843 1641 4914 conservavit.
1685 4839 1733 4911 Et
1750 4838 1917 4930 nonnihil
1935 4837 2105 4912 historiae

79 4943 164 5012 seria
188 4939 334 5030 negocia
356 4939 573 5030 explicanda.
623 4941 754 5028 Porro,
779 4943 808 5012 si
826 4945 980 5016 osticium
999 4969 1067 5020 no·
1113 4943 1266 5032 cognitio
1288 4943 1459 5014 momenti
1483 4944 1616 5026 adlert,
1642 4944 2106 5032 adintelligendascoutro-

79 5059 186 5114 strum
209 5042 399 5130 diligenter
422 5041 627 5124 fecerimus,
661 5041 758 5116 Deus
788 5047 893 5116 etiam
924 5047 1064 5116 ornabit
1113 5045 1260 5130 versiae,
1286 5069 1378 5138 quae
1393 5046 1439 5114 ab
1455 5067 1496 5112 eo
1513 5056 1715 5116 tractantur.
1766 5045 1859 5116 siin
1877 5046 2008 5115 talibus
2023 5069 2103 5136 spe·
2184 5133 2187 5138 Ι
2282 5069 2285 5076 ’

79 5169 140 5213 nos
174 5141 355 5235 praemiis:
404 5158 443 5214 ut
471 5141 664 5230 Ecclesias,
697 5147 745 5217 ita
782 5143 939 5234 scholas,
974 5172 1064 5242 quae
1113 5147 1255 5216 rtaculis
1284 5171 1364 5216 cum
1388 5147 1539 5239 quadam
1566 5146 1823 5236 approbatione
1848 5145 1991 5217 auditae
2020 5161 2103 5219 sunt

81 5261 157 5316 sunt
172 5244 360 5337 praecipua
370 5240 909 5360 parsEcclesiae,mnqervabit,
926 5265 1060 5321 etramsr
1112 5241 1281 5318 historiae
1314 5247 1475 5318 Platonis
1507 5259 1541 5318 et
1574 5241 1793 5331 Aristotelis,
1813 5263 1963 5341 ,quanto
1991 5249 2105 5338 magis

79 5349 303 5440 negliguntur
315 5345 361 5416 ab
375 5345 438 5433 iis,
461 5348 523 5440 qui
536 5365 726 5442 praesunt,
749 5352 964 5448 quiquidem
980 5353 1061 5422 lon·
1111 5352 1277 5432 convenit
1290 5349 1408 5422 lasere
1421 5349 1662 5421 adserentibus
1674 5349 1910 5443 pia-crempla
1926 5352 2105 5442 guberna-
