4760 5826
165 327 168 338 Ι
213 229 274 308 ,7
359 226 363 232 .
748 219 947 300 'occu
981 221 1057 300 uu
1088 221 1517 302 uaxruusauo
1549 221 1709 324 caus.
2037 242 2040 250 ·
2203 239 2256 324 st

158 473 166 484 ,
225 397 414 496 ιιίαςΐαῑαε
440 415 530 486 quae
552 389 583 461 si
605 387 749 484 mando
771 413 930 484 unquam
947 391 1122 462 sensimus
1144 393 1209 464 ad·
1262 389 1331 464 boc
1347 391 1501 468 salutare
1517 415 1660 490 carmen
1676 393 1715 464 in
1729 391 1811 466 imis
1824 395 2008 473 eonditum
2025 401 2170 478 sedibus
2194 429 2259 498 pe·

227 524 348 582 versa,
377 519 474 566 nunc
495 507 588 564 certe
609 492 761 562 maxime
780 493 964 565 sentimus.
1022 491 1143 587 Atque
1167 507 1209 566 ut
1263 495 1390 581 ctoris,
1415 495 1527 566 sicin
1550 495 1684 578 oculis,
1718 495 1769 568 sic
1790 497 1830 568 io
1854 524 1917 570 ore
1938 527 2094 595 semper,
2113 519 2154 578 ut
2174 506 2259 578 uni-

227 597 431 689 intelligatis
444 596 570 694 merito
586 596 781 684 lugendum
799 617 872 665 esse
893 608 929 666 et
943 592 1100 666 Caesaris
1116 597 1211 667 inte·
1264 621 1386 668 versae
1400 596 1493 670 vitae
1514 598 1764 690 transigendae
1779 623 1925 694 scopum
1949 600 2073 678 habet:
2098 604 2258 696 Domino

228 708 358 787 ritum,
384 713 418 769 et
429 718 572 789 gravem
588 697 722 788 patriae
739 719 877 783 casum,
904 695 1020 769 obiter
1037 696 1146 770 vitam
1166 699 1213 767 il·
1265 700 1399 792 gloria,
1432 695 1524 769 mibi
1554 714 1672 772 autem
1705 702 1881 776 confusio.
1949 705 2133 802 Scythicos
2155 711 2260 785 aiunt

228 810 301 882 lius
313 824 519 879 unversam,
532 845 535 860 ·
546 813 580 869 et
596 797 723 868 eximia
739 800 866 868 decora
885 821 1100 890 percurram.
1265 825 1375 896 equos
1389 801 1508 874 statim
1524 815 1563 872 ut
1580 802 1654 874 uati
1671 817 1776 890 sunt,
1801 805 1885 900 quia
1903 808 2049 880 calceari
2070 812 2165 884 ferro
2180 835 2260 885 non

331 903 445 977 Divus
461 895 762 976 Maximifianus
782 897 912 970 Caesar
929 911 1033 971 natus
1049 915 1102 972 est
1115 913 1214 992 patre
1266 899 1401 990 solent,
1425 904 1464 972 in
1489 903 1643 974 salebras
1658 904 1760 992 duci,
1786 921 1821 976 ct
1841 931 1966 1000 aspero
1989 912 2088 982 silice
2107 914 2261 1004 fatigari,

230 999 1215 1094 FridericoAustrio,Caesare,LeoooraLusitana,utro-
1266 1031 1337 1100 quo
1360 1005 1590 1078 indurescant
1613 1007 1796 1100 pullorum
1817 1004 1935 1083 adhuc
1950 1018 2073 1102 pedes:
2103 1012 2155 1084 lta
2171 1040 2260 1088 con-

232 1137 300 1210 que
324 1119 470 1204 parente
494 1105 625 1195 insigni
655 1105 841 1175 clementia
874 1119 909 1176 et
936 1105 1084 1198 pietate:
1124 1127 1215 1197 quae
1268 1107 1366 1180 ducit
1382 1107 1644 1198 adulescentem
1665 1103 1846 1182 hominem
1869 1113 1988 1184 statim
2012 1117 2175 1186 fortunae
2200 1119 2261 1188 lu-

232 1235 436 1312 quanquam
454 1209 525 1279 sint
542 1205 696 1278 Austriis
718 1231 781 1276 ceu
797 1207 998 1296 gentiliciae
1015 1211 1136 1288 dotes,
1161 1219 1216 1276 ta·
1268 1209 1386 1280 dibrio
1407 1203 1701 1304 βασανίζεσθαι,
1727 1212 1780 1282 uti
1796 1213 1924 1294 discat,
1947 1231 2122 1308 quatenus
2134 1219 2194 1288 illa
2213 1218 2261 1292 sit

232 1341 315 1390 men
330 1317 417 1384 adeo
433 1311 471 1381 in
487 1326 606 1403 patre,
631 1307 895 1380 utdeLeooora
912 1309 1055 1380 interim
1071 1304 1218 1393 taceam,
1270 1313 1472 1396 fidendum,
1498 1335 1604 1406 quam
1621 1313 1694 1384 sint
1708 1313 1827 1386 omnia
1848 1313 1887 1388 iu
1905 1310 1975 1388 hoc
1990 1343 2108 1390 rerum
2132 1315 2263 1392 burna-

234 1419 492 1499 excelluerunt,
517 1415 779 1505 fulseruntque:
807 1425 848 1482 ot
864 1412 1023 1504 quicum
1046 1411 1124 1502 ipso
1150 1405 1218 1480 bac
1269 1438 1397 1484 narum
1421 1407 1560 1484 theatro
1583 1413 1740 1502 incerta,
1764 1415 1880 1504 varia,
1906 1431 1941 1488 et
1962 1421 2085 1510 plane,
2112 1436 2151 1492 ut
2173 1405 2263 1514 pati-f

233 1521 340 1594 laude
355 1517 578 1608 superiorum
593 1527 745 1584 aetatum
759 1513 936 1604 principes
951 1527 1218 1606 comparaturus
1270 1517 1320 1586 cis
1334 1515 1467 1599 dicam,
1492 1509 1598 1590 nihil.
1649 1513 1691 1586 ln
1706 1511 1803 1588 hunc
1820 1519 1985 1592 videlicet
2005 1527 2151 1594 modum
2169 1525 2263 1594 adu-

234 1623 297 1706 sit,
322 1621 485 1691 videatur
500 1617 659 1686 invidere
674 1615 791 1684 seculo
813 1629 935 1686 nostro
957 1615 1134 1710 singulare
1150 1609 1219 1684 hoc
1271 1617 1416 1688 lescenti
1447 1615 1696 1688 Maximiliano
1726 1619 1875 1712 contigit
1899 1623 2063 1710 fortuna,
2103 1626 2263 1698 victoriis

233 1723 432 1822 specimen,
454 1719 554 1790 culus
567 1717 626 1788 vix
643 1718 806 1787 umbram
821 1717 976 1811 aliquam
994 1713 1128 1788 habent
1143 1739 1220 1784 ma·
1271 1719 1407 1812 aliquot
1420 1717 1563 1788 interim
1579 1717 1687 1805 laeta,
1713 1720 1857 1792 interim
1873 1725 2018 1794 adverso
2038 1749 2121 1798 casu
2137 1727 2262 1809 tristis,

234 1829 343 1901 iores:
369 1835 507 1896 tanturn
530 1822 645 1906 abest,
665 1832 707 1890 ut
729 1826 896 1912 aequasse
916 1832 1098 1911 putentur.
1150 1815 1220 1888 Pa·
1271 1818 1425 1914 Etenim„
1435 1833 1602 1912 occupata
1617 1816 1847 1912 Burgundiae
1867 1827 2135 1915 opulentissima
2159 1830 2263 1912 ditio,

234 1930 314 2004 triis
339 1927 532 1997 virtutibus
563 1923 766 1992 adolescens
797 1921 973 2007 imbutus,
1003 1945 1068 2012 per
1099 1918 1218 1990 omnia
1272 1948 1352 1994 cum
1370 1921 1580 2016 aliquandiu
1598 1921 1763 1994 civilibus
1779 1925 1944 2018 flagraret
1959 1929 2070 2010 odiis,
2097 1930 2264 2002 iuvenem

234 2027 436 2122 religionis,
453 2025 556 2108 fidei,
570 2023 700 2108 sancti,
726 2022 831 2114 aequi
850 2023 1005 2116 bonique
1023 2037 1126 2094 tenax
1142 2021 1220 2106 fuit,
1273 2023 1475 2115 Principem
1499 2025 1590 2094 forte
1616 2021 1816 2117 intercipit,
1845 2029 2033 2120 ,captivum
2057 2031 2097 2102 in
2119 2032 2265 2104 vincula

235 2135 297 2206 sed
320 2130 503 2224 aliquanto
527 2125 660 2218 gloriae
679 2123 845 2194 militaris
868 2123 1060 2218 cupiditate
1083 2123 1227 2216 patrem'
1272 2126 1430 2196 coniicit:
1454 2126 1562 2222 idque
1584 2150 1658 2196 uon
1682 2129 1790 2200 modo
1813 2144 1952 2220 praeter
1974 2133 2180 2222 dignitatem
2206 2159 2265 2204 re·

235 2237 340 2319 vicit,
364 2253 434 2326 qua
449 2231 580 2302 factum
600 2243 667 2313 est,
690 2240 729 2298 ut
744 2251 824 2298 cum
840 2226 942 2296 illum
962 2250 1141 2296 summum
1165 2223 1221 2294 vi·
1273 2229 1386 2320 giam,
1412 2229 1473 2296 sed
1497 2229 1646 2298 omnino
1671 2243 1793 2298 contra
1817 2243 1966 2302 naturae
1992 2257 2154 2320 sensum,
2176 2260 2266 2306 conv
2311 2303 2317 2314 ,

236 2361 317 2410 rum
338 2333 474 2410 artibus
490 2331 584 2422 pacis
602 2329 778 2422 praedicet
793 2325 1006 2419 Germania,
1032 2323 1128 2398 hunc
1146 2350 1220 2396 non
1272 2346 1325 2400 tra
1350 2331 1402 2397 fas
1421 2324 1608 2406 bominum
1619 2378 1632 2414 ,
1658 2344 1780 2400 contra
1812 2332 1970 2420 gentium
1999 2360 2133 2406 morem
2161 2360 2264 2408 ausa:

236 2437 347 2533 possit
361 2450 394 2506 et
408 2433 544 2504 bellicis
560 2446 594 2502 et
609 2429 773 2502 civilibus
783 2431 919 2502 decoris
935 2429 1078 2498 maximi
1094 2429 1219 2500 facere.
1273 2455 1388 2524 neque
1412 2424 1468 2500 bis
1493 2442 1679 2520 contenta,
1705 2431 1806 2502 addit
1822 2431 2044 2522 Marionem,
2070 2439 2132 2532 qui
2151 2439 2265 2530 capti.

237 2539 473 2636 Tyrocinium
492 2534 563 2625 egit
582 2533 743 2604 maximis
766 2533 933 2602 confectis
950 2531 1056 2602 rebus
1082 2531 1121 2600 io
1138 2527 1222 2600 Fu-
1273 2555 1338 2604 vus
1360 2529 1520 2638 Regulus
1542 2531 1701 2628 quotidie
1731 2533 1839 2604 ludos
1869 2549 1968 2608 esset.
2031 2535 2266 2632 Oquautum

237 2642 387 2733 mingis,
405 2632 655 2719 Brabantinis,
678 2631 887 2716 Hollandis,
913 2631 1140 2717 Sucambris,
1164 2629 1223 2702 id·
1274 2633 1462 2724 flagitium,
1493 2659 1515 2704 o
1541 2633 1741 2704 inauditum
1766 2637 1898 2708 nostris
1915 2633 2122 2712 bominibus
2138 2642 2266 2729 scelus,

238 2768 308 2844 que
329 2743 417 2827 tale,
442 2753 482 2810 ut
507 2738 547 2808 in
571 2761 612 2806 eo
636 2748 822 2828 utramque
849 2737 1014 2807 fortunae
1040 2735 1152 2804 vicem
1176 2731 1222 2805 sit
1275 2737 1532 2806 adulescentem
1554 2731 1688 2826 Regem
1710 2750 1763 2808 tot
1782 2738 1962 2831 imperiis,
1987 2754 2043 2812 tot
2065 2743 2183 2834 reguis
2201 2744 2267 2814 de»

238 2827 419 2938 expertus:
444 2841 495 2912 sic
516 2840 612 2910 enim
636 2837 821 2928 oportebat
846 2837 1104 2910 adolescentem
1126 2859 1224 2904 sum·
1274 2837 1463 2922 stinatum,
1489 2849 1561 2908 tam
1580 2837 1732 2930 turpiter
1745 2835 1882 2916 baberi.
1919 2841 1988 2914 Sed
2006 2844 2188 2916 voluntate
2203 2867 2265 2926 suf

238 2950 307 3021 mis
333 2960 456 3019 natum
483 2943 609 3022 rebus,
643 2963 852 3034 summoque
883 2939 1035 3031 imperio
1069 2937 1223 3028 gerendo
1274 2965 1397 3034 perum
1412 2931 1510 3008 baud
1526 2940 1639 3009 multo
1657 2955 1735 3032 post
1751 2943 1956 3034 proceribus
1973 2943 2187 3018 Germaniae
2202 2949 2266 3016 dc-

238 3047 389 3126 velutin
403 3047 536 3130 stadio,
560 3044 599 3115 in
619 3065 723 3112 cursu
740 3066 859 3114 rerum
883 3035 1120 3111 humanarum
1143 3063 1225 3108 eru·
1276 3039 1503 3133 poscentibus
1524 3039 1703 3128 redditos,
1734 3067 1884 3135 poenam
1914 3049 1959 3115 de
1987 3047 2267 3120 sceleratissimis

239 3151 321 3223 diri.
373 3145 517 3220 Etenim
534 3169 615 3216 cum
633 3143 671 3214 in
695 3142 843 3234 privatis
865 3143 1017 3234 ingeniis
1039 3143 1083 3210 ad
1107 3139 1223 3240 civili·
1275 3141 1542 3232 Flamingorum
1558 3143 1699 3234 populis
1716 3145 1882 3238 sumpsit:
1908 3171 1984 3218 non
2001 3163 2172 3242 quantum
2196 3149 2267 3227 tale

239 3268 347 3324 tatem
370 3249 672 3340 erudiendamquc
689 3245 796 3314 vitam
815 3245 991 3338 pertinere
1007 3243 1225 3314 arbitrentur
1276 3246 1480 3316 merebatur
1501 3243 1656 3331 facinus,
1688 3249 1750 3316 sed
1773 3271 1863 3340 quae
1890 3249 2073 3341 improbos
2101 3245 2267 3322 homines

239 3355 427 3448 utriusque
443 3352 606 3421 fortunae
623 3345 840 3439 periculum,
864 3349 960 3441 quod
983 3340 1069 3434 baec
1091 3358 1225 3414 atroces
1276 3345 1401 3437 flagitii
1417 3347 1641 3418 admoneret:
1668 3371 1751 3416 nam
1770 3363 1804 3418 et
1818 3348 1855 3418 in
1870 3352 2017 3440 gratiam
2035 3365 2154 3444 postca
2167 3375 2268 3424 rece-

240 3459 332 3542 fere,
353 3455 414 3524 illa
435 3451 589 3522 abiectos
603 3451 708 3520 faciat
729 3449 885 3534 animos,
911 3445 1117 3518 vicissitudo
1142 3468 1225 3514 cau·
1279 3449 1331 3540 pit
1347 3445 1521 3538 perfidos,
1548 3461 1582 3518 et
1595 3473 1686 3540 quae
1703 3449 1787 3520 belli
1806 3451 1940 3544 impetu
1954 3455 2114 3546 perculsa
2129 3468 2163 3526 et
2178 3477 2267 3526 con·

240 3574 295 3632 tos
311 3571 346 3629 ct
362 3576 537 3626 memores
552 3548 729 3622 humanae
746 3550 868 3636 sortis,
892 3551 931 3620 in
945 3547 1042 3640 Rege
1056 3547 1222 3644 imbuen-
1277 3551 1418 3622 turbata
1453 3549 1639 3634 iacebant,
1667 3553 1852 3642 magnifice
1878 3555 2006 3638 erexit,
2042 3555 2268 3642 instauravit,

242 3663 289 3732 do
305 3661 410 3750 longe
431 3657 586 3750 primum
603 3653 685 3723 duci
706 3655 811 3724 debet
834 3653 1039 3742 ambiguum
1062 3649 1225 3720 fortunae
1277 3652 1458 3746 auxitque.
1522 3649 1664 3720 Possem
1699 3676 1995 3742 commemorare,
2029 3683 2119 3753 quae
2149 3659 2186 3728 in
2221 3682 2265 3728 co

240 3761 503 3844 rudimentum,
529 3757 626 3850 quod
645 3753 823 3824 neminem
838 3765 909 3824 tam
926 3754 1054 3822 referat
1077 3774 1133 3820 res
1156 3747 1226 3820 bu·
1277 3755 1371 3824 bello
1385 3765 1479 3842 gesta
1504 3765 1588 3822 sunt
1603 3753 1771 3848 pleraque
1793 3755 1996 3830 incredibili
2011 3761 2268 3846 moderatione,

241 3885 364 3934 manas
398 3880 521 3932 omnes
555 3869 771 3948 compertas,
809 3855 1063 3946 meditatasque
1096 3866 1227 3936 tenere,
1278 3868 1318 3926 ut
1341 3879 1414 3924 non
1435 3866 1508 3924 tam
1526 3851 1844 3947 quodFlamiugos
1865 3861 2009 3946 vicerit,
2035 3886 2141 3956 quam
2166 3863 2266 3956 quod

242 3989 350 4060 quant
374 3962 588 4052 Principem.
641 3953 936 4052 lnbocUlyssen
961 3955 1099 4046 sapiens
1119 3951 1225 4025 Poeta
1278 3957 1395 4049 ipsum
1412 3975 1485 4024 sese
1501 3955 1696 4046 superarit,
1723 3957 1863 4030 laudari
1878 3963 2020 4049 debeat,
2045 3964 2085 4034 ni
2108 3967 2192 4035 satis
2207 3989 2268 4034 ea-

241 4059 422 4144 Homerus
443 4055 678 4158 πολύφατον
698 4059 799 4142 fecit,
843 4073 947 4153 atque
970 4059 1058 4126 adeo
1080 4053 1225 4126 unicum
1280 4061 1361 4130 dein
1396 4071 1576 4149 perspecta
1610 4070 1725 4128 essent
1754 4061 1877 4148 vobis,
1911 4065 2042 4159 quibus
2077 4067 2154 4136 eius
2179 4065 2268 4136 belli

242 4168 330 4240 boni
351 4165 527 4260 Principis
552 4161 738 4252 exemplar.
790 4155 909 4256 Atque
930 4173 969 4230 ut
988 4159 1150 4233 videmus
1169 4157 1228 4226 lu·
1278 4158 1371 4244 Dux,
1384 4159 1486 4230 fortis
1501 4159 1645 4254 quidem
1661 4159 1730 4248 vir,
1746 4177 1781 4234 et
1796 4164 1943 4237 minime
1957 4167 2142 4246 barbarus,
2156 4165 2271 4252 Prin·¹

242 4269 424 4342 sociantes
446 4268 600 4359 primum
628 4278 758 4355 segetes
778 4287 859 4334 raro
881 4261 1017 4352 frugem
1033 4273 1226 4330 maturare:
1279 4285 1359 4354 ceps
1382 4260 1557 4333 Saxoniae
1584 4259 1755 4334 Albertus
1778 4289 1851 4336 non
1877 4268 2071 4359 ignoratur·
2125 4267 2199 4354 lam
2227 4269 2267 4342 iu

242 4372 292 4444 ita
311 4371 442 4466 quibus
461 4367 650 4440 immodica
676 4364 831 4458 primum
853 4387 926 4434 sese
948 4363 1089 4434 fortuna
1106 4359 1227 4430 indul·
1279 4363 1357 4458 ipso
1373 4360 1521 4436 Caesare
1544 4379 1791 4454 argumentum
1813 4367 1967 4459 ingentis
1988 4383 2023 4442 et
2045 4371 2170 4442 invicti
2187 4371 2267 4442 ani·

243 4471 307 4554 sit,
332 4474 405 4544 fere
428 4470 561 4562 optima
583 4466 675 4538 vitae
697 4481 794 4559 parte
820 4465 934 4536 solent
954 4462 1128 4535 frustrari.
1178 4457 1227 4534 Et
1280 4465 1333 4566 mi
1363 4465 1586 4557 perspicuum
1621 4479 1715 4552 erat,
1756 4483 1791 4539 et
1825 4469 2025 4542 immortale
2060 4474 2268 4544 clementiae

242 4573 389 4650 nisime
411 4571 504 4644 fallit
525 4569 649 4663 opinio
669 4593 764 4653 mea,
798 4567 898 4638 nulla
923 4563 1072 4638 omnino
1094 4587 1151 4634 res
1177 4579 1227 4636 est
1279 4567 1501 4660 exemplum,
1527 4567 1590 4662 qui
1615 4567 1683 4639 sibi
1706 4591 1727 4640 a
1747 4581 1819 4640 tam
1843 4573 2028 4656 insolenti,
2055 4570 2266 4655 inhumano,

242 4679 330 4750 adeo
347 4677 467 4748 efficax
483 4674 528 4743 ad
549 4671 782 4742 muniendum
800 4669 1042 4762 tuendumque
1065 4665 1105 4740 in
1125 4690 1227 4736 exor-
1281 4683 1315 4738 et
1349 4667 1487 4740 crudeli
1519 4662 1636 4760 hoste,
1681 4671 1770 4740 adeo
1806 4665 2010 4746 humaniter
2045 4677 2267 4770 temperavit,

242 4777 311 4852 diis
327 4776 421 4848 vitae
437 4771 593 4846 bominis
615 4771 794 4857 animum,
818 4785 859 4842 ut
875 4769 1020 4864 iniquae
1045 4781 1078 4839 et
1100 4767 1228 4840 incon·
1281 4769 1388 4860 Quod
1409 4771 1636 4861 praeconium
1652 4785 1691 4842 ut
1707 4795 1787 4842 curn
1803 4776 1925 4866 paucis
1945 4801 2133 4852 commuue
2160 4773 2270 4850 habet

242 4879 381 4954 ciliatae
396 4879 558 4948 fortunae
574 4872 820 4970 praeludium,
842 4898 952 4967 quum
965 4872 1005 4944 in
1024 4869 1141 4964 primo
1157 4869 1227 4941 sci·
1279 4869 1376 4967 (quis
1399 4887 1451 4943 est
1480 4872 1575 4942 enim
1596 4871 1660 4966 qui
1690 4873 1806 4944 talem·
1822 4901 1980 4972 unquam
2014 4881 2061 4951 sit
2082 4903 2270 4973 perpessus

241 4982 326 5054 licet
347 4979 439 5052 vitae
454 4975 646 5062 vestibulo,
668 4971 831 5068 imperita
848 4971 1090 5046 communium
1107 4995 1227 5042 rerum
1280 4970 1459 5065 hosteml)
1487 4973 1533 5043 ita
1549 4973 1767 5066 praedicari,
1784 4977 1951 5050 omnibus
1972 4983 2148 5054 bonorum
2172 4983 2271 5054 voci-

241 5077 496 5165 adule'scentia,
523 5079 613 5149 male
638 5102 781 5172 compos
802 5076 876 5160 sui,
907 5077 1047 5166 impura
1072 5086 1106 5143 et
1131 5069 1228 5144 inso-
1281 5077 1368 5160 bus,
1403 5073 1571 5152 omuibus
1600 5075 1772 5148 celebrari
1795 5080 1910 5152 literis
1934 5083 2053 5169 debet,
2085 5098 2124 5156 ot
2149 5085 2271 5180 aliqua

241 5186 321 5256 lens
341 5183 521 5268 eruditur,
552 5181 688 5271 agitur,
721 5194 755 5250 et
780 5177 892 5250 veluti
914 5191 1035 5269 putata
1057 5174 1097 5248 in
1124 5199 1226 5246 usum
1280 5177 1403 5248 saltem
1419 5181 1461 5248 ex
1475 5190 1574 5268 parte
1587 5189 1704 5249 tantae
1720 5181 1844 5254 virtuti
1860 5186 2077 5276 praemium,
2101 5187 2215 5277 gloria
2229 5188 2270 5258 in

241 5285 334 5360 vitae
361 5285 522 5380 lingitur:
556 5281 744 5376 statimque
768 5275 922 5350 bumana
948 5275 1080 5362 odisse,
1106 5275 1228 5348 libatis
1282 5279 1431 5370 posteris
1446 5279 1633 5370 persolvat.
1684 5279 1766 5353 Non
1784 5301 1836 5358 est
1850 5299 1891 5356 ut
1906 5281 1973 5356 hoc
1990 5287 2068 5358 loco
2082 5289 2270 5377 dignemur
2377 5333 2378 5338 κ

240 5387 281 5464 id
300 5409 412 5485 genus
433 5387 598 5466 adversae
620 5385 784 5461 fortunae
805 5379 992 5474 primitiis,
1017 5377 1159 5472 incipit:
1195 5393 1229 5450 et
1282 5375 1505 5466 Antoninos,
1531 5378 1726 5470 Traianos,
1757 5385 1882 5460 multis
1905 5387 2039 5482 alioqui
2061 5389 2269 5462 nominibus
2377 5465 2378 5472 χ
