4688 5826
80 275 144 354 lid
508 265 671 350 uisci.
717 265 792 346 ott
823 262 1136 346 Puutrsru
1167 263 1524 346 DOCTRINAE
1556 279 1642 352 ero
2016 276 2099 358 m

77 462 236 538 tempore,
265 469 342 518 non
363 443 482 518 solum
503 442 702 538 praesentia
724 465 862 516 summa
884 439 1054 534 pericula,
1104 437 1161 510 bis
1182 451 1252 527 est,
1282 465 1491 514 conurvare
1510 447 1734 534 studeamus,
1765 471 1806 520 sc
1831 449 2025 540 cogitemm
2045 453 2091 524 sd

79 549 128 620 aad
147 547 249 618 etism
272 549 449 625 maiorum
476 547 696 640 inposterum
719 557 835 616 metus
861 545 1052 616 admonere
1104 543 1286 614 doctrinae
1310 545 1630 634 conservationem,
1667 550 1803 620 nullam
1826 573 1900 622 esse
1921 553 2093 626 aaaron

77 672 130 724 Μ,
144 649 265 736 debet,
288 651 328 722 in
350 673 441 745 qma
457 649 527 718 iam
544 648 799 742 prospicientes
822 640 984 717 homines
999 645 1052 738 pii
1102 639 1280 718 Ecclesiae
1295 647 1333 714 in
1349 647 1555 717 universum
1578 651 1689 741 magis
1717 654 1947 725 necessariam
1973 669 2011 727 et
2026 678 2091 738 ,sa-

77 767 245 824 etrerum
278 749 518 846 spiritualium
544 749 671 844 periti,
714 749 765 820 sic
791 748 951 820 iudicant
975 771 1051 816 non
1103 745 1272 833 luterem,
1312 773 1419 842 quam
1448 773 1569 819 veram
1596 767 1630 823 et
1660 753 1833 824 sinceram
1862 757 2089 828 concordiam

75 875 161 947 posse
176 875 301 944 puram
316 853 499 945 religionis
521 851 719 924 doctrinam
735 848 955 936 conservari,
979 849 1050 920 nisi
1102 862 1136 920 et
1151 847 1352 919 animorum
1371 850 1658 924 coniunctionem
1671 853 1765 924 inter
1776 853 1960 931 Doctores.
2011 855 2091 930 Etsi

76 956 108 1024 in
136 949 200 1023 hoc
222 979 334 1028 unum
357 955 607 1026 communibus
629 954 757 1026 studiis
787 976 828 1024 ac
850 949 1049 1035 coniunctis
1100 949 1195 1020 enim
1212 973 1333 1020 verum
1351 965 1419 1036 est,
1444 955 1549 1024 etiam
1578 955 1728 1026 consilio
1753 979 1794 1026 ac
1818 961 1975 1050 potentia
1994 961 2090 1030 divi-

76 1055 225 1128 omnibus
256 1057 393 1129 viribus
413 1069 488 1128 toto
513 1069 655 1149 pectore
676 1055 887 1126 incumbant
913 1075 1050 1136 omnes,
1100 1073 1145 1120 na
1162 1075 1287 1142 puram
1302 1053 1499 1124 doctrinam
1510 1053 1713 1127 inEcclesia
1723 1059 1943 1146 conservari,
1968 1064 2109 1132 tamen'
2178 1083 2181 1090 ·

76 1157 187 1252 quibus
202 1158 240 1226 in
257 1155 413 1230 Ecclesia
430 1158 656 1229 commissum
672 1171 725 1228 est
739 1155 888 1226 docendi
904 1177 1047 1228 munus.
1100 1176 1179 1223 cum
1207 1153 1251 1222 de
1276 1167 1396 1226 nostro
1422 1155 1537 1226 officio
1568 1158 1758 1229 dicendum
1778 1173 1848 1244 ests
1876 1162 1959 1255 (1¹15a
1990 1159 2089 1234 ΠΜ

75 1257 167 1346 Quod
181 1271 220 1330 ut
234 1260 312 1342 fias,
339 1261 502 1353 inprimis
525 1282 616 1352 opus
638 1259 846 1342 concordia,
869 1257 945 1328 sive
960 1279 1048 1326 con-
1101 1255 1296 1324 ministerio
1328 1256 1428 1326 verbi
1460 1281 1524 1348 per
1552 1253 1715 1330 homines
1751 1261 1789 1329 in
1819 1257 1976 1333 Ecclesia
2004 1263 2087 1355 agit,

75 1359 241 1430 iunctione
269 1362 471 1434 animorum
496 1363 590 1432 inter
618 1363 791 1432 doctores.
857 1355 979 1452 ltaque
1003 1359 1047 1428 de
1083 1355 1243 1426 tmsnimi
1260 1360 1429 1428 momenti
1444 1381 1499 1428 res
1513 1372 1584 1444 est,
1606 1383 1679 1430 non
1692 1375 1830 1433 tantum
1845 1365 1890 1433 ad
1907 1365 2086 1456 publicem

74 1453 129 1530 luc
146 1461 273 1534 virtute
296 1463 433 1558 aliquid
456 1457 525 1533 hoc
547 1461 626 1532 loco
644 1463 775 1547 dicam,
804 1459 943 1532 tametsi
960 1455 1047 1530 haec
1097 1458 1391 1552 tranquillitatem
1423 1473 1458 1530 et
1483 1461 1552 1532 alia
1573 1465 1777 1550 commoda,
1810 1467 1872 1534 sed
1902 1467 2009 1538 etiam
2039 1469 2086 1538 sd

73 1557 276 1650 adhortatio,
300 1567 414 1638 multo
430 1565 537 1635 latius
550 1577 662 1656 patet,
684 1587 791 1658 quarn
802 1575 844 1634 ut
855 1585 952 1632 nunc
965 1583 1046 1654 per·
1098 1559 1279 1630 doctrinae
1294 1560 1482 1651 puritatem
1498 1565 1786 1636 conservandam.
1835 1563 2087 1640 Namconcon-

22 1689 23 1692 ¹
74 1663 130 1736 tesi
154 1665 273 1754 possit.
331 1665 513 1758 Principio
543 1679 660 1737 autem
683 1689 765 1736 cum
789 1665 834 1734 de
856 1662 1045 1734 concordis
1097 1659 1193 1730 diam
1218 1685 1324 1743 voco,
1355 1685 1428 1732 non
1451 1676 1588 1734 tautum
1612 1665 1823 1756 opinionum
1841 1679 1876 1740 et
1893 1669 2087 1760 doetrinae,

74 1765 288 1836 aeclesiastica
311 1769 460 1854 dicitur,
492 1767 765 1858 intelligendum
791 1777 861 1845 est,
890 1765 1044 1856 primum
1098 1763 1156 1830 sed
1184 1762 1290 1834 etiam
1315 1764 1538 1834 voluntatum
1568 1768 1855 1855 consensionem,
1891 1795 1975 1843 vera
1996 1795 2085 1843 con·

73 1867 215 1936 omnium
229 1869 365 1962 requiri
382 1891 592 1942 consensum
607 1891 716 1960 purae
729 1861 1047 1936 doctrinaeEvan-
1097 1863 1279 1932 iunctione
1304 1863 1399 1934 inter
1428 1889 1464 1936 se
1485 1881 1611 1938 mutuo
1639 1869 1822 1940 devinctos
1843 1893 1917 1942 esse
1944 1860 2084 1946 animos

22 1959 23 1970 ’
73 1967 159 2055 galil,
184 1964 251 2040 boc
269 1971 365 2040 enim
387 1984 493 2064 caput
513 1983 564 2040 est
588 1983 623 2040 et
643 1971 725 2039 fons
737 1968 855 2038 omnis
869 1963 1046 2038 Christis·
1097 1965 1313 2039 docentium.
1364 1965 1437 2038 Sed
1453 1981 1492 2037 ut
1508 1969 1638 2040 clarius
1652 1971 1802 2062 perspici
1817 1972 1944 2064 possit,
1976 1999 2083 2069 quam

73 2089 128 2138 nae
146 2073 367 2156 concordiae.
425 2071 544 2161 Quare
568 2065 628 2142 hic
652 2093 728 2140 non
753 2083 837 2140 sunt
863 2067 1045 2149 audiendi,
1096 2067 1288 2136 necessaria
1305 2068 1351 2136 sit
1367 2062 1452 2138 haec
1466 2069 1598 2156 virtus,
1622 2073 1866 2166 aliquomodo
1880 2077 2083 2148 considere-

73 2169 374 2261 quivoeismmur
393 2197 460 2244 nos
480 2173 659 2265 publicam
674 2168 852 2242 Ecclesiae
867 2171 1044 2263 tranquil·
1096 2189 1192 2252 mus,
1224 2181 1396 2260 quantum
1418 2171 1591 2242 malonem
1614 2195 1731 2244 secum
1760 2170 1877 2246 trahat
1896 2177 2084 2266 discordis,

72 2270 186 2342 litatem
201 2278 428 2368 perturbare,
447 2274 673 2346 concordiam
688 2273 897 2344 labefactare
909 2284 944 2342 et
958 2295 1045 2340 con.
1095 2269 1299 2358 praesertim
1316 2270 1408 2340 inter
1419 2293 1497 2354 eos,
1523 2273 1583 2364 qui
1598 2287 1679 2344 sunt
1697 2275 1735 2344 in
1750 2275 1945 2349 ministerio
1961 2281 2083 2371 publi-

72 2375 200 2463 vellere,
231 2378 317 2473 quia
339 2377 553 2448 discedimus
573 2375 619 2445 ab
640 2374 701 2460 iis,
727 2375 789 2467 qui
807 2371 1043 2453 aratoritstem,
1095 2393 1147 2441 co.
1202 2369 1323 2463 Neque
1340 2395 1424 2441 vero
1447 2367 1514 2442 hoc
1529 2373 1686 2445 iudicare
1699 2376 1842 2446 difficile
1863 2393 1932 2465 cst,
1957 2381 1988 2449 si
2002 2394 2083 2452 tan-

73 2477 215 2566 titulum,
247 2495 285 2552 et
305 2503 436 2550 nornen
459 2473 637 2548 Ecclesiae
658 2475 899 2546 multitudinis
914 2497 1043 2565 appro-
1095 2483 1169 2540 tum
1193 2467 1408 2560 aspiciantur
1429 2475 1603 2566 exempla,
1635 2501 1725 2570 quae
1749 2478 1887 2550 utinam
1916 2505 1982 2553 nos
2007 2507 2082 2554 non

72 2579 195 2650 batione
216 2597 252 2655 et
267 2579 543 2676 praescriptione
564 2577 663 2668 longi
685 2576 870 2666 temporis,
896 2576 964 2645 sibi
984 2599 1043 2645 ar·
1095 2572 1202 2642 nimis
1223 2573 1435 2644 infoeliciter
1455 2577 1621 2662 doceant,
1645 2601 1685 2648 ac
1701 2590 1837 2650 tantum
1853 2583 1898 2650 de
1916 2607 2084 2674 praesen-

71 2697 196 2771 rogam,
216 2700 338 2756 tamen
348 2697 470 2754 contra
481 2677 730 2771 Evangelium,
753 2679 883 2748 iniusta
898 2679 1044 2766 dogma-
1095 2674 1189 2754 tibus
1211 2675 1400 2767 conqueri,
1434 2700 1507 2746 non
1531 2679 1634 2747 etiam
1663 2681 1782 2754 sutura
1804 2695 1957 2754 metuere
1977 2709 2082 2776 coga-

73 2799 99 2856 ts
112 2787 320 2872 detendunt,
346 2797 461 2855 etnos
481 2783 563 2876 quia
583 2781 669 2874 ipsis
684 2803 758 2850 non
775 2777 1043 2863 subscribimus,
1094 2798 1187 2843 mur.
1246 2775 1313 2846 Sed
1339 2779 1383 2845 de
1412 2779 1579 2869 exemplis
1610 2781 1851 2870 mundicam,
1891 2809 1988 2858 nunc
2014 2783 2083 2858 hoc

21 2875 22 2880 ’
71 2888 218 2959 omnibu,
241 2889 331 2958 diris
353 2888 542 2968 devovent,
574 2883 748 2966 inferro,
778 2882 817 2950 in
840 2881 981 2950 flamma
1008 2892 1043 2950 et
1094 2875 1210 2966 prius,
1242 2891 1281 2946 ut
1302 2879 1581 2967 magnitudinem
1604 2883 1778 2952 malorum
1807 2887 2081 2975 consideremus,

72 2990 170 3058 omnis
184 2991 323 3079 generis
339 2988 546 3059 crudelitate
562 2985 724 3078 persequi
739 2995 924 3054 conantur.
968 2978 1042 3050 Nos
1094 3001 1184 3070 quae
1205 3001 1306 3070 saepe
1334 3004 1353 3046 a
1384 2979 1538 3064 levibus,
1570 2995 1604 3051 et
1626 2984 1759 3068 exiguis
1787 3001 1933 3077 apparet
1956 2989 2079 3077 initiis,

73 3113 140 3160 vero
161 3117 239 3164 cum
260 3088 455 3162 habeamus
477 3086 716 3178 inscriptura
740 3085 810 3155 Dei
835 3084 1040 3152 mandatum
1093 3080 1278 3164 oriuntur,
1309 3081 1373 3148 ubi
1397 3075 1482 3152 haec
1505 3083 1610 3174 pestis
1632 3085 1811 3178 irrepserit
1833 3089 1871 3156 in
1894 3091 2079 3180 publicum

73 3191 148 3260 ,lm
161 3215 379 3285 expressum,
401 3215 447 3260 ne
458 3189 692 3277 adiungamus
702 3209 767 3256 nos
779 3187 865 3256 falsa
880 3198 914 3254 et
931 3184 1041 3274 impia
1093 3181 1328 3250 ministerium
1343 3179 1531 3257 Ecclesiae.
1583 3183 1704 3278 Neque
1731 3189 1827 3258 enim
1848 3211 1970 3262 secure
1995 3209 2081 3265 con-

72 3293 279 3378 docenfibm,
311 3319 375 3364 nec
400 3290 683 3362 adversariorum
709 3287 942 3371 clamoribus,
977 3309 1054 3356 na„
1093 3285 1302 3352 temnendae
1325 3299 1408 3353 sunt
1424 3281 1568 3353 Diaboli
1589 3287 1740 3358 insidiae
1765 3292 1933 3362 adversus
1955 3292 2081 3366 Eccle-

71 3418 126 3485 que
139 3397 218 3466 ullis
232 3395 423 3488 propositis
436 3392 603 3485 periculis
617 3391 750 3460 moveri
766 3391 952 3472 debemus,
976 3411 1041 3456 nec
1093 3382 1192 3452 siam.
1243 3381 1333 3456 Cum
1350 3383 1444 3453 enim
1460 3386 1581 3456 isvere
1594 3389 1654 3473 sit,
1679 3405 1718 3460 ut
1734 3392 1866 3462 dicitur
1879 3395 1978 3463 mille
1992 3399 2079 3467 arti-

71 3497 201 3586 probare
215 3521 339 3567 eorum
355 3496 562 3578 comitium,
588 3493 724 3563 etiamsi
740 3491 801 3584 qui
818 3493 907 3559 bene
921 3489 1040 3560 studio
1077 3485 1167 3569 atax,
1200 3498 1234 3554 et
1255 3481 1446 3554 Ecclesiam
1472 3489 1696 3560 acerbissimo
1718 3505 1753 3562 et
1773 3493 1967 3566 immortali
1993 3499 2078 3568 odio

72 3597 248 3684 ducuntur,
281 3599 341 3691 qui
367 3599 416 3667 sic
431 3597 607 3666 mirantur
624 3607 658 3664 et
681 3606 847 3684 expetunt
861 3591 1040 3680 publicam
1092 3602 1340 3677 prosequatur,
1366 3611 1430 3656 nec
1444 3601 1569 3668 cesset,
1596 3604 1655 3659 aut
1666 3592 1805 3663 desinat
1820 3618 1942 3664 omnes
1957 3597 2031 3668 vias
2046 3613 2088 3670 et·

72 3703 298 3785 concordiam,
324 3714 363 3770 ut
387 3723 464 3768 eam
484 3692 718 3788 posthabeant
739 3693 881 3785 puritati
908 3691 1040 3761 doctri·-
1092 3689 1216 3756 modos
1237 3710 1423 3781 quaerere,
1459 3689 1590 3781 quibus
1611 3687 1789 3762 Ecclesiae
1812 3695 2078 3787 dissipationem

73 3826 141 3882 nae,
165 3819 196 3872 ct
214 3804 333 3894 potius
348 3803 479 3871 ducant
495 3800 532 3868 in
550 3796 718 3868 Ecclesiis
737 3795 877 3864 tolerari
903 3817 942 3862 ac
966 3793 1039 3862 dis-
1092 3802 1125 3858 et
1140 3801 1345 3880 perpetuam
1366 3789 1563 3861 vastitatem
1586 3792 1727 3879 afferat,
1751 3796 1812 3866 ubi
1833 3798 1901 3868 alia
1916 3823 1992 3869 non
2012 3823 2078 3891 po-

72 3903 210 3975 ,imulgri
226 3905 341 3996 palam
357 3902 483 3993 impias
499 3899 685 3990 opiniones
709 3910 741 3966 et
757 3896 961 3964 manifestos
975 3896 1040 3963 ab·
1091 3903 1176 3975 test,
1211 3885 1297 3960 haec
1323 3891 1449 3982 arripit
1471 3891 1572 3962 initia
1598 3908 1632 3963 et
1652 3897 1870 3982 occasiones,
1897 3914 1937 3970 ut
1963 3907 2078 3972 unde·

73 4027 158 4089 araas,
181 4031 288 4100 quam
304 4004 494 4094 periclitari
510 3999 801 4093 tranquillitatem
817 3997 951 4088 publici
969 4010 1039 4066 sta·
1092 4013 1229 4085 cunque
1252 3993 1346 4064 inter
1367 3989 1537 4064 Doctores
1558 4010 1696 4085 spargat
1721 3998 1917 4070 discordiae
1942 4025 1983 4073 ac
2003 4005 2077 4072 dis-

73 4120 125 4176 tus.
178 4107 272 4178 Scite
301 4107 390 4176 illud
421 4106 471 4174 ait
498 4104 631 4172 dictum
660 4123 733 4170 esse
766 4099 899 4168 anticus
926 4097 1039 4180 Plato,
1091 4093 1259 4162 sidiamm
1283 4093 1429 4164 semina·
1489 4092 1560 4164 Ubi
1589 4110 1705 4164 aulem
1729 4101 1880 4170 m³¹l¹¹¹0
1899 4104 2076 4196 ΡΓῙΜῙΡῙ0

74 4209 187 4278 amicus
210 4209 393 4292 socrates,
431 4207 490 4274 sed
515 4203 626 4292 magis
647 4203 758 4272 antica
783 4201 924 4268 veritas.
985 4195 1037 4268 lta
1090 4217 1164 4262 non
1186 4207 1270 4264 scrut
1292 4196 1336 4262 de
1354 4194 1516 4264 doctrina
1531 4196 1784 4286 dissensiones,
1815 4205 1875 4273 sed
1892 4205 1981 4275 aliae
2002 4208 2076 4296 pri-

72 4311 407 4382 nobistxtaimemus
434 4306 583 4399 primam
601 4328 720 4373 curam
738 4323 810 4372 esse
828 4303 972 4384 debere,
999 4312 1039 4368 ut
1091 4308 1190 4366 vatae
1222 4317 1262 4363 ac
1288 4295 1488 4386 personales
1511 4297 1747 4369 offensionum
1775 4327 1929 4386 causae.
1954 4319 2074 4377 tamen

73 4413 574 4482 ,gramdofflinflmmeamua
625 4403 768 4477 Etcum
790 4400 1038 4472 deconcordia
1090 4396 1173 4465 inde
1197 4409 1380 4486 permanat
1402 4398 1444 4464 ad
1469 4409 1579 4468 totam
1594 4395 1807 4489 Ecclesiam,
1838 4419 1874 4474 et
1888 4406 1952 4476 ubi
1968 4409 2074 4481 simul

74 4501 229 4584 Ecclesiae
254 4513 484 4604 praecipitur,
511 4510 663 4578 sciamus
683 4498 751 4576 'nos
766 4529 845 4576 cum
862 4504 924 4587 iis,
949 4525 1038 4595 quos
1089 4499 1258 4587 gliscunt,
1283 4499 1387 4583 tales,
1422 4513 1456 4570 et
1474 4517 1663 4592 erumpunt
1679 4505 1781 4588 odia,
1809 4508 1961 4596 primum
1980 4511 2074 4601 peri-

74 4615 224 4705 κάρψω
254 4629 354 4685 ,0031
381 4610 594 4692 Εωιρςῑῃῃ,
629 4605 696 4678 hoe
723 4621 792 4691 est,
825 4609 885 4699 qui
912 4628 1037 4698 puram
1089 4600 1250 4683 ditatur,
1283 4623 1364 4668 mox
1381 4600 1484 4668 etiam
1500 4602 1616 4692 palam
1637 4605 1788 4676 laeditur
1809 4609 1883 4699 ipsa
1899 4612 2071 4683 doctrina.

74 4713 250 4786 dominam
275 4729 397 4787 tenent
422 4727 456 4784 et
483 4713 522 4782 qn
548 4733 587 4780 ea
608 4709 852 4792 consentiunt,
886 4706 1036 4776 coniun.
1088 4700 1160 4771 Nec
1183 4701 1278 4770 enim
1305 4714 1443 4770 tantum
1467 4704 1626 4792 exemplo
1653 4719 1686 4775 et
1708 4710 1883 4778 scandalis
1903 4711 1983 4780 aliis
2006 4737 2072 4782 no-

74 4833 138 4902 8²¹⁰
152 4819 286 4890 debera,
336 4815 426 4888 Cum
441 4807 558 4886 autem
571 4809 1038 4883 nobgfflegbffleficiocon.
1089 4817 1185 4888 cent,
1218 4816 1364 4895 propter
1385 4827 1475 4896 quae
1498 4805 1589 4874 male
1608 4808 1708 4877 audit
1736 4812 1828 4900 apud
1853 4813 2072 4884 adversarios

74 4915 188 5004 tigerit,
212 4935 253 4990 ut
267 4920 360 5010 apud
376 4930 547 5006 noscstet
561 4939 643 4984 vera
656 4909 840 5002 Evangelii
855 4909 1037 4993 Doctrina,
1087 4901 1273 4994 Evangelii
1294 4905 1471 4985 doctrina,
1504 4918 1539 4976 et
1568 4906 1789 4979 infirmorum
1814 4912 1923 4981 animi
1946 4915 2073 4985 offensi

74 5035 235 5109 repurgata
253 5024 297 5090 ab
314 5021 480 5090 omnibus
495 5017 615 5114 impiis
629 5014 879 5108 opqnponibu„
905 5007 964 5080 hic
980 5011 1037 5078 in.
1087 5008 1358 5097 perturbantur,
1387 5031 1426 5076 ac
1447 5007 1625 5098 incipiunt
1652 5011 1816 5082 dubitare
1835 5016 1878 5082 de
1901 5015 2073 5104 doctrina,

75 5119 251 5210 alligamus
273 5123 377 5192 nobis
400 5136 439 5190 et
450 5119 674 5188 concordiam
698 5114 870 5208 praecipi,
895 5126 927 5181 et
944 5108 1036 5180 nibil
1087 5123 1147 5179 aut
1178 5122 1269 5177 certe
1300 5131 1375 5177 eam
1406 5109 1526 5178 mincis
1556 5127 1757 5191 reverenter
1777 5114 2072 5204 complectuntur,

76 5223 198 5292 anobis
223 5224 345 5293 maiori
372 5223 547 5312 agendum
569 5219 705 5302 studio,
736 5241 776 5287 ac
798 5215 1037 5297 contentione,
1087 5212 1147 5279 sed
1163 5233 1203 5278 ex
1219 5209 1263 5278 iis
1278 5209 1455 5296 dissidiis,
1483 5226 1665 5305 postquam
1680 5214 1792 5282 animi
1810 5233 2002 5308 coeperunt
2015 5221 2072 5290 in-

74 5343 160 5409 quam
175 5325 406 5396 uteamiuter
420 5348 485 5394 uos
499 5337 677 5402 tueamur,
705 5333 814 5410 etpcr
830 5341 905 5387 eam
917 5311 1037 5385 Evan'.
1086 5325 1140 5381 ter
1162 5311 1258 5402 ipsos
1278 5311 1445 5395 alienari,
1471 5314 1609 5382 foedam
1633 5314 1855 5386 voluntatum
1882 5319 2073 5392 dissensio-

75 5421 356 5506 pffibeneficsum
373 5423 703 5508 divinitusdatum,
728 5417 955 5516 quantumin
970 5441 1033 5486 no-
1085 5437 1167 5482 nem
1197 5413 1357 5508 sequitur
1392 5414 1497 5483 etiam
1535 5413 1773 5487 offensionum
1809 5418 2073 5512 dissimilitudo,

112 5529 278 5600 Meuanas.
296 5533 397 5597 Orsa.
424 5533 508 5595 Vos..
524 5527 589 5597 xl.
1385 5516 1432 5588 18
