4704 5826
216 259 293 338 879
683 257 840 336 DECL.
880 257 957 333 ΒΕ
990 255 1558 342 APPELLATIONlBUS
1592 267 1804 346 PANUM.
2192 276 2274 348 880

214 435 289 510 Nec
302 433 390 507 alias
406 455 560 506 saumas
576 426 870 526 priorinysicus
885 434 1072 504 ostendere
1088 445 1212 526 potest.
1266 435 1350 530 quia
1382 429 1508 508 bordei
1535 451 1663 511 natura
1686 440 1853 530 frigidior
1881 455 1944 514 est.
1994 441 2115 516 Multa
2143 459 2268 516 autem

216 537 288 612 Sed
302 551 421 631 postea
436 535 572 628 species
587 534 767 607 discernit.
800 529 882 603 Atta
897 535 1041 605 materia
1054 528 1213 604 humano
1266 551 1350 610 sunt
1367 538 1589 625 testimonia,
1616 536 1778 612 homines
1799 542 1979 616 tenuiores
1996 545 2085 616 olim
2109 548 2271 618 multum

217 639 359 732 corpori
379 637 510 727 magis,
536 635 607 708 alia
627 635 747 704 minus
761 635 948 706 familiaris
965 649 1028 710 cst.
1079 631 1214 706 Holera
1266 661 1349 710 usos
1364 661 1438 708 esse
1455 641 1607 732 panibus
1624 637 1841 714 hordeaceis.
1892 642 1976 716 ldeo
1992 647 2087 716 enim
2103 648 2144 717 in
2158 673 2271 719 versu

217 757 253 814 et
277 763 381 833 poma
403 739 467 810 etsi
491 737 677 828 nutriunt,
703 748 822 806 tamen
843 736 927 830 quia
949 737 1057 806 nimis
1081 759 1213 831 aquosa
1267 739 1378 810 veteri
1403 741 1553 813 dicitura
1587 738 1774 838 αὐταρκὴς
1798 739 1874 842 γὰρ
1902 739 1922 816 ὁ
1951 743 2134 842 πρέσβυς,
2167 748 2272 842 ἔχων

215 857 319 924 sunt,
342 841 474 912 ditlluit
489 861 630 924 succus,
655 851 689 908 et
703 837 906 928 languidior
920 851 983 910 est.
1034 835 1212 910 Triticum
1265 835 1339 913 ditos
1360 837 1424 912 καὶ
1450 835 1521 916 δύο
1543 839 1703 939 κρίμνα,
1739 845 1855 916 Senex
1875 842 1944 918 boc
1959 849 2053 920 victo
2074 865 2272 922 contentus

218 943 343 1015 siccius
360 956 439 1027 est,
456 955 489 1010 et
505 939 647 1030 pingue,
667 947 908 1029 attemperate
925 939 1093 1010 calidum.
1127 937 1212 1012 Ideo
1265 957 1334 1027 est,
1369 943 1442 1014 sale
1473 957 1508 1014 et
1537 945 1678 1016 duobus
1706 947 1860 1038 panibus
1890 943 2108 1022 hordeaceis.
2169 951 2270 1022 Nam

220 1059 255 1116 et
285 1065 411 1115 succus
432 1043 471 1114 bt
491 1041 660 1134 pinguior
690 1051 726 1109 et
752 1040 981 1130 glutinationi
1015 1064 1214 1112 accommo-
1264 1038 1424 1139 κρίμνον
1453 1045 1604 1116 farinam
1634 1069 1708 1116 esse
1736 1061 1832 1118 certo
1856 1051 1964 1120 modo
1989 1065 2200 1143 apparatum
2225 1077 2272 1122 ex

218 1148 344 1217 datior.
1265 1141 1421 1232 hordeo,
1446 1147 1617 1218 traditum
1634 1161 1705 1233 est,
1730 1161 1764 1218 et
1789 1143 1937 1220 historia
1959 1153 2161 1242 evangelica
2176 1178 2271 1224 nar-

315 1245 485 1318 Dicamus
507 1243 615 1334 igitur
637 1241 707 1312 iam
732 1243 776 1311 dc
803 1241 1036 1328 differentiis,
1060 1266 1211 1336 quarum
1265 1259 1338 1330 rat,
1370 1247 1529 1342 quinque
1558 1272 1667 1340 panes
1697 1245 1909 1322 hordeaceos
1937 1253 2148 1326 distributos
2176 1279 2270 1340 esse,

216 1349 348 1439 gradus
364 1360 434 1416 tres
447 1345 671 1428 constituam,
697 1344 1060 1435 primumamateria,
1086 1367 1212 1414 meun-
1265 1348 1395 1442 quibus
1422 1349 1519 1441 pavit
1547 1350 1642 1420 iilius
1667 1347 1735 1420 Dei
1767 1353 1921 1444 amplius
1954 1354 2114 1448 quinque
2146 1357 2269 1427 millis

217 1453 348 1520 duma
377 1446 550 1539 puritate,
589 1445 731 1516 tertium
758 1469 777 1514 a
805 1445 975 1516 coctione.
1031 1442 1213 1516 Differunt
1265 1445 1470 1520 bominum:
1504 1474 1573 1546 qua
1595 1451 1800 1522 narratione
1831 1453 1964 1524 multae
1987 1456 2268 1546 significationes

216 1573 325 1642 panes
340 1550 494 1642 primum
508 1547 675 1618 materia:
695 1547 758 1615 alii
774 1546 865 1618 fiunt
881 1546 1066 1631 artritica,
1090 1546 1154 1616 alii
1170 1569 1212 1616 ex
1264 1551 1494 1622 adumbratae
1515 1565 1610 1624 sunt.
1661 1548 1784 1624 Alitur
1808 1567 1843 1624 et
1865 1555 2069 1628 defenditur
2088 1554 2268 1644 Ecclesia,

217 1653 329 1748 olyra,
355 1651 418 1720 alii
434 1673 475 1718 ex
488 1673 560 1734 zea,
584 1649 646 1718 alii
661 1672 702 1717 ex
716 1643 864 1723 hordeo.
913 1645 1057 1720 Caetera
1074 1671 1213 1737 genera,
1264 1649 1340 1722 Deo
1363 1651 1525 1734 iuvante,
1560 1652 1697 1723 etiamsi
1717 1678 1801 1746 opes
1828 1651 1935 1726 habet
1961 1658 2112 1748 exiguas.
2165 1658 2268 1730 Sunt

215 1754 301 1848 quia
318 1753 357 1822 in
378 1751 508 1821 nostris
523 1750 732 1838 regionibus
747 1774 823 1818 non
837 1765 921 1821 sunt
935 1750 1080 1834 usitata,
1106 1749 1213 1820 omit·
1265 1765 1299 1823 et
1319 1753 1429 1823 micae
1447 1755 1630 1824 doctrinae
1655 1753 1692 1822 in
1711 1755 1861 1846 speciem
1885 1771 2026 1843 tenues,
2050 1773 2083 1830 et
2098 1760 2267 1850 frigidae,

217 1869 301 1927 tam.
353 1851 500 1924 Etcum
524 1847 610 1921 baec
627 1850 820 1922 recitentur
839 1863 985 1943 propter
1007 1849 1211 1920 auditorum
1264 1855 1325 1924 scd
1348 1851 1425 1924 Deo
1452 1855 1629 1948 aspirante
1653 1857 1852 1928 accendunt
1873 1857 1981 1928 vitam
2013 1873 2191 1930 aeternam
2223 1863 2265 1930 in

216 1956 425 2054 utilitatem,
451 1954 616 2024 volumus
636 1952 687 2022 eis
708 1975 827 2023 rerum
854 1951 1126 2022 domesticarum
1149 1973 1213 2042 ap·
1264 1956 1443 2028 cordibus.
1488 1953 1613 2027 Plures
1628 1955 1714 2026 alias
1730 1958 1861 2049 species
1875 1960 2004 2029 addere
2020 1985 2169 2052 possem,
2197 1965 2263 2032 sed

216 2057 444 2148 pellationes,
470 2067 504 2124 et
518 2053 610 2124 vires
624 2067 728 2124 notas
744 2075 828 2124 esse.
983 2099 988 2109 .
1264 2079 1329 2126 nee
1350 2051 1457 2126 huius
1479 2056 1647 2150 temporis
1664 2058 1824 2148 angustia
1847 2059 2043 2150 longiorem
2069 2086 2262 2132 enumera·

320 2156 496 2227 Triticum
521 2179 595 2225 esse
623 2155 757 2246 primae
792 2154 964 2226 bonitatis
989 2153 1211 2224 frumentum
1264 2157 1396 2227 tionem
1413 2159 1517 2228 nobie
1533 2157 1714 2244 concedit,
1740 2183 1805 2229 nee
1818 2174 1974 2231 caeterae
1989 2163 2137 2252 perinde
2151 2179 2262 2233 notae

217 2271 374 2343 constat,
406 2259 502 2350 quod
526 2254 672 2326 Graecis
698 2269 749 2327 est
773 2254 910 2352 antipae,
937 2255 1041 2325 nubis
1067 2253 1212 2344 nattes.
1264 2271 1358 2331 sunt.
1407 2257 1490 2330 Non
1506 2259 1600 2329 enim
1618 2259 1688 2328 iam
1703 2283 1803 2352 saepe
1818 2285 1858 2330 ex
1878 2285 2013 2332 sessum
2040 2277 2101 2334 aut
2127 2265 2260 2356 panico

217 2361 327 2431 recito
350 2359 445 2429 enim
470 2357 722 2450 appellationes
747 2371 884 2428 nostras
906 2357 1073 2426 omnibus
1097 2368 1212 2444 notas,
1264 2361 1303 2430 lit
1320 2359 1431 2451 panis.
1472 2355 1612 2430 Omitto
1629 2362 1785 2432 etfactos
1799 2385 1839 2432 ex
1855 2363 2003 2433 diversis
2018 2366 2189 2452 materiis,
2217 2381 2261 2435 nt

216 2477 257 2533 ut
279 2465 385 2532 rebus
409 2459 541 2530 alicubi
569 2459 792 2542 monstratis,
826 2458 976 2528 iudicari
1006 2455 1210 2527 discrimina
1264 2473 1346 2532 sunt
1365 2463 1567 2552 placentae,
1593 2461 1694 2546 itria,
1717 2461 1804 2532 liba.

218 2563 331 2634 oculis
345 2561 493 2654 possint.
527 2557 620 2632 Sunt
633 2561 743 2650 igitur
758 2559 886 2650 optimi
900 2583 1020 2650 panes,
1044 2557 1106 2652 qui
1122 2557 1213 2628 bunt
1353 2557 1495 2634 Addam
1514 2587 1597 2632 vero
1611 2561 1827 2633 differentias
1841 2587 1861 2633 a
1877 2565 2030 2656 puritate
2045 2581 2203 2658 sumptas
2220 2569 2259 2636 in

217 2689 259 2734 ers
286 2664 425 2744 tritico,
460 2664 505 2732 de
527 2685 680 2755 quorum
704 2659 915 2732 differentiis
939 2672 1058 2752 postea
1088 2681 1212 2730 rursus
1263 2656 1319 2732 bis
1336 2664 1507 2754 panibus,
1532 2662 1595 2758 qui
1612 2687 1654 2732 es
1675 2663 1792 2734 tritico
1814 2665 1915 2740 fiunt.
1967 2663 2137 2760 Optimus
2153 2681 2206 2738 est
2225 2685 2260 2740 et

218 2767 345 2840 dicam.
384 2771 385 2776 ’
1262 2763 1491 2857 perimimur,
1523 2765 1585 2858 qui
1607 2764 1646 2833 fit
1669 2787 1711 2834 er
1735 2764 1896 2854 siligine,
1929 2791 2036 2860 quam
2067 2769 2259 2840 nominant

320 2863 505 2938 Secundus
526 2865 626 2936 locus
643 2864 822 2934 tribuatur
846 2887 886 2933 er
908 2864 1007 2958 olyra
1027 2862 1146 2946 factis,
1171 2884 1211 2932 ac
1263 2866 1490 2952 tenerrimam
1507 2879 1642 2958 partem
1669 2878 1704 2935 et
1728 2866 1870 2936 delicias
1892 2869 2013 2940 tritici.

217 2966 367 3040 nomino
385 2965 558 3061 Olyram,
581 2989 671 3058 quae
686 2979 808 3035 nostro
826 2965 999 3034 vocabulo
1014 2963 1212 3054 appellatur
1365 2965 1490 3038 Minus
1505 2966 1617 3036 teneri
1635 2977 1669 3036 et
1686 2966 1767 3058 puri
1785 2982 1868 3039 sunt
1890 2992 1999 3060 panes
2018 2993 2059 3040 ex
2081 2970 2256 3052 semidali‚

217 3067 361 3144 diadem
392 3069 492 3138 cuins
513 3090 598 3136 usus
619 3067 659 3134 in
686 3062 743 3135 bis
770 3065 975 3154 regionibus
1001 3064 1133 3154 populo
1158 3063 1212 3132 fa·
1263 3067 1383 3164 quales
1405 3069 1479 3138 fere
1500 3070 1595 3160 apud
1619 3089 1685 3136 nos
1711 3067 1801 3138 bunt
1824 3093 1864 3138 er
1888 3071 2009 3142 tritico
2031 3071 2255 3142 candidiores

217 3167 478 3240 miliarissimns
496 3183 566 3252 est,
591 3180 625 3237 et
640 3181 681 3238 ut
699 3189 763 3256 ego
786 3167 923 3250 iudico,
949 3164 1112 3238 salubris.
1164 3160 1212 3236 Et
1264 3193 1383 3263 panes.
2016 3177 2021 3186 “

218 3272 363 3366 quidem
378 3266 521 3338 Diocles
536 3269 704 3361 praetulit
719 3269 854 3362 olyram
871 3291 962 3341 aeae.
1151 3309 1174 3326 ιι
1364 3269 1508 3340 Tertius
1530 3269 1660 3360 gradus
1684 3269 1892 3341 nominatur
1912 3264 2142 3368 αὐτόπυρος,
2170 3274 2253 3341 item

319 3371 427 3441 Zeam
448 3385 575 3442 autem
588 3371 816 3439 nominamus
838 3393 934 3454 eam,
966 3391 1056 3462 quae
1080 3363 1211 3436 nostris
1263 3363 1522 3470 συγκόμιστος,
1549 3369 1612 3464 qni
1628 3372 1667 3441 lit
1682 3395 1723 3440 er
1738 3371 1950 3443 triticorum
1970 3373 2115 3462 polline.
2169 3371 2254 3444 ldeo

221 3489 271 3547 est
286 3474 430 3561 Θρεῑῐε,
464 3496 526 3543 seu
550 3470 688 3546 ftiiutieis
738 3465 817 3541 Etsi
835 3484 952 3542 autem
975 3466 1135 3540 Galenus
1153 3469 1209 3536 in·
1263 3475 1358 3542 enim
1374 3473 1598 3564 appellarunt
1618 3464 1888 3571 σαρκόμιστοκ,
1918 3473 2003 3568 quia
2022 3475 2184 3546 universa
2200 3477 2254 3545 fa-

217 3578 313 3672 quit,
339 3599 374 3645 se
396 3576 436 3643 in
451 3573 794 3666 peregrinationibus
813 3571 903 3657 suis,
927 3571 1056 3665 quibus
1078 3571 1210 3640 lustra·
1262 3575 1339 3644 rina
1358 3597 1433 3643 non
1448 3595 1591 3642 excussu
1607 3573 1742 3663 polline
1761 3574 1940 3644 miscetur.

215 3681 269 3750 vit
296 3699 461 3768 magnam
484 3672 591 3744 Asiae
619 3689 654 3745 et
678 3671 844 3764 Europae
870 3687 1023 3765 partem,
1055 3671 1210 3742 studiose
1364 3674 1522 3766 Quartus
1536 3676 1665 3764 gradus
1681 3687 1732 3745 est
1753 3675 1991 3757 furfuraceus,
2018 3677 2133 3750 multo
2149 3678 2252 3747 etiam

217 3780 457 3874 inquirentem
481 3799 657 3869 nusquam
686 3775 855 3864 reperisse
884 3775 1121 3858 frumentum,
1152 3771 1209 3842 cni
1263 3777 1456 3870 impurior,
1489 3799 1595 3870 quam
1624 3767 1888 3874 συγκόμιστος,
1922 3791 2014 3862 εῑεε,
2049 3780 2150 3848 utin
2173 3803 2254 3848 rure

217 3881 288 3951 Zea
303 3903 434 3950 nomen
452 3891 557 3948 esset:
585 3891 702 3948 tamen
718 3875 865 3947 Graecis
880 3890 1006 3946 notum
1024 3875 1132 3945 fuisse
1146 3897 1209 3942 vo·
1261 3879 1356 3972 pinsi
1381 3878 1564 3962 videmus,
1598 3890 1633 3948 et
1653 3877 1773 3948 minus
1796 3877 2007 3949 nutrimenti
2036 3873 2188 3966 babens,
2219 3896 2252 3950 et

217 3983 384 4053 cabulum
398 4003 537 4050 necesse
553 3991 617 4064 est,
639 4003 718 4049 cum
733 3979 836 4048 toties
852 3977 973 4048 dicant
988 3977 1112 4068 poeitae
1137 3969 1209 4061 ζεί-
1260 3972 1485 4074 κακόχυλος,
1509 3992 1551 4049 ut
1563 3974 1733 4070 Diphilus
1756 3979 1895 4070 scripsit
1920 3993 1956 4051 et
1973 4003 2029 4050 res
2052 3983 2219 4052 ostendit.

217 4078 339 4180 δωρος
362 4081 522 4180 ἄρουρα.
571 4076 620 4153 Et
636 4081 775 4172 copiose
797 4079 894 4149 nasci
911 4080 1076 4170 speltam,
1103 4099 1209 4170 quarn
1360 4079 1523 4153 Recitavi
1540 4079 1791 4152 differentiora
1806 4082 1957 4172 puritate
1971 4097 2141 4174 sumptas.
2172 4082 2251 4153 Ali-

217 4182 546 4256 zeamvoeamusin
564 4182 686 4252 multis
703 4181 852 4252 Sueviae
874 4181 961 4250 locis
983 4178 1207 4250 manifestum
1261 4184 1323 4277 qui
1359 4194 1549 4275 putarunt,
1584 4175 1648 4251 bas
1679 4182 1896 4252 differentias
1921 4183 2146 4256 diversorum
2179 4209 2251 4254 esse

217 4303 286 4375 est,
311 4288 373 4358 ubi
389 4300 423 4358 et
438 4308 546 4379 panes
562 4309 603 4354 ex
617 4309 676 4354 aea
690 4284 772 4354 facti
791 4283 1035 4353 anteferuntur
1054 4281 1155 4351 factis
1168 4303 1209 4348 ex
1260 4287 1539 4356 frumentorum:
1581 4284 1640 4352 sed
1673 4277 1765 4367 baec
1783 4283 1967 4376 explicatio
1994 4283 2125 4355 Galeni
2146 4299 2198 4356 est
2220 4301 2253 4356 et

217 4392 337 4486 olyra,
364 4405 397 4459 et
418 4401 501 4459 sunt
524 4379 707 4480 aliquanto
728 4385 963 4456 candidiores.
1016 4382 1085 4454 Sed
1103 4379 1209 4450 Mne·
1262 4385 1472 4477 Aeginetae,
1504 4407 1610 4478 quam
1634 4401 1772 4456 secutus
1802 4411 1899 4472 sum,
1932 4399 2039 4457 otest
2060 4389 2252 4478 perspicua,

217 4487 352 4563 sitheus
375 4505 476 4561 vetus
501 4489 653 4580 scriptor
674 4487 813 4580 inquit,
845 4509 966 4576 graves
989 4498 1025 4555 et
1049 4483 1209 4553 difficiles
1261 4502 1295 4558 et
1309 4499 1510 4578 congruunt
1526 4486 1632 4556 verba
1646 4484 1761 4572 Celsi,
1787 4487 1848 4580 qui
1868 4487 2002 4581 inquit:
2027 4489 2188 4558 Firmius
2203 4503 2251 4559 est

216 4607 389 4666 concoctu
403 4616 496 4677 esse,
522 4614 587 4660 nec
603 4591 679 4658 sine
702 4588 899 4658 offensione
914 4585 1130 4658 valetudinis
1144 4583 1208 4656 din
1260 4590 1430 4674 triticum,
1450 4611 1558 4682 quarn
1572 4587 1738 4672 millium,
1763 4589 1800 4656 id
1816 4589 1932 4680 ipsum
1946 4611 2052 4680 quam
2066 4584 2251 4676 hordeum,
2344 4593 2345 4620 ¹

214 4698 308 4767 vesci
335 4696 386 4767 eis
415 4717 518 4787 posse
549 4687 714 4762 homines
740 4715 814 4759 non
840 4703 1004 4760 assuetos.
1038 4685 1140 4758 aiunt
1173 4700 1210 4757 et
1261 4706 1294 4762 et
1308 4714 1349 4762 ex
1365 4690 1485 4760 tritico
1499 4689 1699 4760 firmissima
1716 4690 1829 4779 siligo,
1845 4690 1975 4760 deinde
1988 4690 2130 4772 similia,
2149 4693 2252 4762 dein·
2344 4695 2345 4742 ἶ

214 4801 334 4869 alvum
364 4820 431 4867 usu
460 4789 568 4864 huius
597 4793 736 4882 generis
763 4786 939 4862 contrabi.
998 4787 1071 4862 Res
1102 4787 1206 4857 etiam
1259 4795 1304 4862 de
1320 4791 1375 4863 cui
1391 4787 1484 4860 nibil
1500 4792 1706 4882 ademptum
1721 4806 1782 4872 est,
1802 4794 1898 4884 quod
1914 4783 2250 4888 αὖτόπαρονῦεεε-
2344 4865 2345 4868 ,

213 4900 387 4985 ostendit,
413 4921 556 4969 succum
573 4921 614 4966 er
635 4893 1022 4985 zeaegranislentum,
1047 4905 1206 4962 tenacem
1259 4895 1292 4964 ci
1314 4906 1456 4964 vocant:
1492 4892 1668 4964 infirmior
1688 4907 1739 4964 est
1761 4916 1802 4962 ex
1818 4892 1964 4985 polline,
1990 4894 2250 4966 infirmissimus
2344 4883 2345 4904 ¹

213 5017 249 5072 et
275 5003 451 5073 viscosum
478 5023 567 5068 esse:
608 5020 717 5091 quare
749 4995 944 5067 coctionem
970 4991 1206 5064 difficiliorem
1259 4996 1413 5076 cibarius
1428 4995 1541 5086 panis.

212 5125 286 5172 esse
302 5115 579 5176 consentaneum
595 5113 657 5173 est.
1003 5095 1007 5100 ’
1360 5095 1464 5170 Nunc
1485 5098 1612 5166 addam
1636 5096 1854 5166 differentias
1874 5122 1893 5164 a
1908 5098 2068 5168 coctione
2085 5113 2249 5190 sumptas,

314 5205 453 5293 Quarto
481 5204 559 5272 loco
592 5222 820 5272 numeramus
846 5223 887 5269 ex
915 5193 1048 5268 hordeo
1084 5197 1206 5274 factos,
1258 5222 1349 5292 quae
1370 5223 1467 5268 nune
1480 5198 1624 5292 quidem
1648 5221 1721 5268 non
1745 5199 1817 5268 sint
1834 5198 1966 5268 variae.
2017 5195 2119 5269 Olim
2137 5201 2248 5271 maior

212 5327 302 5398 qnos
312 5303 471 5374 Galenus
486 5302 605 5398 inquit
618 5302 737 5372 minus
752 5303 894 5392 gignere
906 5299 1013 5384 succi,
1039 5311 1074 5368 et
1086 5297 1205 5367 minus
1257 5301 1408 5372 varietas
1421 5301 1500 5370 fuit.
1552 5294 1627 5368 Alii
1643 5313 1726 5370 sunt
1746 5299 1916 5386 furnarii,
1943 5323 2004 5370 seu
2025 5297 2246 5396 κλιβανίται,

211 5405 507 5496 nutrire‚·quam
537 5405 599 5474 illa
621 5427 765 5494 genera,
798 5425 888 5497 qnae
915 5415 1017 5473 antea
1044 5397 1204 5470 recitavi:
1257 5403 1307 5474 sic
1323 5403 1430 5482 dicti,
1455 5424 1529 5472 non
1553 5413 1698 5494 propter
1721 5403 1887 5494 materiae
1904 5403 2166 5492 diversitatem,
2191 5409 2245 5478 sed
