4616 5816
223 281 298 362 ιιι
763 273 924 360 nucu.
965 273 1041 355 uu
1073 275 1354 358 ouunruo
1384 277 1537 358 nucu
1569 281 1697 368 nav.
2178 304 2241 383 aaa

223 454 362 529 Deinde
384 456 467 552 quia
490 451 664 522 eiusmodi
687 467 932 541 argumentum
957 453 1084 541 affero,
1115 445 1213 550 qnod
1265 447 1311 524 tis
1325 453 1534 526 memoriam
1549 475 1814 550 permanerunt.
1859 461 1915 537 Ex
1932 471 2062 563 quibus
2075 475 2173 545 facile
2187 482 2242 546 ad·

222 560 339 652 ipsum
360 581 423 649 per
446 579 482 626 se
506 553 677 624 delectare
698 553 877 624 auditores
900 568 1032 646 potest,
1058 558 1164 626 etiam
1182 559 1213 627 si
1264 567 1384 648 paret,
1410 579 1516 650 qnam
1539 561 1652 630 multa
1670 565 1866 653 praeclara,
1892 583 1926 640 et
1949 575 2140 646 immortali
2159 579 2241 649 tama

223 661 299 732 siue
331 655 500 730 Oratorio
534 654 722 746 splendore
738 651 932 730 recitetur.
985 653 1085 728 Nihil
1117 659 1212 728 enirn
1264 669 1370 750 atque
1386 657 1623 731 admiratione
1640 663 1766 752 digna,
1793 667 2014 759 interierint,
2044 689 2078 746 et
2094 680 2149 747 vet
2168 676 2241 750 hine

223 762 396 832 efficacius
418 771 470 829 est
491 759 535 828 ad
554 757 749 827 movendos
763 758 900 827 animos
917 759 1113 844 bonorum,
1138 761 1212 851 ipsa
1265 757 1443 828 aestimari
1463 773 1595 850 potest,
1627 779 1800 857 quantum
1825 770 1871 841 sit
1895 773 1935 842 iu
1961 777 2069 846 rehu,
2089 773 2241 850 humana,

221 865 364 934 virtute.
413 858 858 944 Commemoraboautem,
884 863 1062 953 quoddam
1080 864 1210 932 lactum
1264 859 1447 930 literarum
1465 863 1694 950 beneficium,
1720 869 2052 963 quibusdebesnus,
2074 885 2166 974 quod
2183 884 2241 950 ali·

222 961 448 1056 Imperatoris
463 956 648 1030 Cbunradi
662 957 781 1044 Suevi,
798 961 895 1052 quod
909 961 1046 1032 utinam
1062 987 1125 1054 ego
1140 977 1211 1034 tam
1264 961 1370 1054 quid,
1396 962 1571 1056 quidquid
1587 978 1647 1050 est,
1671 963 1787 1039 adbuc
1803 995 1926 1044 eorum
1942 993 2064 1064 restat,
2087 985 2241 1076 quodque

221 1067 373 1135 dicendo
398 1085 525 1132 ornare
548 1081 703 1151 possem,
729 1085 835 1154 quarn
859 1065 1058 1156 exemplum
1076 1089 1212 1134 memo·
1263 1083 1338 1132 non
1354 1063 1398 1131 ad
1415 1087 1527 1133 uuum
1544 1067 1676 1152 omnia,
1701 1093 1772 1141 una
1785 1095 1865 1142 eum
1883 1081 2104 1168 corporibus,
2129 1087 2240 1154 eodem

114 1153 116 1158 .
221 1167 333 1236 :abite
367 1179 438 1244 est,
479 1178 512 1235 et
538 1163 682 1253 plenum
720 1157 969 1250 humanitatis,
1005 1189 1211 1259 summaque
1263 1163 1409 1254 pulvere
1425 1165 1552 1236 obruta
1568 1189 1608 1236 ac
1620 1171 1755 1260 sepulta
1772 1187 1864 1244 sunt.
1896 1175 1970 1248 Nos
1985 1185 2069 1252 'vero
2084 1183 2141 1268 iis,
2162 1207 2241 1277 quae

220 1269 326 1338 laude
349 1267 510 1354 dignum.
568 1261 769 1332 Plurimum
795 1289 882 1334 vero
906 1265 1085 1351 moribus,
1125 1263 1211 1336 baec
1263 1277 1393 1345 extant,
1411 1265 1546 1356 perlrni
1563 1269 1670 1343 decet.
1697 1269 1924 1367 Quapropter
1939 1275 2123 1353 historiam
2139 1311 2241 1377 quan-

220 1367 475 1438 moderationis
508 1378 543 1434 et
578 1363 783 1434 clementiae
809 1367 966 1457 exempla
997 1371 1211 1454 conducunt,
1262 1367 1344 1435 dam
1372 1367 1441 1451 rei,
1480 1363 1717 1442 aCbunrado
1742 1371 1860 1446 Snevo
1885 1377 2100 1472 imperatore
2130 1401 2241 1476 gestae,

221 1471 303 1564 quia
321 1471 358 1538 in
378 1470 428 1538 eis
443 1461 488 1538 τὸ
509 1460 668 1562 ἠθικὸν,
696 1469 793 1558 quod
810 1482 850 1538 ut
864 1469 1135 1554 suavissimum,
1161 1471 1210 1540 ita
1263 1460 1330 1535 boc
1346 1465 1385 1534 in
1402 1467 1498 1554 loco,
1523 1483 1563 1538 ut
1577 1484 1721 1560 potero,
1748 1499 2023 1552 commemorare
2036 1485 2187 1572 decrevi,
2206 1489 2240 1556 in

218 1571 398 1663 inprimis
412 1569 563 1639 amabile
579 1579 648 1647 est,
674 1569 860 1660 praecipue
876 1569 979 1639 lucet.
1031 1568 1078 1650 Et
1092 1572 1210 1640 nescio
1262 1591 1331 1660 qua
1349 1567 1470 1638 videre
1484 1583 1537 1640 est
1560 1571 1698 1661 insigne
1718 1579 1917 1668 exemplum
1938 1581 2100 1674 pietatis,
2125 1583 2241 1658 buma-

219 1697 265 1744 au
281 1695 437 1765 unquam
452 1671 562 1760 magis
576 1691 665 1759 opus
679 1669 797 1753 luerit,
821 1672 973 1760 proponi
990 1672 1086 1752 talia,
1103 1695 1208 1765 quarn
1262 1669 1383 1737 nitatis
1410 1693 1450 1738 ac
1468 1692 1626 1741 summae
1648 1675 1912 1755 moderationis.
1958 1679 2051 1754 Earn
2069 1689 2154 1758 dum
2171 1692 2241 1760 bre.

219 1769 287 1844 hoc
304 1787 426 1844 nostro
447 1793 527 1840 vere
547 1769 750 1839 calamitoso
769 1785 802 1840 ct
826 1771 1133 1842 turbulentissimo
1155 1797 1209 1841 se·
1262 1770 1353 1839 viter
1366 1793 1523 1860 expono,
1543 1797 1607 1841 vos
1624 1776 1776 1865 benigne
1789 1801 1904 1871 spero,
1927 1805 1991 1872 pro
2005 1803 2122 1858 vestra
2136 1791 2239 1860 facili-

219 1877 320 1960 culo,
353 1899 423 1968 quo
445 1886 542 1942 tauta
565 1885 615 1940 est
644 1865 831 1940 bominum
853 1887 957 1965 atque
985 1873 1209 1963 ingeniorum
1262 1883 1333 1940 tate
1347 1869 1454 1964 atque
1468 1874 1742 1966 aequanimitate
1758 1881 2017 1955 auscultatam,
2032 1911 2117 1959 me,
2160 1889 2240 1960 (ιω,

212 1977 338 2048 ieritas
362 1989 397 2046 et
421 1971 599 2055 violentia,
625 1983 792 2064 quautam
807 1973 866 2042 vix
883 1975 978 2042 credi
996 1989 1110 2066 potest
1125 1975 1209 2044 ullis
1261 1966 1391 2052 sistris,
1417 1995 1522 2066 quern
1539 1974 1639 2058 dico,
1661 1973 1857 2069 Imperator
1870 1977 2086 2060 Clsonradns
2102 1989 2239 2078 Suevos,

218 2091 314 2148 retro
338 2076 556 2167 temporibus
581 2073 699 2143 luisse.
753 2071 885 2144 Merito
909 2097 992 2145 vero
1010 2099 1076 2146 nos
1098 2075 1209 2164 magis
1262 2096 1341 2140 curn
1364 2071 1434 2142 alia
1456 2075 1567 2145 multa
1588 2077 1700 2158 bella,
1726 2095 1872 2172 propter
1895 2084 2012 2174 legum
2035 2103 2070 2160 er
2093 2091 2240 2162 iusticia,

218 2192 358 2263 nostra,
389 2199 495 2270 qoam
520 2177 660 2270 exlerpa
681 2188 843 2244 movent:
881 2197 965 2244 nam
989 2175 1207 2266 ingratitudo
1261 2173 1519 2254 defensionem,
1545 2189 1580 2246 et
1595 2183 1875 2270 componendam
1890 2209 1931 2254 ὃς
1946 2189 2191 2262 sgghffimdam
2206 2195 2239 2262 qn

219 2281 390 2373 quaedam
413 2292 482 2361 est,
510 2290 644 2346 tanturn
669 2276 851 2365 peregrina
874 2289 908 2346 ει
929 2279 1051 2368 procul
1076 2279 1208 2347 adscita
1263 2271 1417 2365 imperio
1431 2299 1572 2365 pacem,
1596 2290 1672 2348 tum
1689 2305 1775 2351 vern
1787 2298 1908 2355 contra
1922 2283 2096 2362 Guellurn
2111 2293 2240 2366 diutur-

219 2381 405 2463 admirari,
430 2403 492 2449 sua
514 2403 553 2446 ac
571 2376 761 2446 domestica
787 2377 974 2466 negligere.
1027 2377 1209 2467 Quemad-
1261 2397 1367 2454 num,
1399 2377 1570 2469 varioque
1590 2393 1719 2452 eventu
1742 2383 1877 2454 bellum
1901 2389 2016 2476 gessit.
2075 2389 2130 2464 De
2151 2396 2239 2467 cuius

218 2887 345 2956 morbo
368 2885 483 2954 affecti
506 2895 609 2967 sunt,
639 2895 679 2952 ut
700 2877 792 2951 nihil
816 2897 935 2953 ament
958 2883 1027 2952 nisi
1053 2884 1208 2974 peregri·
1260 2903 1343 2948 narn
1366 2881 1479 2951 nostri
1502 2875 1666 2952 lromines
1685 2910 1759 2956 non
1781 2903 1929 2973 temere,
1954 2917 2018 2965 nec
2042 2897 2178 2969 levibus
2199 2901 2237 2968 de

217 2480 474 2552 modumenim
495 2479 638 2572 quidam
655 2471 818 2546 homines
835 2473 902 2548 boc
917 2479 1005 2550 vitio
1022 2479 1207 2548 ocsrlorum
1261 2475 1499 2560 bellicensis,
1530 2501 1604 2546 non
1627 2480 1742 2552 dicam
1766 2485 1804 2552 iu
1829 2492 2049 2578 praesentia,
2084 2519 2130 2565 ne
2149 2493 2239 2578 mihi,

217 2584 401 2666 laborant,
427 2595 618 2652 uttantum
637 2603 726 2671 quae
748 2579 871 2670 procul
894 2581 1007 2669 posita
1024 2593 1127 2665 sunt,
1155 2581 1208 2648 vi·
1261 2577 1346 2644 dum
1369 2577 1508 2668 singula
1537 2603 1749 2674 persequor,
1778 2603 1951 2661 accrescat
1973 2593 2110 2676 oratio,
2143 2621 2237 2690 quam

219 2687 343 2768 deant,
378 2681 536 2774 proxima
562 2703 666 2761 vero,
706 2703 866 2773 quaeque
887 2693 967 2750 ante
995 2683 1100 2774 pedes
1124 2695 1208 2752 sunt
1260 2699 1345 2766 ego,
1371 2691 1411 2748 ut
1431 2678 1549 2748 brevis
1564 2681 1628 2766 sit,
1654 2683 1694 2752 in
1714 2709 1822 2774 pauca
1839 2689 1998 2779 redigere
2018 2699 2161 2782 studeo,
2185 2701 2237 2769 sed

220 2787 305 2869 sita,
336 2808 411 2853 non
436 2782 737 2852 animadvertant:
771 2782 819 2852 ita
846 2782 988 2874 quidam
1014 2777 1080 2852 hoc
1097 2783 1206 2851 animi
1260 2791 1378 2848 tamen
1407 2779 1490 2849 satis
1516 2803 1637 2870 graves
1666 2809 1706 2854 ac
1731 2791 1941 2860 necessarias
1964 2795 2071 2864 fuisse
2094 2813 2237 2884 constat;

218 3011 307 3070 num
334 2999 368 3056 et
393 2985 516 3077 procul
532 2985 696 3074 petitum:
724 2984 905 3054 fastidiant
932 2998 1036 3076 atque
1062 2988 1208 3077 adsper-
1259 2979 1391 3063 causis,
1418 2983 1511 3050 bella
1529 2985 1724 3076 suscipere,
1747 3003 1808 3058 aut
1824 2996 1921 3062 arma
1937 3017 2081 3067 movere
2100 3025 2237 3070 consue·
2294 3053 2295 3066 ,

218 3103 370 3171 nentur,
392 3087 566 3180 quidquid
583 3086 823 3168 vernaculum,
849 3098 882 3154 et
897 3085 995 3154 domi
1008 3098 1129 3154 natum
1146 3098 1207 3154 est.
1260 3093 1397 3154 verunt.
1430 3080 1519 3152 Erat
1533 3098 1650 3154 autern
1666 3087 1727 3157 ille
1743 3087 1893 3162 Guellus
1908 3091 2128 3169 Bavarorum
2143 3099 2237 3170 Prin·

219 3187 294 3278 Qui
313 3211 399 3258 vero
427 3189 557 3258 rectius
586 3199 704 3268 mente
729 3187 865 3265 valent,
897 3181 935 3254 hi
966 3209 1027 3256 sua
1053 3187 1205 3278 primum
1259 3203 1356 3274 ceps,
1381 3195 1415 3253 et
1429 3185 1603 3254 nonnulla
1620 3185 1770 3258 Sueviae
1786 3193 1917 3284 oppida
1934 3201 2085 3272 tenebat.
2130 3197 2236 3294 Atque

217 3291 314 3362 bona
337 3301 533 3380 agnoscunt
557 3301 592 3357 ει
614 3287 885 3377 amplectuntur.
926 3285 1206 3358 Namcumora-
1259 3283 1304 3352 ab
1326 3307 1366 3352 ea
1388 3283 1901 3377 iamilioComitesaZollern,
1926 3299 2055 3369 deinde
2074 3303 2235 3392 originem
2294 3305 2295 3356 ι

219 3394 300 3464 culo
317 3391 483 3462 iubemur
499 3411 563 3459 nos
579 3389 674 3479 ipsos
696 3411 818 3472 nosse,
845 3389 882 3457 id
897 3412 971 3457 eam
990 3391 1121 3480 opinor
1133 3391 1204 3457 vim
1258 3384 1417 3466 duxisse,
1449 3401 1655 3476 argumento
1677 3406 1746 3478 est,
1777 3395 1915 3466 catulus
1941 3398 2081 3491 insigne
2104 3405 2234 3494 gentili-
2294 3399 2295 3482 J

217 3490 360 3578 habere,
384 3507 424 3564 ιιι
439 3505 512 3564 tum
528 3490 625 3576 vitia,
647 3491 676 3558 si
693 3514 762 3583 qua
779 3491 817 3562 in
833 3489 937 3560 nobis
952 3485 1110 3576 haerent,
1130 3505 1205 3561 tum
1259 3485 1348 3554 tium
1366 3487 1442 3556 eius
1456 3487 1622 3574 familiae,
1645 3515 1749 3584 quens
1766 3509 1800 3565 ει
1817 3495 2044 3572 Marcbiones
2058 3501 2234 3574 Branden·

218 3595 325 3670 etiam
349 3597 442 3664 bona
467 3608 586 3666 nostra
611 3614 814 3677 noscamus,
843 3593 904 3660 illa
927 3607 968 3662 ut
990 3593 1207 3682 corrigamus
1259 3589 1466 3677 burgenses,
1499 3591 1559 3682 qui
1588 3595 1730 3664 eosdem
1757 3597 1813 3666 sui
1838 3601 1976 3686 generis
1999 3627 2039 3674 ac
2063 3607 2233 3695 sanguinis

218 3720 258 3768 ac
276 3697 445 3778 vitemus,
463 3689 549 3764 baec
565 3706 604 3763 ut
618 3692 817 3778 excitemus,
843 3705 875 3762 et
893 3717 1093 3782 augeamus,
1110 3695 1205 3764 iuxta
1258 3703 1397 3760 asstores
1413 3691 1552 3775 lerunt,
1578 3705 1617 3762 ut
1635 3707 1789 3766 vetustae
1811 3700 1958 3790 originis
1973 3721 2232 3777 monumentum

218 3797 347 3868 veteris
364 3792 542 3890 proverbii
557 3794 784 3863 sententiam:
811 3791 993 3883 Spartam,
1019 3819 1124 3886 quam
1141 3819 1206 3864 ua-
1258 3791 1296 3860 iu
1314 3789 1426 3878 galeis
1450 3806 1595 3880 gestant.
1655 3791 1752 3866 lnter
1772 3793 1868 3870 hunc
1887 3803 1996 3892 igitur
2016 3805 2182 3878 Guellum
2204 3821 2233 3877 ει

219 3911 297 3971 ctus
312 3923 365 3984 ea,
391 3923 467 3968 earn
484 3918 599 3968 ornes.
650 3891 715 3964 Est
730 3915 814 3962 vero
836 3917 963 3986 operae
979 3895 1136 3984 precium
1151 3895 1205 3964 vi·
1257 3887 1489 3961 Clusnradum
1505 3891 1681 3981 Saevum,
1707 3923 1786 3969 csrm
1803 3925 1866 3992 per
1880 3904 2018 4000 aliquot
2033 3935 2155 3996 annos,
2179 3933 2232 3980 va·

218 4001 322 4086 dere,
345 4013 476 4094 quanta
500 3996 607 4069 luerit
628 3993 853 4087 simplicitas,
877 3995 1052 4085 probitas,
1076 4010 1110 4066 et
1136 3993 1205 4065 bu·
1258 3995 1371 4062 riante
1387 3995 1529 4064 fortuna
1545 4013 1721 4084 eventum,
1743 4002 1986 4093 belligeratum
2006 4025 2104 4096 esset,
2129 4025 2160 4082 et
2175 4035 2231 4080 au·

217 4103 369 4174 manitas
396 4101 569 4172 maiorum
593 4111 795 4168 nostrorum
821 4111 979 4168 veterum
1005 4095 1206 4168 Germano·
1257 4094 1355 4184 cipiti
1370 4117 1471 4186 saepe
1488 4095 1605 4166 Marte
1622 4115 1833 4190 pugnatum,
1857 4107 2005 4178 vulnera
2023 4114 2130 4182 multa
2147 4135 2231 4183 nuru

217 4229 317 4289 rum,
342 4227 493 4296 qnorum
509 4203 610 4282 iacta,
636 4199 666 4268 si
683 4197 793 4270 literis
810 4199 961 4290 prodita,
987 4199 1017 4267 si
1033 4201 1078 4268 ab
1094 4195 1205 4269 bisto-
1258 4197 1373 4281 illata,
1398 4219 1495 4267 nunc
1510 4199 1663 4268 vicissim
1683 4218 1841 4294 accepta,
1866 4213 2011 4279 tandem
2027 4215 2181 4286 constitit
2199 4215 2230 4282 id
2293 4233 2294 4238 ’

217 4308 271 4379 ria
285 4307 400 4376 lucem
415 4303 637 4395 accepissent,
661 4314 701 4370 ιιι
715 4299 1030 4394 quaeaRomanis
1044 4315 1078 4371 et
1092 4299 1204 4370 Grae-
1257 4299 1390 4368 bollum
1412 4301 1455 4368 ad
1480 4301 1648 4390 oppidum
1666 4305 1878 4398 Wiusberg.
1929 4309 2045 4402 Quem
2064 4315 2103 4384 in
2124 4317 2227 4385 locum
2293 4307 2294 4382 ζ

217 4410 268 4480 cia
290 4421 383 4500 gesta
405 4420 507 4489 sunt,
532 4429 611 4475 oum
632 4403 789 4495 utrisque
812 4395 908 4471 haud
932 4403 1058 4486 dubie,
1092 4417 1204 4473 essent
1258 4398 1409 4469 Guellus
1422 4424 1546 4472 omnes
1558 4403 1650 4472 vires
1666 4431 1745 4476 suas
1761 4411 1969 4499 contulerat,
1983 4439 2133 4510 eumque
2145 4441 2229 4486 com-
2293 4461 2294 4501 ,

85 4532 90 4540 ·
216 4512 317 4584 omni
340 4531 467 4600 genere
499 4503 875 4596 praestantissimarum
898 4505 1068 4574 virtutum
1094 4519 1204 4574 certa·
1257 4501 1445 4584 rsrrrnierat,
1468 4513 1518 4587 ut,
1538 4529 1618 4573 cum
1636 4509 1743 4578 armis
1761 4523 1875 4581 tutare
1890 4513 2006 4606 impar
2024 4533 2122 4604 esset,
2147 4518 2228 4586 vallo

215 4630 310 4689 tura.
361 4611 431 4683 Sed
447 4609 515 4680 luit
532 4607 592 4676 illa
615 4620 707 4675 aetas
724 4605 906 4674 literarum
926 4619 960 4674 et
983 4605 1204 4698 eloquentiae
1255 4627 1295 4670 ac
1317 4604 1504 4674 moenibus
1525 4627 1599 4675 sese
1619 4622 1803 4683 tutaretur.
1862 4610 2038 4688 Obsessos
2061 4633 2112 4692 est
2133 4619 2228 4710 igitur

215 4717 334 4802 rudis,
359 4737 449 4810 quae
465 4735 529 4781 nec
551 4707 748 4780 describere
772 4709 974 4786 commode,
999 4708 1112 4776 multo
1136 4709 1204 4775 mi-
1255 4699 1502 4796 aCbunrado,
1527 4723 1560 4778 et
1577 4725 1656 4799 post
1669 4713 1797 4782 multas
1817 4735 1859 4784 ac
1878 4717 2040 4790 difficiles
2060 4743 2228 4816 oppugua-

214 4845 284 4895 uus
299 4841 427 4892 ornare
446 4827 499 4886 tot
516 4810 666 4901 insignia
686 4809 794 4893 iacta,
820 4821 853 4877 ει
869 4831 924 4876 res
947 4809 1123 4898 praeclare
1144 4831 1203 4898 ge-
1255 4807 1388 4891 tiones,
1413 4831 1499 4900 quas
1519 4811 1685 4881 sustinuit
1705 4814 1864 4907 lortiter,
1890 4821 2032 4890 tandem
2056 4823 2178 4906 armis,
2199 4831 2226 4889 et

215 4939 286 5000 stas
312 4920 444 5015 potuit3
477 4914 661 5005 Principes
689 4931 772 4980 vero
796 4909 864 5002 ipsi
894 4912 1004 4999 magis
1024 4909 1203 4979 effectores
1254 4921 1408 4978 extremo
1426 4905 1663 4981 bumanorum
1683 4915 1878 4999 malorum,
1904 4921 1997 4990 fame
2013 4937 2226 5016 expugnatos,

213 5045 423 5121 magnarum
447 5041 585 5100 rerum,
611 5037 716 5107 qoam
739 5025 971 5082 ostentatores
992 5033 1066 5079 esse
1084 5013 1202 5081 stude·
1254 5023 1393 5080 cristatus
1408 5027 1459 5082 est
1472 5012 1560 5082 irato
1576 5013 1715 5100 victori,
1740 5019 2011 5114 quibuscunque
2024 5023 2227 5096 conditioni-

211 5135 311 5208 bant.
371 5125 467 5200 Hinc
493 5122 623 5192 lactum
651 5129 720 5200 est,
752 5126 792 5186 ut
817 5115 927 5184 multa
952 5113 1201 5196 illustrissima,
1253 5111 1339 5195 bus,
1364 5136 1400 5182 se
1415 5128 1451 5182 ει
1470 5135 1551 5184 suos
1568 5117 1705 5188 dedere.
1758 5120 1813 5188 Ibi
1835 5119 2031 5213 Imperator
2053 5126 2225 5218 praecepit,

211 5251 248 5312 ει
262 5225 485 5308 admirabilia
501 5220 642 5294 virtutis
656 5239 781 5310 opera,
804 5216 1019 5286 diuturnitas
1034 5215 1202 5304 temporis
1253 5227 1293 5282 ut
1309 5212 1471 5299 Guellus,
1496 5217 1701 5310 caeterique,
1717 5219 1777 5314 qui
1792 5247 1930 5304 cumen
1946 5227 2077 5298 obsessi
2089 5231 2225 5308 fueram,

211 5355 246 5415 at
268 5333 404 5412 oblivio
428 5324 637 5400 aboleverit:
668 5321 842 5416 quaedam
872 5329 1010 5399 temen,
1041 5316 1139 5386 velut
1160 5339 1200 5386 ex
1252 5311 1411 5386 Baroues
1435 5329 1470 5386 et
1493 5322 1662 5410 equestris
1683 5323 1821 5392 ordinis
1842 5325 1912 5395 viri
1929 5328 2039 5399 vincti
2061 5331 2098 5399 in
2115 5341 2222 5399 custo·

209 5435 378 5520 incendio
394 5445 456 5506 aut
471 5428 575 5502 ruina
595 5441 731 5518 erepta,
755 5423 800 5493 ad
823 5430 963 5490 nostrae
979 5409 1090 5511 usque
1105 5432 1200 5488 aeta·
1252 5420 1349 5489 diam
1375 5419 1615 5507 traderentur,
1648 5437 1688 5494 ut
1720 5425 1760 5493 iu
1793 5447 1853 5496 eos
1878 5428 1957 5499 iure
1982 5429 2069 5501 belli
2093 5443 2224 5525 propter
