4614 5820
69 287 133 364 oss
729 281 888 356 onon
920 282 996 356 nn
1028 279 1422 358 amerornnn
2004 289 2086 366 654

66 463 135 530 dam
151 461 304 549 potitur,
329 458 369 526 in
387 479 457 549 qna
470 457 583 526 multa
603 469 703 526 erant
718 453 921 525 Aristotelis
936 455 1038 524 volu·
1089 453 1150 547 qni
1165 453 1324 523 fortassis
1341 452 1381 521 in
1397 453 1472 522 eius
1488 453 1669 523 facultates
1692 457 1852 526 involare
1876 459 2082 549 cupiebant,

66 563 161 633 mina.
210 558 333 629 Motus
356 559 466 646 igitur
482 559 574 628 lama
594 557 685 627 tanti
706 557 795 636 viri,
829 570 863 624 et
881 555 1039 624 fortassis
1088 556 1150 649 qui
1172 555 1205 622 ei
1226 555 1358 623 iudicia
1381 553 1656 634 minitabantur,
1690 571 1730 626 ut
1746 555 1905 646 Socrati,
1937 561 2079 631 obiecto
2139 557 2142 574 '

64 661 237 732 aLucullo
254 660 476 742 admonitus,
503 653 958 752 ipuiPhilosophiaestudia
975 679 1039 746 ap·
1088 656 1236 725 crimine
1261 655 1466 745 impietatis:
1509 659 1605 748 quod
1629 653 1788 726 Deorum
1823 663 1965 730 turbam
2001 686 2077 730 non

64 763 201 853 petebat,
221 760 351 852 passim
369 761 408 828 in
426 774 497 830 tota
506 758 654 832 Graecia
664 759 907 827 Aristotelicos
925 758 1038 826 libros
1088 759 1274 850 probaret,
1301 757 1362 824 sed
1378 757 1529 841 diceret,
1559 780 1667 826 unam
1683 760 1861 850 quandam
1876 783 1949 830 esse
1964 777 2077 834 aeter-

63 863 184 954 inquiri
201 863 322 944 iussit,
347 861 732 954 deditqueAndronico
748 861 972 943 mandatum,
998 872 1039 927 ut
1087 883 1170 926 nam
1187 871 1362 942 mentem,
1381 857 1517 926 viribus
1542 857 1743 943 immensis,
1774 883 1912 929 causam
1938 865 2076 932 ordinis

64 965 215 1032 collectos
229 975 323 1031 recte
335 961 583 1051 distribueret,
615 983 654 1030 ac
678 960 832 1030 venuste
848 973 883 1029 et
902 961 1038 1048 integre
1087 961 1126 1027 in
1139 959 1304 1026 universa
1319 969 1456 1042 natura,
1484 959 1523 1026 in
1540 983 1646 1050 quam
1662 961 1869 1031 sententiam
1887 961 2076 1033 etHomeri

64 1077 223 1155 quantum
243 1062 320 1132 lieri
342 1075 476 1152 posset,
510 1063 722 1152 descriptos,
756 1061 797 1128 in
811 1055 1038 1130 bibliothecis
1086 1059 1300 1128 versiculum
1336 1059 1474 1144 citavit,
1519 1059 1588 1131 οὐκ
1616 1056 1767 1158 ἀγαθὸν
1799 1059 2074 1158 πολυκοιρανίη,

62 1165 202 1255 publicis
218 1163 416 1235 collocaret.
468 1161 588 1255 Syllae
604 1163 712 1251 igitur
725 1160 916 1231 foelicitate
933 1175 966 1230 et
980 1161 1038 1229 di·
1087 1156 1138 1241 εἷς
1164 1155 1339 1256 κοίρανος
1361 1156 1455 1231 ἕστο.
1521 1158 1691 1231 Discessit
1719 1163 1828 1250 igitur
1854 1166 1899 1233 ad
1922 1179 2076 1234 veterem

62 1265 213 1352 ligentia,
239 1277 274 1334 et
287 1263 399 1354 ipsius
416 1259 610 1333 amicorum
628 1263 780 1332 consilio
795 1275 900 1354 atque
921 1285 1039 1352 opera,
1087 1263 1237 1331 amicum
1256 1257 1482 1346 Chalcidem,
1505 1261 1571 1332 ubi
1585 1285 1658 1331 non
1676 1263 1788 1332 multo
1802 1279 1882 1354 post
1899 1266 2081 1335 climacte-

62 1379 205 1434 servatus
220 1378 272 1435 est
286 1359 345 1433 hic
363 1359 558 1434 thesaurus.
609 1359 659 1434 Et
674 1360 875 1433 Andronici
893 1385 1038 1431 enarra·
1087 1364 1164 1432 rico
1177 1383 1275 1431 anno
1288 1363 1502 1452 sexagesimo
1518 1364 1621 1434 tertio
1637 1379 1798 1434 mortuus
1813 1379 1879 1439 est

62 1467 163 1536 tiones
177 1465 295 1535 studia
305 1465 508 1558 aliquorum
524 1465 806 1535 adAristotelem
821 1485 1038 1552 cognoscen-

62 1571 137 1636 dum
150 1567 358 1636 invitarunt.
409 1561 581 1635 Nondum
604 1579 723 1636 tamen
747 1565 895 1634 lectores
908 1565 1042 1634 multos

62 1663 193 1750 habuit,
234 1669 331 1759 quod
363 1666 538 1736 llorebant
568 1667 609 1734 in
636 1663 787 1735 Graecia
813 1679 847 1734 et
873 1665 912 1732 in
941 1666 1042 1750 Asia„

62 1764 265 1851 Carneades,
291 1767 502 1858 Antipater,
527 1762 655 1851 Philo,
674 1761 877 1850 Phaedrus,
902 1761 1039 1856 Epicu-

43 1861 147 1951 reus,
193 1868 255 1960 qui
293 1868 393 1938 aliud
427 1868 612 1940 doctrinae
644 1889 755 1956 genus
788 1866 1042 1958 sequebantur.

61 1963 173 2036 Postea
193 1991 279 2038 vero
295 1963 499 2063 Alexander
521 1964 1038 2060 AphrodisiensisAntonino-

62 2091 130 2136 rum
161 2081 340 2157 tempore,
384 2093 466 2138 cum
499 2069 703 2138 luculentas
726 2068 969 2138 enarrationes
999 2069 1041 2136 in

62 2161 147 2236 hunc
160 2168 350 2249 edidisset.
387 2170 582 2239 multorum
606 2168 726 2240 studia
748 2169 959 2253 commovit,
997 2181 1040 2239 ut

61 2267 195 2337 abiectis
215 2270 462 2339 deliramentis
483 2267 684 2340 Stoicorum
709 2281 744 2337 et
765 2263 1044 2360 Epicureorum,

62 2363 273 2439 Aristotelicas
289 2371 596 2460 amplecterentur.
640 2369 724 2442 Fuit
740 2371 863 2438 eodem
879 2383 1037 2464 tempore

62 2482 90 2538 et
105 2467 283 2556 Galenus,
299 2471 409 2540 euius.
419 2470 594 2540 iudicium
610 2471 766 2540 arbitror
786 2470 891 2538 etiam
907 2471 1045 2540 multos

62 2571 99 2635 ad
112 2564 338 2640 Aristotelem
351 2593 542 2645 revocasse.
584 2569 678 2640 Nam
691 2570 843 2639 subinde
858 2571 956 2640 velut
973 2595 1038 2640 au-

63 2669 193 2739 toritate
208 2671 388 2760 censoria,
416 2669 560 2741 Stoicos.
574 2685 611 2741 et
623 2669 820 2761 Epicureos
834 2670 1044 2758 gravissime

64 2769 235 2858 obiurgat,
257 2785 291 2841 et
311 2787 463 2841 veterem
480 2767 776 2861 Philosophiam,
793 2765 861 2840 hoc
877 2785 948 2853 est,
972 2768 1038 2840 ‘ve-
1066 2843 1070 2848 „
1188 2764 1265 2835 Diu
1282 2766 1423 2836 audivit
1441 2762 1656 2836 Aristoteles
1678 2767 1796 2835 virum
1817 2791 1955 2836 summo
1977 2768 2082 2857 inge--

62 2869 211 2955 ritatem,
232 2873 406 2942 adversus
419 2895 546 2940 eorum
559 2871 689 2942 deliria·
699 2884 908 2961 propugnat.
925 2871 1042 2942 'Grn-
1085 2865 1165 2950 nio,
1192 2880 1228 2936 et
1243 2867 1518 2956 locupletissima
1533 2867 1695 2936 doctrine
1715 2868 1923 2958 praeditum.
1992 2867 2078 2938 Non

62 2971 205 3041 tulemnr
217 2971 329 3060 igitur
343 2971 472 3057 uobis,
492 2973 698 3044 nonsolum
711 2983 844 3061 partem
860 2971 1042 3063 insignem
1086 2968 1301 3050 citodocuit,
1327 2968 1422 3036 mira
1432 2967 1503 3036 luit
1516 2968 1711 3056 diligentia,
1736 2968 1804 3038 luit
1822 2983 1856 3039 et
1870 2970 1984 3036 animi
1996 2993 2076 3038 rno-

62 3067 222 3140 librorum
239 3086 415 3141 servatam
431 3077 525 3141 'esser
552 3075 614 3144 sed
635 3074 744 3142 etiam
763 3073 917 3142 extitisse
939 3097 1037 3144 snm·
1086 3069 1227 3137 demtis·
1241 3068 1286 3134 lu
1295 3068 1399 3136 omni
1410 3068 1560 3139 fortuna
1573 3069 1779 3158 singularis-
1822 3065 1914 3138 Cum
1929 3064 2075 3140 haberet

62 3171 119 3238 uis
140 3173 300 3261 ingeniis.
315 3168 502 3258 homines,
534 3174 599 3267 qui
620 3168 711 3243 haee
730 3187 961 3245 monumenta
990 3175 1039 3242 il·
1085 3191 1202 3256 regem
1225 3169 1523 3240 florentissimum
1541 3170 1722 3254 amicum,
1741 3165 1838 3238 nihil
1855 3171 1905 3239 ab.
1922 3194 1962 3240 eo
1985 3173 2080 3262 peti-·

61 3269 190 3342 lustrata
206 3285 510 3364 propagaverunt.
1066 3323 1068 3328 ,
1086 3271 1156 3352 vit,
1181 3268 1255 3337 nisi
1272 3270 1372 3359 quod
1385 3273 1600 3341 conduceret
1612 3271 1673 3339 vel
1685 3273 1729 3340 ad
1749 3272 1901 3341 salutem
1912 3273 2083 3356 aliorum,

150 3371 262 3460 Quod·
286 3387 404 3443 autem
427 3370 559 3442 Gallus
578 3372 731 3466 'quidam
749 3375 951 3453 contendit.
991 3397 1042 3442 ne
1086 3370 1146 3436 vel
1161 3372 1210 3438 ad⁴
1220 3371 1385 3438 ornanda
1395 3371 1525 3443 studia..
1575 3369 1917 3442 Posteainaduersa
1932 3373 2081 3442 [ortuna
2162 3419 2164 3426 ·

63 3472 189 3542 tabulas
199 3473 347 3567 quidem
368 3497 412 3542 ex
431 3473 500 3542 illo
513 3471 718 3544 Aristotelis·
737 3476 927 3564 naufragio
944 3473 1043 3544 ullas.
1087 3470 1191 3539 etiam
1210 3471 1327 3560 gravis
1341 3469 1429 3540 fuit.

63 3587 316 3664 receptasesse.
336 3597 381 3642 ac·
397 3597 549 3666 prorsus
564 3575 716 3644 amissos
733 3597 807 3644 esse
834 3575 1042 3645 dialecticos

64 3671 180 3744 libros:¹
206 3668 583 3766 deinde-hosquihoc
599 3674 703 3744 titulo
724 3675 1041 3756 circumferuntur..

63 3776 178 3844 mdera
203 3775 406 3858 continere,
448 3799 527 3843 non
549 3774 641 3844 artis·
664 3775 824 3865 integrae·
847 3775 1043 3848 extructio-

63 3895 154 3960 nem,
179 3897 262 3956 seu.
294 3888 335 3944 ut
357 3874 411 3945 ita·
430 3875 570 3960 dicam,
598 3877 819 3946 aedilicium.-
846 3879 949 3948 illum
968 3873 1041 3946 hoe·

65 3993 122 4042 suo
138 3975 281 4044 somnio
302 3975 467 4045 delectari
486 3975 656 4070 sinamus.
704 3975 777 4048 Nos
802 3974 888 4048 haer
904 4002 1041 4048 monu-

63 4089 182 4160 nenta,
192 4077 439 4170 cuiuscunque
447 4089 541 4161 sunt,
561 4075 837 4149 etsiAristotelis
852 4102 925 4150 esse
941 4080 1034 4149 mul-

1100 1561 1104 1568 ·
1187 1511 1366 1586 Recensui
1380 1515 1535 1584 breviter
1549 1511 1744 1600 historiam,
1762 1517 1801 1583 in
1818 1539 1887 1608 qna
1906 1516 1996 1586 utile
2011 1517 2078 1585 erit

1088 1613 1293 1684 aviditatem
1310 1614 1492 1695 discendi.
1519 1619 1648 1706 gradus
1663 1617 1884 1702 studiorum,
1912 1618 2077 1688 volunta-

1087 1731 1157 1786 tem
1173 1715 1349 1784 iuvandae
1367 1717 1563 1786 communis
1582 1717 1691 1797 vitae,
1718 1718 1867 1801 labores,
1892 1729 1926 1786 et
1942 1719 1981 1786 in
1995 1741 2077 1808 per-

1086 1816 1245 1884 ferendis
1262 1815 1530 1886 difficultatibus
1546 1842 1586 1886 ac
1602 1819 1695 1886 odiis
1712 1819 1823 1886 animi
1843 1819 2076 1887 constantiam

1088 1930 1121 1988 et
1137 1917 1416 1986 moderationem
1434 1919 1677 2008 contemplari.
1716 1917 1766 1990 Ut
1782 1918 1880 1986 enim
1895 1919 1980 1986 libri
1995 1943 2077 1986 ern-

1087 2017 1259 2086 ditionem
1273 2017 1395 2100 alunt,
1421 2018 1469 2088 ita
1491 2021 1650 2110 exempla
1671 2020 1821 2088 excitare
1847 2019 2006 2101 animum
2030 2019 2076 2088 ad

1086 2114 1213 2188 harum
1231 2117 1403 2189 virtutum
1424 2118 1659 2188 imitationem
1675 2121 1800 2191 solent.
1845 2115 1893 2188 Et
1908 2135 1947 2189 ut
1963 2120 2077 2210 picto-

1086 2220 1185 2288 ribus
1211 2219 1443 2308 praecipitur,
1477 2233 1516 2290 ut
1544 2220 1719 2290 discentes
1746 2221 1909 2310 pingere,
1945 2221 2077 2308 eligant

1086 2319 1156 2390 sibi
1171 2333 1284 2388 certos
1306 2320 1472 2400 artifices,
1504 2345 1655 2412 quorum
1679 2321 1950 2390 similitudinem
1976 2321 2083 2390 estin--

1087 2444 1170 2510 gere
1197 2422 1383 2500 studeant„
1419 2423 1515 2513 quod
1539 2422 1633 2490 idem
1657 2421 1696 2490 in
1722 2419 1873 2492 Musicis
1896 2434 1931 2491 et
1953 2422 2076 2490 multis

1087 2522 1171 2590 aliis
1183 2521 1376 2590 artificibus
1395 2523 1539 2609 probari
1557 2522 1660 2592 solet:
1689 2522 1739 2590 ita
1761 2522 1801 2588 in
1818 2522 2076 2610 regendis-stu·
2099 2523 2103 2536 “

1087 2623 1162 2692 diis
1171 2635 1206 2692 et
1220 2622 1379 2690 moribus
1395 2645 1604 2714 quaeramus
1621 2623 1736 2691 nostri
1749 2623 1863 2710 gregis
1880 2623 2065 2713 exemplos
2087 2699 2089 2710 Ι

1189 3615 1280 3688 Cum
1299 3612 1536 3713 sycophantae
1551 3619 1590 3686 ei
1601 3619 1984 3703 eritiummolirentur,
1999 3643 2079 3688 mn
2101 3595 2104 3602 ἱ

1086 3720 1218 3792 muniit
1233 3741 1270 3789 se
1286 3719 1512 3804 factionibus,
1537 3743 1616 3790 non
1627 3719 2081 3812 turbavi'tl'c'smpublicam,

1087 3823 1152 3892 sed
1175 3819 1312 3910 placide
1334 3844 1379 3890 rx
1399 3821 1487 3890 urbe
1511 3819 1633 3892 Attica·
1658 3823 1701 3890 in
1725 3822 1802 3891 lora
1826 3822 2075 3914 tranquilliora

1087 3921 1273 3996 concessit.
1308 3921 1368 3992 Sic
1382 3923 1480 3991 decet
1495 3917 1676 3993 hominem
1693 3917 1951 4014 philosophum
1963 3923 2082 4014 impe-

1086 4047 1169 4094 rare
1179 4023 1400 4105 iracundiae,
1415 4035 1452 4092 et·
1467 4023 1623 4111 privatos
1637 4023 1785 4092 iniurias
1799 4023 1966 4113 publicae
1975 4037 2079 4092 tran·-

63 4183 114 4242 tae·
126 4190 202 4247 sunt
218 4177 598 4266 gravesconiecturae,
623 4201 804 4265 ememus,
824 4194 858 4251 et
873 4180 924 4249 ei's
938 4183 1035 4249 frua-
1087 4123 1259 4254 quiifflffi
1273 4125 1486 4257 ⁰⁰¹¹,dmfii
1519 4119 1569 4241 El
1583 4137 1623 4192 ¹¹⁸
1640 4125 1682 4191 ⁵¹¹²
1693 4125 1956 4242 ffibflllf'aiuffl’·
1973 4122 2079 4243 Mffl·

63 4295 145 4344 mar,
197 4275 250 4348 Et
269 4273 359 4346 hfm„
378 4301 498 4347 veram
521 4271 854 4349 mephodfformam
875 4280 1038 4356 inomni
1087 4241 1163 4314 tem,
1179 4225 1229 4294 ab
1246 4219 1321 4294 Oto
1344 4218 1516 4314 Ephialte
1533 4237 1714 4309 vrnctum,
1748 4237 1782 4293 et
1807 4248 1850 4292 tn
1878 4225 1991 4294 ollam·
2017 4251 2081 4294 rn-

65 4373 110 4443 ὀὴ
133 4379 292 4448 afflone
311 4380 520 4450 sumendam
541 4401 620 4448 esse
638 4379 744 4449 seiam
857 4380 886 4452 s.
904 4377 974 4451 dh
1086 4327 1218 4397 elusam
1235 4347 1323 4393 esse:
1350 4325 1398 4394 ita
1419 4347 1489 4393 nos
1509 4323 1618 4394 bilem
1643 4339 1679 4395 et
1698 4326 1875 4396 vindictae
1899 4327 2081 4417 cupidita.

64 4399 168 4562 pogen
183 4480 342 4552 some·
748 4405 804 4451 ¹¹⁸*
884 4405 902 4450 ⁰
976 4404 1041 4450 Μ
1086 4441 1155 4500 tem
1185 4425 1362 4496 domitam
1388 4425 1486 4495 intra
1511 4438 1637 4517 pectus
1663 4449 1704 4496 ac
1735 4450 1933 4519 repressam
1959 4428 2076 4498 conti-

150 4576 243 4649 Cum
255 4592 376 4650 autem
388 4574 603 4652 Aristoteles
614 4603 731 4650 amaos
739 4583 908 4652 tredecim
922 4577 1038 4653 Athe·
1064 4550 1247 4600 'mamus'
1342 4603 1344 4608 ·

64 4673 321 4764 nisclocnisset,
350 4694 384 4750 et
399 4703 474 4750 non
491 4683 607 4751 solum
625 4685 749 4752 urbem
771 4685 878 4753 laude
900 4683 1040 4753 doctri--
1187 4677 1368 4751 Hactenus
1385 4681 1429 4748 de
1446 4679 1516 4748 vita
1533 4679 1624 4749 dixi:
1651 4703 1746 4752 nune
1760 4683 1937 4773 qrraeclans·
1950 4683 1993 4750 de
2012 4703 2074 4769 ge-

66 4797 123 4844 nae
141 4779 372 4852 celebriorem
396 4783 627 4868 reddidisset,
657 4784 722 4852 sed
742 4785 851 4854 etiam
866 4786 978 4856 merita
1001 4785 1038 4852 ei
1063 4804 1169 4866 {nere
1183 4777 1441 4872 Philosophiae
1453 4781 1600 4880 addam,
1634 4805 1698 4850 cur
1712 4779 1982 4852 Aristotelicum
1996 4805 2073 4850 raa-

65 4872 219 4950 beneficia
233 4879 482 4971 abAuti'patro
494 4885 724 4974 impetrasset,
740 4887 805 4978 qui
819 4899 903 4956 tunc
912 4885 1037 4956 Mace·
1083 4883 1181 4952 xime
1191 4883 1296 4951 nobis
1311 4877 1518 4950 inEcclesia
1531 4881 1617 4950 usui
1627 4903 1705 4950 esse
1713 4883 1943 4954 arbitremur.
1977 4879 2078 4954 Con-

66 4974 192 5048 doniam
207 4984 347 5072 regebat
357 5037 372 5066 ,
391 4986 537 5054 tandem
551 4986 634 5055 inde
644 4981 850 5057 Chalcidem
864 4987 1038 5061 discessit.
1084 4997 1181 5054 stare
1191 4984 1350 5054 arbitror
1359 4980 1457 5052 inter
1468 5005 1601 5067 omnes,
1616 4983 1889 5052 marimenohis
1901 4978 2075 5054 inEccle-

68 5069 148 5146 Nam
170 5103 249 5172 cnm
274 5098 354 5174 post
377 5079 573 5156 Alexandri
593 5099 741 5156 mortem
765 5079 937 5159 adversus
955 5086 1038 5158 An-
1083 5085 1134 5154 sia
1152 5105 1243 5174 opus
1255 5107 1333 5153 esse
1344 5081 1560 5166 Dialectica,
1580 5105 1675 5176 quae
1690 5078 1880 5154 methodos
1900 5097 1997 5154 recte
2014 5085 2076 5153 in-

68 5173 219 5265 lipatmm
232 5183 394 5276 inquieta
406 5185 534 5258 civitas
544 5188 678 5258 bellum
700 5189 1039 5268 inl‘oclirmoveret.
1081 5187 1234 5265 format..
1263 5209 1357 5277 qrrae
1373 5188 1498 5254 dextre
1510 5183 1657 5267 delinit,
1682 5184 1773 5254 iuste
1790 5179 1959 5276 partitur,
1992 5199 2075 5276 apte

67 5293 198 5368 propter
206 5285 399 5356 amicitiam
410 5283 606 5378 Antipatri,
622 5282 775 5359 Athenis
789 5315 867 5360 non
879 5291 960 5359 sine
970 5291 1039 5380 pe-'
1082 5285 1277 5370 connectit,
1296 5287 1430 5357 iudicat
1447 5299 1482 5356 et
1495 5284 1635 5355 divellit
1649 5298 1867 5356 monstrosas
1879 5287 2077 5356 connexio-

68 5373 165 5450 riculo
179 5407 252 5455 esse
270 5399 418 5480 poterat.
476 5385 644 5462 literam
668 5384 834 5462 homines
855 5388 1036 5476 malevoli,
1080 5409 1156 5464 nes.
1205 5383 1312 5458 Hane
1321 5399 1432 5456 artem
1448 5387 1600 5480 quinon
1614 5399 1769 5468 norunt,
1791 5387 1946 5458 lacerant
1961 5403 2074 5460 mate-
