4704 5826
203 231 282 322 oas
621 217 791 326 ¹nuci.
824 215 901 300 un
929 215 1142 322 nusum
1172 215 1474 348 nonninus
1505 217 1582 299 nr
1613 173 1838 328 causis
2182 229 2256 306 sss

208 405 359 506 quistis·
380 397 610 498 perspicietis.
656 391 711 468 Ac
733 408 775 468 ut
796 419 854 467 ars
877 392 1014 466 medica
1038 417 1113 466 nou
1132 393 1206 466 dis-
1256 391 1347 464 siliis
1367 395 1570 468 accendunt
1586 397 1643 466 vel
1666 419 1811 485 errore,
1837 397 1895 470 vel
1911 401 2153 476 mugio„
2169 401 2258 472 dvi,

208 510 318 586 sentit
341 531 360 580 a
382 506 528 600 pietate,
561 501 622 572 sed
648 497 767 592 potius
787 497 974 590 multiplex
1000 521 1207 568 commone·
1255 493 1515 568 lesdiscordiss
1531 513 1565 572 et
1584 499 1690 570 bella.
1743 498 1868 596 ltaque
1884 517 2032 598 propter
2046 505 2256 576 mandatnm
2334 527 2335 550 ²

207 613 315 686 tactio
335 623 388 682 est
411 610 455 678 de
479 603 565 680 Deo.
616 600 725 672 Videt
747 598 843 672 enim
868 599 1027 672 medicus
1040 611 1206 672 naturam
1256 611 1292 670 et
1308 599 1398 668 iram
1413 597 1540 672 Deiad
1557 615 1651 674 recte
1667 600 1829 674 discendi
1843 629 1964 676 curam
1977 629 2040 678 vos
2057 609 2259 678 exuscitate.

209 715 389 790 conditum
404 718 867 799 summasrtenequaquam
882 701 1038 774 extitisse
1052 725 1147 788 casn,
1172 715 1207 773 et
1255 695 1358 772 Nihil
1373 701 1472 774 enini
1486 703 1624 776 tristius
1639 704 1787 794 cogitari
1805 719 1931 800 potest,
1957 733 2063 803 qum
2079 711 2258 802 pubem*

209 819 301 890 vcllc
322 814 455 894 Deum,
488 822 531 880 ut
550 803 660 878 huius
680 805 768 878 artis
790 829 857 898 ope
878 805 984 876 multi
1008 818 1205 886 serventur,
1256 817 1369 874 torem
1394 805 1627 876 consiliorum
1653 807 1812 898 neglecta
1839 823 1902 882 aut
1925 797 2118 904 depravata
2140 813 2259 902 legum

208 923 260 996 sic
275 937 499 1012 nequaquam
516 909 680 982 dissentit
696 935 714 978 a
732 909 863 1002 pietate
881 909 998 998 legum
1020 907 1207 1000 sapientia,
1256 928 1343 976 voce
1366 904 1446 978 lieri
1469 907 1623 978 similem
1646 909 1780 996 iuriee,
1805 935 1897 1006 quae
1912 911 2089 985 infinitam
2105 915 2260 1007 dissipa-

207 1025 270 1095 ssd
293 1019 412 1114 potius
438 1016 576 1086 illustre
600 1012 844 1084 testimonium
865 1023 917 1081 cst
934 1022 969 1080 et
984 1009 1061 1102 ipsa
1083 1009 1206 1102 provi·
1256 1007 1392 1078 tionem
1419 1019 1455 1080 et
1479 1011 1714 1082 vastationem
1735 1013 1775 1082 in
1799 1035 1927 1104 genere
1951 1010 2110 1088 humano
2140 1017 2260 1102 efficit,

208 1123 349 1199 dentiae
362 1118 519 1192 divinae.
551 1113 644 1186 Nam
660 1115 822 1184 miranda
837 1111 1052 1184 consociatio
1066 1111 1206 1204 generis
1257 1121 1292 1180 et
1320 1103 1491 1182 horribili
1519 1113 1674 1184 amentis
1704 1116 1779 1186 ruit
1806 1116 1846 1186 in
1877 1130 2041 1189 aeternos
2066 1120 2256 1192 cruciatus.
2334 1161 2337 1200 ,

206 1225 359 1300 humani
376 1235 412 1294 et
425 1221 515 1292 ordo
530 1217 782 1310 imperiorum,
808 1229 844 1286 et
866 1214 1003 1286 ordinis
1018 1237 1207 1285 conserva-
1258 1209 1382 1306 Neque
1399 1237 1478 1284 rara
1503 1228 1589 1287 sunt
1609 1217 1769 1309 exempla
1794 1217 1921 1290 talium
1944 1221 2131 1295 furiarum.
2186 1220 2258 1294 Sed

208 1333 282 1417 tin,
305 1339 341 1400 et
355 1348 492 1420 poenae
506 1320 680 1392 atrocium
696 1319 869 1412 scelernm
884 1317 1070 1388 maniieste
1085 1331 1206 1390 osten·
1256 1309 1373 1385 Deum
1396 1329 1579 1386 aeteruum
1598 1331 1735 1410 patrem
1750 1315 1899 1390 Domini
1918 1322 2034 1394 nostri
2053 1319 2132 1394 lesu
2147 1319 2258 1394 Chri-

208 1437 301 1508 dunt
315 1428 432 1502 Deum
457 1439 492 1498 et
512 1438 673 1496 sutorem
701 1435 735 1494 et
754 1422 934 1492 custodem
959 1441 1033 1490 csse
1055 1433 1090 1490 et
1110 1419 1206 1490 iudi·
1257 1415 1303 1488 sti
1323 1417 1458 1488 iontem
1483 1419 1676 1510 sapientiae
1696 1435 1731 1492 et
1752 1422 1910 1494 iustitiae
1931 1425 2141 1496 ardentibus
2164 1425 2257 1496 votis
2337 1397 2338 1426 ¹

207 1560 284 1608 cem
305 1529 445 1625 generis
465 1523 627 1600 hnmani.
678 1519 825 1596 Etcum
848 1521 1019 1594 iustitiam
1037 1520 1207 1594 discimus
1257 1531 1484 1606 oremus,.m
1507 1519 1582 1614 ipse
1605 1536 1742 1596 mentes
1762 1539 1922 1612 nostras,
1945 1527 2081 1612 studia,
2106 1528 2257 1598 consilia

207 1635 457 1734 aequalitatem
479 1652 572 1716 esse,
598 1641 633 1700 et
654 1622 746 1698 hanc
769 1625 1018 1720 aequalitatem
1039 1624 1129 1695 mira
1147 1647 1206 1694 so-
1258 1635 1293 1692 et
1308 1620 1465 1692 actiones
1481 1637 1623 1694 nostras
1646 1637 1765 1716 regat,
1790 1641 1831 1696 ut
1856 1642 1988 1699 ornent
2010 1628 2162 1720 gloriam
2178 1627 2257 1712 Dei,

206 1741 310 1813 lertia
329 1733 604 1825 investigamus,
629 1751 733 1822 saepe
753 1723 844 1798 mihi
867 1727 906 1798 in
922 1739 1078 1798 mentem
1097 1727 1207 1813 venit,
1257 1735 1292 1794 et
1307 1723 1448 1816 prosint
1461 1726 1585 1808 nobis,
1611 1739 1646 1798 ct
1661 1727 1729 1799 toti
1746 1729 1868 1818 generi
1889 1723 2049 1802 humano
2054 1783 2069 1818 ,
2096 1745 2135 1806 et
2150 1733 2257 1804 iaciat
2338 1741 2339 1764 ³

205 1845 323 1918 Deum
349 1859 493 1934 quoque
522 1857 603 1906 cuin
629 1833 677 1903 sit
701 1831 934 1916 iustissimus,
971 1824 1205 1902 hauddubie
1257 1847 1323 1896 nos
1354 1849 1436 1896 vasa
1464 1827 1731 1900 misericordiae
1763 1831 1932 1903 salutaria
1962 1835 2085 1920 nobis,
2120 1846 2157 1904 et
2179 1835 2257 1904 aliis

117 1949 120 1962 ’
205 1945 390 2040 aequalem
416 1961 490 2010 esse
515 1937 592 2006 sine
616 1933 818 2024 acceptione
847 1955 1037 2024 personae,
1070 1944 1105 2002 et
1129 1931 1205 2002 sine
1258 1921 1484 2016 hominihus,
1535 1943 1572 2002 et
1601 1931 1667 2003 toti
1693 1929 1940 2025 Reipublicae.
2012 1931 2154 2008 Deinde
2191 1960 2256 2007 nos

206 2043 409 2144 tyrannide.
450 2035 633 2110 Omnibus
649 2036 758 2128 igitur
771 2033 877 2107 oliert
891 2033 1053 2120 salutem,
1078 2047 1115 2105 et
1129 2036 1207 2104 vult
1257 2053 1400 2124 qnoque
1413 2031 1520 2102 iidem
1538 2045 1573 2105 et
1587 2031 1809 2126 diligentiam
1825 2033 1863 2106 in
1880 2037 2043 2108 docendo
2059 2051 2095 2110 et
2115 2039 2257 2110 discen-
2339 2051 2340 2058 ’

52 2149 65 2156 ”
207 2150 364 2244 πείρετε
378 2157 412 2216 et
428 2163 580 2221 servare,
595 2139 692 2233 quod
706 2139 751 2208 ad
767 2135 879 2228 ipsius
889 2135 1108 2206 voluntatem
1122 2135 1206 2206 atti·
1257 2135 1304 2204 do
1327 2125 1582 2220 adhibeamus,
1613 2159 1720 2230 quam
1743 2150 1780 2208 et
1800 2138 1878 2210 vult
1899 2133 2064 2210 adhiberi
2080 2137 2201 2227 Deus,
2225 2155 2259 2212 et
2339 2143 2340 2146 ’

207 2266 280 2344 pet.
327 2246 447 2338 Quam
462 2241 627 2314 mirando
643 2239 794 2312 consilio
811 2237 1019 2332 temperavit
1036 2237 1133 2310 Deus
1148 2237 1206 2308 iu·
1256 2248 1296 2306 ut
1310 2247 1487 2328 praestare
1502 2237 1625 2333 aliquo
1641 2240 1749 2310 modo
1766 2261 1967 2332 possemus,
1993 2242 2133 2314 viribus
2151 2257 2258 2315 natu.

206 2353 340 2427 stitiam
356 2343 711 2420 etmisericordiam?
732 2339 1206 2412 lmmensaemiscricordiac
1256 2361 1316 2408 rae
1332 2359 1398 2408 nos
1414 2338 1601 2426 instruxit,
1626 2363 1714 2436 quas
1727 2342 1804 2414 vult
1820 2366 1895 2414 non
1912 2344 2145 2416 csseocims.
2178 2343 2258 2418 Etsi

207 2454 374 2550 estquod
395 2447 523 2541 recipit
545 2469 656 2537 genus
676 2439 895 2530 humanum,
918 2456 1087 2515 ettamen
1102 2441 1206 2512 iusti·
1257 2453 1375 2510 autem
1391 2439 1431 2510 in
1447 2441 1666 2533 amplissima
1690 2443 1858 2526 materia,
1888 2447 1934 2515 de
1958 2446 2127 2518 laudibus
2147 2449 2258 2520 totius
2340 2467 2341 2474 ¹

206 2559 278 2634 tiae
293 2553 362 2628 Dei
378 2553 545 2624 immotae
562 2562 649 2630 erat,
676 2560 717 2618 ut
730 2545 786 2616 lex
802 2545 915 2616 lieret:
943 2543 1017 2615 Nec
1033 2569 1075 2615 ex
1091 2543 1206 2614 tuiitt-
1257 2539 1397 2636 politici
1429 2543 1569 2614 ordinis
1592 2557 1627 2614 et
1649 2558 1852 2616 nostrerum
1879 2547 1998 2638 legum
2031 2549 2259 2640 disputanda,

205 2676 278 2736 tate
293 2657 479 2729 reinissum
495 2665 547 2722 est
562 2661 756 2742 peccatum.
807 2645 1052 2719 Constitutum
1071 2659 1124 2718 est
1138 2645 1205 2738 igi·
1257 2645 1350 2714 etde
1367 2645 1546 2736 praesenti
1568 2646 1659 2718 iuris
1674 2647 1840 2718 doctrina
1863 2652 1996 2721 tuenda
2019 2651 2136 2722 multo
2153 2653 2259 2744 plura

207 2781 278 2850 tur,
290 2773 332 2833 nt
348 2779 463 2852 poena
478 2753 516 2824 in
530 2753 645 2824 lilium
662 2750 895 2835 derivaretur,
920 2749 1004 2844 quia
1019 2747 1205 2820 universa-
1257 2745 1407 2818 dicenda
1422 2761 1535 2834 erant,
1559 2762 1680 2822 tamen
1695 2774 1792 2822 nunc
1807 2773 1882 2822 non
1896 2775 1957 2824 ero
1971 2753 2158 2843 prolixior,
2185 2778 2258 2825 non
2341 2753 2342 2792 t

204 2867 295 2940 liter·
304 2864 360 2934 lex
375 2859 432 2930 vel
447 2858 491 2928 sd
510 2853 770 2940 obedientiam,
797 2853 854 2922 vel
875 2853 919 2923 ad
941 2875 1092 2944 poenam
1112 2849 1206 2921 obli·
1257 2849 1374 2920 solum
1391 2849 1475 2944 quia
1485 2843 1573 2922 haec
1586 2853 1740 2924 brevitas
1756 2853 1932 2926 orationis
1945 2857 1991 2926 ad
2002 2856 2258 2948 praescriptum

206 2981 276 3062 gat.
305 2957 394 3036 'Hie
408 2959 522 3031 mede
537 2957 688 3028 consilio
705 2969 741 3028 et
755 2953 889 3026 iustitis
905 2949 1127 3026 aeternaDei
1141 2953 1206 3024 ad·
1257 2964 1397 3044 tempus
1412 2955 1719 3028 accommodatum
1736 2968 1799 3042 est,
1821 2957 1884 3026 sed
1900 2957 2015 3028 multo
2029 2957 2153 3049 inagis,
2172 2959 2259 3052 quis

205 3080 330 3144 monet
350 3061 439 3136 haec
460 3061 606 3153 politica
623 3057 758 3130 iustitia
779 3057 817 3126 in
841 3057 978 3146 legibus
997 3055 1128 3126 nostris
1143 3055 1206 3124 de·
1257 3076 1378 3123 rerum
1401 3054 1601 3145 amplitudo
1625 3068 1819 3138 cantasse,
1850 3069 1891 3128 ut
1916 3083 2063 3130 omnem
2085 3061 2259 3154 eloquen-
2342 3043 2343 3076 ³

205 3173 347 3265 scripta.
398 3165 512 3256 Saepe
536 3185 618 3234 cum
639 3159 831 3230 discrimen
857 3159 971 3250 cogito
995 3159 1089 3228 inter
1106 3157 1206 3248 vigo·
1257 3155 1344 3227 tiam
1362 3167 1517 3248 superet.
1568 3155 1693 3228 Bonae
1709 3171 1845 3230 meme,
1862 3153 1918 3228 ht,
1932 3159 2176 3233 fundamemg,
2198 3187 2259 3234 ,0-

205 3299 283 3348 rein
300 3269 390 3342 iuris
406 3281 440 3340 et
454 3264 690 3360 aequitatem,
716 3261 823 3332 simul
840 3261 1027 3332 considero
1045 3259 1155 3350 legem
1172 3272 1208 3332 et
1257 3257 1385 3348 gnitis,
1406 3280 1509 3350 saepe
1523 3259 1680 3348 cogitent
1695 3261 1741 3329 de
1757 3260 1932 3351 dignitate
1948 3262 2086 3354 politici
2109 3264 2260 3350 ordinis,

205 3373 455 3466 Evangelium.
482 3408 486 3412 -
516 3363 582 3438 Est
616 3365 711 3434 enim
746 3377 786 3434 ut
820 3363 935 3448 scitis,
969 3359 1205 3452 Evangelium
1260 3373 1296 3430 et
1319 3374 1524 3430 reverenter
1545 3358 1622 3432 Deo
1645 3361 1778 3453 gratias
1801 3376 1925 3452 agant,
1948 3365 2044 3458 quod
2068 3361 2258 3436 hominum

205 3480 322 3572 reipsa
334 3471 525 3546 mitissime
539 3468 700 3563 aequitas
715 3480 749 3538 et
765 3459 937 3538 ἐπιείκεια
958 3465 1064 3556 legis,
1090 3477 1124 3534 et
1141 3487 1205 3556 pro
1258 3461 1367 3532 vitain
1381 3453 1438 3532 his
1455 3463 1565 3534 radiis
1579 3487 1663 3534 sisae
1678 3464 1872 3556 sapientiae
1895 3479 1929 3536 et
1951 3465 2107 3538 iustitiae
2130 3491 2258 3538 conso-

205 3579 273 3655 hac
290 3577 467 3672 aequitate
485 3573 565 3643 Deo
582 3569 711 3662 gratias
728 3591 805 3659 agn.
857 3567 1020 3662 Denique
1038 3567 1205 3636 universa
1258 3563 1385 3644 cievit,
1416 3577 1450 3634 et
1472 3567 1568 3658 quod
1593 3565 1632 3634 iu
1655 3561 1722 3636 hac
1744 3566 1909 3638 societate
1932 3569 2064 3640 tuenda
2090 3593 2258 3662 praesen-

205 3681 379 3776 sapientia
411 3679 529 3767 legum
560 3685 763 3742 nostrarum
796 3670 1043 3762 multipliciter
1069 3691 1136 3738 nos
1161 3669 1206 3737 de
1261 3667 1345 3736 tiam
1372 3689 1472 3736 suain
1493 3667 1599 3738 nobis
1621 3669 1795 3754 declarat,
1832 3683 1866 3740 et
1889 3692 1964 3740 sese
1983 3673 2029 3740 ad
2054 3665 2141 3742 haec
2163 3673 2257 3743 bosia

205 3785 284 3860 Deo
298 3778 599 3856 commonefacere
617 3787 745 3865 potest.
797 3769 851 3842 Ac
867 3773 1046 3862 gratitudo
1063 3786 1205 3843 aeterna
1258 3769 1389 3840 tuenda
1406 3783 1552 3862 propter
1566 3770 1715 3859 gloriam
1731 3767 1799 3842 Dei
1816 3771 2022 3846 exuscitent.
2074 3771 2163 3844 Peto
2190 3775 2256 3865 igi-

207 3889 358 3962 debetur
378 3878 639 3974 sapientissimo
664 3875 870 3968 imperatori
897 3867 1070 3946 Lothario
1095 3886 1129 3942 et
1152 3869 1207 3942 lr-
1259 3885 1329 3956 tur,
1342 3884 1384 3940 ut
1400 3865 1493 3942 hanc
1509 3885 1652 3944 tenuem
1669 3873 1865 3943 orationem
1882 3873 1967 3944 boni
1984 3875 2192 3956 consulatis,
2218 3901 2257 3948 ac

206 3991 331 4073 nerin,
357 3997 392 4058 et
405 3983 485 4054 aliis
503 3977 722 4070 sapientibus
736 3977 840 4062 viris,
864 3976 925 4070 qui
944 3971 1007 4044 has
1024 3972 1206 4046 R'omanas
1258 3971 1374 4044 Deum
1390 3986 1573 4044 aeternum
1595 3987 1732 4066 patrem
1749 3973 1898 4046 Domini
1920 3977 2033 4048 nostri
2051 3977 2133 4048 Iesu
2149 3973 2257 4050 Chri-

206 4094 301 4183 leges
330 4075 452 4182 plenas
478 4105 581 4153 verae
609 4079 822 4150 eruditionis
844 4103 886 4148 cx
917 4071 1144 4149 bibliothecis
1168 4075 1206 4144 in
1257 4075 1322 4162 sti,
1351 4073 1573 4146 conditorem
1591 4090 1625 4148 et
1641 4090 1925 4148 conservatorem
1943 4071 2092 4148 humani
2108 4080 2258 4170 generis,

207 4189 366 4273 scholas,
399 4187 537 4258 curiam
563 4197 599 4254 et
628 4183 747 4252 sorum
770 4179 1010 4274 protulerunt.
1061 4175 1208 4272 Vosque
1258 4171 1416 4248 ethuins
1433 4176 1609 4249 societatis
1624 4180 1810 4270 copulatae
1825 4179 1965 4270 legibus
1982 4195 2016 4252 et
2031 4181 2170 4254 iustiti.
2193 4207 2256 4256 οη

206 4296 389 4370 auditores
411 4313 486 4360 nnn
508 4287 624 4358 solum
646 4279 838 4369 adhortor,
863 4283 924 4352 sed
941 4281 1046 4353 etiam
1063 4293 1208 4374 propter
1258 4293 1334 4352 toto
1347 4292 1508 4370 pectore,
1532 4293 1573 4352 ut
1587 4299 1663 4352 mea
1680 4294 1715 4353 et
1731 4294 1847 4352 vestra
1866 4283 1984 4354 studia
2004 4284 2199 4373 gubernet,
2224 4299 2257 4356 et

207 4399 358 4472 salutem
378 4391 517 4483 generis
531 4383 683 4458 humani
705 4387 882 4468 obtestor,
908 4399 949 4456 ut
965 4383 1126 4454 omnium
1148 4383 1207 4453 iu·
1259 4394 1429 4474 perpetua
1459 4382 1497 4450 in
1524 4378 1582 4452 his
1604 4383 1812 4474 regionibns
1835 4410 1979 4478 quoque
2000 4381 2199 4458 Ecclesia„
2225 4401 2258 4458 ει

206 4523 320 4585 rores,
335 4495 398 4592 qui
414 4488 507 4564 hanc
523 4501 741 4584 praesentem
756 4487 845 4558 iuris
858 4486 1057 4558 doctrinam
1069 4485 1209 4578 vitupe-
1258 4479 1426 4556 honestas
1452 4484 1598 4576 politius
1619 4500 1752 4572 servet,
1786 4500 1827 4558 ut
1853 4511 1938 4560 vcra
1964 4488 2194 4560 invocatione
2225 4503 2258 4562 et

206 4617 300 4688 rant,
320 4609 526 4670 constanter
540 4592 756 4663 execrandos
772 4614 845 4660 esse
859 4589 1034 4661 statuatis.
1063 4584 1206 4660 Deinde
1258 4585 1463 4660 ohedientia
1482 4587 1691 4662 celebretur.

206 4720 249 4780 nt
264 4727 345 4778 cuin
361 4710 496 4770 certum
513 4695 560 4766 sit
580 4695 618 4764 in
639 4689 696 4762 bis
713 4692 851 4780 legibus
866 4691 1076 4784 sapientiam
1097 4701 1133 4761 et
1145 4713 1207 4760 ve-

207 4833 284 4882 ram
308 4801 464 4876 iustitiae
480 4801 631 4870 sormam
648 4795 820 4888 proponi,
844 4793 1149 4885 fontesqueratis,
1174 4805 1208 4862 et
1265 4797 1333 4806 “““

207 4933 282 4984 non
303 4907 421 4979 solum
443 4900 626 5024 doctrinae
647 4897 833 5017 umbram,
856 4897 930 5015 ’sed'
948 4894 1207 5014 verarn.scien·
1259 4929 1324 5000 No·
1343 4929 1428 5002 113·
1761 4985 1763 4992 Α
2081 4938 2149 5006 ,ω’
2163 4941 2257 5006 1550.

206 5016 294 5086 tiam
318 5019 506 5100 expetatis,
539 5015 572 5072 et
596 5025 679 5094 quia
696 5020 771 5090 ipsa
790 5011 950 5068 veritatis
966 5011 1122 5087 cognitio
1143 5020 1208 5088 per
1269 5023 1440 5056 ι-νν
2085 5032 2250 5058 w„

83 5185 90 5203 ,
208 5139 282 5188 sese
312 5115 409 5183 bona
439 5120 511 5191 cst,
546 5115 581 5182 et
602 5102 724 5172 lumen
749 5102 865 5171 bonae
886 5099 1035 5183 mentis,
1065 5112 1101 5170 et
1122 5098 1206 5192 quia
1372 5129 1450 5215 De
1478 5127 1747 5244 sympathia
1777 5139 1824 5218 ep
1854 5133 2124 5246 antipathia

207 5219 304 5290 Deus
327 5212 406 5282 vult
428 5232 494 5280 nos
513 5205 676 5276 custodes
695 5225 768 5273 esse
790 5201 961 5286 iustitiae,
987 5200 1208 5292 disciplinae,
1718 5249 1724 5272 .
2125 5193 2135 5216 ’

1371 5285 1467 5342 select.
1478 5285 1604 5342 nectem.
1618 5286 1649 5342 T.
1661 5287 1708 5344 lV.
1726 5305 1754 5359 p.
1767 5287 1819 5340 2⁰4
1829 5305 1906 5359 sqq.‚
1923 5285 2042 5348 Servesl.
2055 5289 2142 5350 lxiv.
2156 5299 2256 5370 pias,

209 5313 422 5390 concordiae
446 5310 579 5380 civium
603 5319 637 5374 et
660 5304 775 5398 pacis,
803 5317 838 5372 et
861 5303 965 5394 punit
981 5303 1156 5372 inscitiam
1173 5315 1208 5371 et
1326 5287 1391 5411 ¹⁰3⁰
1420 5355 1492 5410 Toni
1520 5355 1558 5410 m
1601 5355 1701 5410 mord
1751 5355 1781 5411 Π
1854 5359 1892 5410 4·
1932 5367 1942 5412 ι
2027 5361 2109 5416 dffi

209 5415 394 5491 audaciam
409 5433 551 5494 eorum,
574 5407 688 5500 quiin
711 5404 866 5498 publicis
882 5417 942 5476 aut
957 5404 1105 5496 privatis
1120 5427 1207 5474 con·
1362 5445 1390 5498 p.
1408 5397 1501 5482 iuss
1562 5399 1570 5414 ⁸
1704 5397 1713 5414 ·
1762 5375 1839 5426 ¹·¹i
1871 5395 1881 5416 ·
1915 5376 1930 5411 θ
1972 5375 2025 5430 spu
2059 5486 2062 5496 ἱ
2111 5361 2207 5426 chare
2225 5369 2255 5428 tt

2137 4799 2255 4812 —n-—nu-
