4646 5824
89 303 156 380 ns
463 290 624 375 onon
664 285 1018 370 onzorrrcro
1050 231 1487 364 nrorsroonon
1517 277 1755 372 ovano„
2042 279 2118 370 ⁴ros

88 502 105 547 a
133 471 278 546 caeteris
310 468 641 548 calodaemones
663 461 781 538 Βείιιιι
810 465 1020 535 invocantes
1050 483 1070 532 a
1117 457 1244 551 spicit,
1270 455 1363 529 etad
1379 451 1475 528 hunc
1492 455 1615 550 dirigit
1629 481 1791 544 cursum,
1809 473 1858 531 ‘et
1875 461 1913 532 in
1931 461 2002 534 alto
2019 469 2110 536 mari

88 573 384 666 contemptoribus
397 570 464 644 Dei
479 571 662 642 differunt.
715 565 879 642 lma-nisi
893 561 999 635 alico
1016 575 1069 634 te-
1122 559 1247 652 procul
1268 571 1363 629 extra
1388 571 1500 628 terrae
1525 574 1749 651 conspectum
1773 579 1912 647 avectos
1937 579 2037 638 notat
2060 568 2108 636 si-

88 701 259 770 gnemur,
291 687 325 746 et
342 671 428 744 hinc
443 675 487 744 ad
503 667 761 744 aeternamssei
776 665 1070 740 momoudioen
1121 663 1225 740 dora,
1256 657 1404 746 Ursam,
1436 657 1632 746 Orionem,
1665 661 1845 750 Pleiadas,
1878 681 1912 737 et
1938 667 2025 763 alios
2052 670 2108 740 in-

87 805 163 850 socc
191 774 378 866 Evangelii
406 777 689 856 traduceremur,
730 793 840 862 genus
872 764 1069 839 homanum
1120 762 1294 854 signiores
1314 761 1449 846 stellas,
1488 785 1576 856 quas
1599 775 1767 857 tanquam
1798 769 1904 838 duces
1933 783 2109 862 sequatur,

86 887 224 965 fruma,
251 893 299 950 ‚et
321 881 367 948 ,d
390 877 537 950 aigum
561 888 699 947 mmm
728 887 854 945 notum
887 881 994 952 mot,
1036 881 1071 940 et
1121 867 1169 936 ita
1191 887 1258 934 nos
1278 859 1365 934 haee
1394 865 1467 934 duo
1496 880 1679 958 praecepta
1712 867 1749 936 in
1782 883 1903 940 nostra
1931 875 2108 960 guberna-

87 1007 179 1068 vcre,
204 981 366 1053 utotiam
381 977 557 1071 sapientes
572 970 719 1047 Ethoici
731 975 968 1067 scripserunt,
1000 969 1071 1040 ani·
1122 967 1221 1072 tione
1245 963 1432 1059 praecipua
1456 987 1530 1036 esse
1553 968 1734 1041 ducamus.
1785 965 1881 1064 llaec
1905 995 2042 1064 semper
2068 977 2107 1046 io

87 1086 246 1156 sen-imos
269 1095 358 1152 esset
382 1081 545 1151 omnium
567 1076 803 1148 animantiam
835 1071 962 1157 homo,
1006 1067 1071 1166 qui
1121 1079 1310 1160 conspectu
1326 1066 1417 1151 sint,
1439 1061 1524 1138 hacc
1541 1082 1663 1158 regant
1680 1073 1803 1140 omn'es
1818 1073 2020 1162 conciones,
2046 1079 2108 1148 de-

87 1213 152 1258 noo
170 1186 284 1254 solnm
302 1205 491 1275 corporum
513 1177 649 1250 morltis
674 1193 710 1249 et
734 1177 859 1260 morti,
892 1189 932 1245 ut
963 1197 1071 1265 pecu-
1122 1168 1368 1253 liberationes,
1393 1180 1430 1239 et
1444 1169 1611 1241 actiones.
1663 1171 1783 1242 Vitato
1801 1172 1837 1240 in
1856 1175 2109 1272 docendoopi-

87 1291 159 1373 des,
185 1285 446 1368 „humanum
470 1284 532 1355 ,ed
551 1281 656 1353 otiam
671 1279 795 1350 multis
816 1276 894 1348 aliis
914 1274 1071 1366 ingenti·
1122 1272 1265 1354 aiones,
1294 1269 1469 1364 quasseis
1493 1272 1586 1340 veris
1599 1265 1777 1342 Ecclesiae
1802 1274 1942 1346 iudiciis
1964 1281 2107 1354 reiectas
2193 1323 2195 1330 1

87 1387 345 1460 busdoloribos
360 1379 569 1454 inlacessita
590 1381 829 1464 excruciatur,
866 1375 929 1472 qui
948 1375 1071 1448 bestiis
1122 1395 1211 1444 esse:
1245 1368 1327 1442 Non
1343 1381 1492 1463 pagnato
1509 1373 1734 1442 deomnibus
1751 1377 1876 1458 rebns,
1908 1381 1995 1450 etsi
2022 1386 2108 1476 qnid

88 1489 193 1583 ignoti
206 1503 302 1561 sunt.
330 1485 485 1577 Quantis
500 1481 800 1567 contentionibus,
818 1491 852 1552 et
867 1501 974 1574 qoam
990 1479 1070 1550 ina·
1121 1474 1275 1558 lsstldels
1308 1474 1357 1543 ‘¹²
1373 1497 1444 1568 (ΙΨ)
1467 1473 1640 1544 ludlfflbl⁸
1664 1479 1870 1547 “mudum
1895 1503 1984 1567 ⁸³⁵⁶²
2017 1489 2109 1558 ‘esi‘

88 1593 186 1664 nibus
208 1589 423 1680 tranguntur
442 1584 572 1658 sommi
594 1585 664 1654 viri
677 1582 716 1653 in
731 1581 908 1674 imperiis,
932 1577 1070 1651 llerco·
1122 1575 1399 1670 susspectum,
1431 1587 1471 1645 ut
1492 1574 1569 1645 sine
1586 1575 1734 1648 dissidio
1750 1579 1892 1670 publico
1912 1587 2108 1658 remedium

89 1697 153 1778 lca,
173 1689 386 1784 Pompeius,
412 1687 545 1775 lulius,
571 1682 675 1773 Cato,
700 1683 808 1756 etalii
823 1679 1072 1754 innumerabi·
1121 1690 1302 1774 quaerant·

89 1798 145 1880 tae,
165 1794 325 1888 quicum
339 1805 413 1863 tota
430 1790 482 1860 eis
498 1789 568 1861 vita
586 1789 624 1856 io
640 1785 778 1878 magnis
791 1783 970 1856 aerumnis
985 1806 1071 1854 con·
1139 1873 1143 1882 ῃ
1223 1777 1356 1870 Magna
1370 1791 1421 1849 est
1437 1790 1585 1852 naturae
1600 1773 1776 1853 hnmanae
1792 1783 1998 1873 infirmitas,
2033 1813 2107 1860 ma-

90 1910 220 1987 compta
254 1907 364 1979 asset,
403 1893 549 1964 tandem
581 1889 828 1982 indignissima
859 1898 974 1959 morte
1004 1907 1071 1977 op-
1121 1903 1212 1973 gnae
1239 1893 1273 1952 ot
1293 1880 1412 1950 variae
1434 1893 1519 1951 suot
1542 1881 1767 1971 ingeniorum
1791 1887 2108 1980 dissimilitudines,

88 1996 209 2092 ριωὶ,
232 2019 345 2089 qoem
359 1994 528 2079 viderunt
542 2005 708 2085 portum,
732 1989 771 2059 in
788 1986 1072 2084 quoscqoiesce-
1121 1981 1255 2056 multae
1287 1995 1434 2054 naturae
1468 1982 1635 2069 biliosae‚
1678 1986 1886 2074 iracundae,
1936 2015 2108 2080 morosae,

30 2119 33 2124 ’
89 2098 183 2169 rent?
209 2095 379 2180 Nullum,
401 2095 487 2190 quia
500 2095 580 2164 luoe
595 2089 781 2182 Evangelii
797 2090 975 2162 carebam.
1011 2087 1072 2160 Sic
1123 2107 1309 2178 pugnaces.
1363 2081 1431 2156 Sed
1449 2107 1535 2170 nos,
1565 2085 1627 2180 qui
1645 2086 1725 2157 aliis
1738 2090 1920 2182 diligentia
1937 2098 2107 2183 regendo-

90 2201 189 2292 tgitnr
212 2199 269 2271 itti
292 2198 362 2267 viri
386 2179 602 2290 pra'estalntes
624 2195 755 2264 virtute
776 2192 921 2284 periisse
943 2191 1072 2261 video-
1122 2209 1203 2258 rum
1227 2209 1367 2257 morum
1390 2185 1599 2260 antecellere
1620 2189 1814 2276 debemus,
1844 2217 1946 2264 nosse
1966 2201 2110 2272 morbos

45 2383 48 2388 Ι
89 2316 160 2387 ton,
182 2314 343 2390 utsnepe
362 2293 622 2390 pulcherrimae
642 2294 757 2394 violpe
777 2293 817 2363 in
841 2305 941 2383 terra,
957 2293 1072 2363 calea-
1122 2301 1263 2362 nostros
1290 2301 1447 2379 oportet,
1485 2311 1531 2358 ne
1554 2291 1754 2362 errantibus
1778 2293 1962 2367 affectibus
1990 2299 2108 2374 frenos

89 2417 139 2474 tce
159 2401 328 2492 peditans,
360 2399 552 2472 intereunt
607 2392 656 2468 Et
678 2409 796 2466 tamen
819 2393 880 2466 isti
904 2387 971 2464 hoe
993 2395 1072 2464 foe-
1121 2389 1290 2464 laxemus.
1327 2389 1409 2462 Non
1426 2403 1540 2481 potest
1554 2391 1630 2460 fieri
1645 2393 1684 2462 in
1701 2387 1766 2462 hac
1781 2399 1990 2469 confusione
2006 2401 2108 2491 vitae,

91 2517 167 2574 root
189 2501 413 2586 miseriores,
438 2501 541 2594 quod
558 2523 640 2572 cam
662 2520 792 2590 magno
811 2517 917 2568 sensu
937 2495 1073 2568 doloris
1122 2491 1211 2586 quin
1236 2492 1348 2562 molta
1372 2493 1520 2583 indigna
1544 2493 1723 2580 accidant,
1754 2519 1862 2589 quae,
1894 2501 1963 2571 nisi
1989 2517 2109 2578 nostra

92 2605 224 2677 extincti
244 2619 340 2675 suot.
705 2627 711 2634 ·
980 2646 987 2660 .
1123 2593 1268 2696 lenitate
1285 2609 1472 2680 sanentur,
1496 2617 1636 2664 causam
1655 2599 1992 2688 magnisdiscordiis
2009 2630 2109 2695 prae-

182 2705 408 2798 Acpiciamns
424 2703 532 2796 igitur
545 2695 736 2770 bominum
750 2699 879 2782 vitam,
909 2694 1073 2770 conside·
1124 2698 1208 2767 bere
1226 2709 1383 2788 possunt.
1433 2694 1504 2767 Sed
1525 2697 1680 2788 profecto
1706 2701 1874 2772 omnibus
1893 2707 2109 2794 gubernato-

91 2829 303 2901 remusquae
318 2829 454 2876 resnos
468 2829 489 2874 a
502 2802 823 2887 bestiisdiscernat,
841 2799 971 2871 deinde
985 2797 1072 2892 quid
1124 2798 1224 2870 ribus
1245 2797 1360 2900 'molta
1383 2797 1539 2887 ingentia
1560 2799 1785 2878 incommoda
1808 2805 1990 2877 toleranda
2015 2827 2107 2894 sunt,
2209 2821 2218 2834 “

92 2923 259 3000 praestent
286 2909 374 2979 boni
409 2907 530 2992 malis,
576 2905 673 2975 unde
698 2904 771 2975 sint
799 2917 940 2974 aeterna
966 2901 1073 2972 bona.
1123 2913 1164 2970 ut
1182 2896 1279 2972 Deus
1300 2899 1411 2969 molta
1434 2913 1468 2970 ct
1491 2923 1617 2990 magna
1640 2901 1725 2972 vitia
1751 2903 1790 2972 in
1815 2908 1919 2977 nobis
1939 2910 2110 2984 immensa

91 3006 243 3103 Cumque
285 3003 372 3080 hacc
414 3007 543 3078 donari
578 3029 662 3076 voce
694 2999 880 3094 Evangelii
911 3001 1074 3104 sciamus,
1124 3001 1365 3071 misericordia
1381 3001 1519 3075 tolerat.
1560 3000 1663 3073 Hanc
1677 3003 1877 3076 animorum
1895 3013 2108 3085 moderatio-

93 3109 369 3202 magnitudinem
384 3108 500 3178 divini
514 3106 672 3178 moneris
686 3127 929 3196 agnoscamus,
954 3101 1075 3174 etDoo
1124 3127 1206 3172 nem
1222 3103 1292 3172 nisi
1310 3103 1514 3188 induemus,
1539 3104 1688 3195 cogitate
1705 3129 1845 3200 quaeso,
1872 3113 1951 3204 quis
1970 3115 2015 3184 sit
2034 3141 2111 3187 mo·

91 3213 209 3300 gratias
230 3231 394 3299 agamus,
432 3211 529 3303 quod
550 3203 619 3300 hoc
643 3206 880 3277 ministerium
906 3205 1073 3290 instituit,
1124 3205 1211 3290 dus,
1236 3204 1316 3298 quis
1331 3204 1410 3272 finis
1426 3204 1583 3274 rixarum
1599 3207 1766 3278 iuturus?
1816 3209 1922 3282 Side
1944 3218 2110 3289 omnibus

92 3327 290 3385 etnostrum
304 3309 461 3404 officium
474 3309 664 3400 diligenter
679 3323 713 3379 et
724 3307 877 3378 fideliter
892 3306 1074 3377 faciamus·
1124 3308 1248 3391 rebus,
1273 3327 1363 3402 quae
1376 3304 1480 3376 nobis
1497 3306 1754 3400 displicebunt,
1780 3311 1869 3383 bella
1889 3339 2030 3388 movere
2050 3345 2112 3390 vo-

182 3413 312 3486 Nostra
336 3437 404 3482 vox
428 3434 502 3480 oon
523 3423 660 3482 tantum
684 3421 786 3480 sonat
816 3421 999 3501 praecepta
1028 3409 1074 3478 de
1124 3407 1306 3480 lacrimas.
1895 3489 1897 3498 ,

92 3516 263 3602 moribus,
294 3525 334 3584 ut
351 3511 549 3597 Socratica,
580 3523 640 3582 aut
655 3507 856 3594 Platonica,
889 3533 980 3608 quae
997 3532 1073 3578 non
1224 3507 1317 3580 Com
1331 3521 1447 3578 autem
1465 3509 1509 3580 de
1524 3503 1580 3579 his
1595 3513 1734 3584 duabus
1748 3515 1951 3607 virtutibus,
1977 3521 2021 3592 de
2036 3537 2111 3596 stu-

93 3611 228 3688 inchoat
250 3615 359 3689 vitam
374 3628 584 3694 aeternam,
621 3615 769 3709 sedeat
798 3633 971 3702 organum
999 3633 1074 3703 qaao
1104 3612 1185 3706 =dio
1228 3609 1385 3681 veritatis
1435 3623 1472 3681 et
1513 3633 1634 3682 amore
1674 3617 1903 3706 concordiae,
1956 3623 2111 3713 plurima

93 3711 181 3788 Deus
211 3741 294 3788 vere
318 3730 363 3802 ,ct
393 3717 470 3788 sinc
489 3716 563 3785 ulla
589 3713 812 3788 dubitatione
833 3713 871 3784 in
894 3710 1074 3782 mentibus
1124 3713 1194 3784 diei
1217 3712 1371 3804 possint,
1399 3723 1434 3782 et
1451 3711 1563 3784 multa
1586 3715 1746 3811 quotidie
1772 3719 1896 3810 legatis
1918 3721 2005 3816 ipsi,
2037 3751 2113 3802 non

93 3819 304 3890 credentium
320 3831 373 3889 est
394 3811 515 3888 efficax
534 3829 681 3908 propter
699 3815 834 3902 filium,
867 3827 902 3887 et
925 3812 1075 3906 largitur
1124 3837 1185 3884 ero
1200 3805 1384 3908 prolixior.
1435 3811 1594 3886 Tantum
1616 3841 1730 3890 unum
1755 3837 2001 3912 argumentum
2024 3807 2115 3900 reci-
2170 3881 2178 3888 -

94 3919 180 3990 bona
196 3935 357 4008 aaaron,
389 3943 500 4014 qnae,
532 3933 573 3990 nt
587 3939 711 4008 omnes
723 3931 885 4000 noront,·
907 3917 1075 3988 omnibus
1124 3917 1227 4004 tabo,
1252 3917 1349 4011 quod
1363 3911 1452 3988 milti
1467 3916 1534 4008 ipsi
1553 3919 1711 4012 quotidie
1727 3921 1878 3999 inculco.
1911 3927 2022 4000 Nulla
2037 3932 2113 4004 dies

95 4005 283 4094 interitoris
297 4015 493 4091 commodis
517 4033 552 4090 et
573 4020 791 4089 ornamentis
814 4020 918 4110 longe
940 4017 1075 4088 antefa·
1125 4017 1199 4089 abit
1213 4019 1301 4113 quin
1317 4018 1466 4107 cogitem
1481 4021 1526 4090 de
1540 4020 1605 4090 lilii
1617 4015 1685 4092 Dei
1699 4037 1824 4112 morte,
1853 4041 1888 4098 et
1902 4031 2112 4106 admirando

95 4125 196 4194 md,
211 4137 307 4195 gum,
358 4119 535 4212 Utttgtmr
547 4116 640 4190 bono
651 4131 797 4191 aeterna
811 4119 999 4212 praecipue
1013 4139 1075 4188 ex·
1125 4143 1255 4212 agone,
1295 4119 1333 4188 io
1364 4143 1436 4214 quo
1460 4133 1543 4191 ante
1569 4137 1719 4194 mortem
1742 4126 1880 4198 luctans
1898 4129 1973 4222 ipse
1995 4157 2111 4206 secum

95 4227 237 4312 petenda
254 4225 356 4308 sunt',
391 4223 439 4294 ila
463 4223 616 4292 sciamus
633 4217 1087 4313 ministeriumEvangelii
1125 4221 1333 4311 sanguinem
1350 4220 1501 4292 sudavit.
1559 4219 1652 4294 Eum
1678 4235 1827 4317 agonem
1850 4230 2025 4322 ingressus
2048 4261 2113 4328 pro

96 4329 264 4398 tammum
279 4327 429 4417 madum
449 4347 524 4395 essa
537 4323 700 4394 omnium
715 4325 952 4396 functionum.
1124 4319 1282 4396 Ecclesia
1295 4335 1476 4416 precatur,
1502 4347 1582 4394 cum
1606 4349 1708 4398 suum
1724 4331 1955 4422 sacrificium,
1987 4351 2027 4410 ut
2049 4363 2114 4430 po-

51 4475 56 4492 .
188 4426 284 4498 llaec
300 4439 486 4519 postquam
500 4426 678 4517 praefatus
693 4447 792 4511 sum,
824 4447 921 4497 nunc
944 4445 1007 4494 vos
1029 4423 1076 4495 da
1125 4426 1234 4498 stulat
1248 4423 1439 4496 sacerdotis
1454 4424 1629 4513 officium,
1649 4429 1765 4503 offert.

95 4525 225 4600 duobus
242 4528 454 4622 praeceptis,
479 4551 570 4622 quae
585 4539 668 4596 sont
682 4527 843 4596 omnium
859 4547 1014 4612 somma,
1040 4535 1075 4596 et
1226 4525 1297 4597 llic
1312 4528 1400 4598 duas
1416 4549 1472 4597 res
1483 4527 1575 4627 ¹petit
1595 4528 1633 4598 in
1650 4525 1808 4603 Ecclesia
1832 4536 1986 4624 servari,
2008 4535 2114 4607 Veri-

97 4629 272 4702 eandoem
289 4631 479 4724 plaeraque
498 4629 588 4710 alia,
623 4627 954 4714 commonefaciam,
984 4651 1076 4722 quo-
1127 4642 1234 4701 tatcm
1251 4639 1286 4698 et
1302 4625 1550 4702 Concordiam.
1602 4627 1656 4702 De
1673 4633 1820 4706 veritate
1835 4636 1970 4727 inquit:
1997 4636 2113 4726 Pater,

97 4731 344 4824 cumprimum
370 4745 443 4815 est,
469 4745 511 4802 ιιι
527 4727 713 4819 Evangelii
735 4727 946 4820 puritatem,
977 4729 1075 4823 quod
1126 4730 1303 4802 sanctifica
1321 4751 1380 4799 eos
1403 4729 1443 4798 in
1468 4731 1626 4807 veritate.
1681 4729 1731 4806 Et
1754 4761 1860 4830 quam
1884 4740 2016 4810 iudicet
2038 4763 2112 4812 esse

97 4853 185 4903 nuno
197 4829 263 4904 Dei
279 4833 450 4904 beneflcio
466 4833 505 4902 in
524 4831 654 4902 nostris
666 4825 835 4900 Ecclesiis
849 4844 971 4913 sonat,
998 4844 1075 4900 non
1115 4833 1320 4932 veritatem,
1340 4831 1509 4918 ostendit,
1535 4832 1718 4930 inquiensc
1745 4836 1870 4909 Sermo
1887 4855 1969 4910 tuns
1984 4853 2035 4910 est
2050 4867 2113 4913 ve-

97 4931 212 5006 sinatis
227 4935 408 5026 eorrumpi
421 4947 481 5005 aut
503 4931 715 5017 adulterari,
749 4931 810 5002 sed
832 4931 1076 5024 incorruptam
1126 4935 1224 5008 ritas.
1248 4931 1503 5005 Decoocordia
1517 4956 1602 5005 vero
1618 4935 1721 5008 dicit:
1748 4937 1854 5012 Pater
1868 4958 1998 5026 sancte,
2014 4965 2115 5016 serva

97 5035 269 5123 tentatam
285 5036 469 5108 tueamini.
522 5032 687 5106 Alterum
705 5048 929 5128 praeceptum
945 5045 1015 5118 cst,
1035 5045 1078 5106 ot
1127 5059 1188 5105 cos
1212 5035 1251 5105 io
1273 5037 1420 5107 nomine
1442 5045 1526 5121 tuo,
1565 5059 1654 5132 quos
1679 5041 1809 5113 dedisti
1831 5038 1938 5128 milti,
1981 5059 2021 5116 nt
2042 5047 2115 5119 sint

97 5133 275 5226 diligenter
288 5139 449 5222 caveatis,
474 5159 532 5222 ne,
561 5150 622 5207 aot
636 5137 840 5226 dogmatum
856 5134 1077 5228 corruptelis,
1127 5159 1260 5226 onum,
1283 5138 1373 5210 sicut
1387 5159 1472 5226 nos,
1496 5135 1620 5226 idest,
1646 5139 1782 5214 sincera
1797 5143 2044 5220 benevolentia
2058 5147 2117 5218 in·-

99 5249 153 5308 attt
164 5239 240 5310 aliis
253 5240 423 5310 inanibus
442 5237 529 5312 aisis
547 5235 773 5308 concordiam
796 5233 976 5330 publicam
999 5229 1076 5308 tur·
1127 5254 1182 5312 ter
1193 5261 1232 5310 se
1246 5237 1400 5314 devincti
1415 5238 1506 5326 sint,
1524 5257 1591 5312 nee
1608 5243 1759 5316 excitent
1772 5245 1927 5320 dissidia.

100 5335 193 5415 betis.
231 5337 308 5414 Etsi
322 5339 517 5412 moltaalia
534 5361 676 5433 qnoque
692 5337 845 5431 praecipi
861 5361 1000 5437 necesse
1014 5352 1078 5427 cst,
1231 5337 1291 5411 Ad
1323 5337 1429 5414 huius
1458 5341 1574 5414 nostri
1603 5344 1735 5415 summi
1765 5345 1966 5422 Sacerdotis
1998 5375 2117 5446 preces

100 5449 226 5528 tamen,
246 5457 285 5515 ut
301 5444 519 5534 gubernator
532 5441 570 5509 in
588 5441 805 5511 pavimento
829 5454 974 5534 portum
991 5462 1079 5533 pro·
1130 5441 1364 5534 adiungamus
1379 5463 1445 5514 nos
1460 5465 1604 5554 qaoque
1621 5445 1822 5522 voluntates
1839 5465 1874 5524 et
1889 5466 1990 5524 vota:
2021 5467 2121 5548 peta·

145 5545 316 5614 Mentora.
333 5550 440 5614 Orsa.
453 5545 537 5614 Vos..
552 5543 615 5614 Xl.
1633 5543 1684 5622 45
