4646 5824
244 325 321 400 aa
718 303 881 388 nucu
918 297 998 382 nn
1028 279 1231 384 ocean:
1272 303 1362 386 sts
1395 259 1703 388 tunsurus
1730 323 1817 392 ccc
2194 316 2255 394 ιιι

241 497 298 578 Er
324 494 474 572 lectione
499 499 658 562 mmstur
686 481 849 558 doctum
870 481 1012 554 redacta
1032 475 1074 548 iu
1095 499 1239 572 corpus,
1288 478 1449 556 docentis
1467 501 1596 554 nortus
1616 481 1736 562 lectio.
1783 479 1878 556 Nam
1895 481 2023 560 estttb
2041 483 2258 574 fontibus,id

230 619 281 700 ¹et
305 593 514 682 testimonia]
534 592 575 662 id
602 585 705 660 libris
736 595 998 670 monstrentur3
1031 582 1241 654 ostendatur
1290 596 1361 672 en,
1386 607 1430 656 er
1451 583 1555 656 libris
1578 581 1797 680 propheticis
1820 599 1855 660 et
1881 589 2083 682 apostolici,
2109 595 2258 666 mend,

243 707 332 804 legis
355 715 390 774 et
401 692 587 786 Evangelii
608 688 819 774 discrimen,
846 698 881 757 et
900 683 1028 758 ordine
1052 685 1241 756 tradantur
1290 698 1342 760 est
1355 684 1557 778 explicatio.

246 804 387 883 articuli
400 799 503 882 fidei,
527 809 562 867 et
576 791 714 864 erudite
728 789 969 868 illustrentur,
994 807 1034 856 sc
1048 787 1243 876 prudenter
1393 783 1442 860 Et
1455 781 1735 878 beecdiligentia
1749 801 1843 862 recte
1857 789 2030 878 docendi,
2053 792 2261 886 primamne.

245 913 363 984 fontes
380 923 502 975 eorum
519 894 806 973 considerentur,
833 891 873 960 in
897 889 1027 983 quibus
1046 887 1135 960 locis
1157 911 1243 980 pro-
1293 889 1449 962 eessarir
1462 903 1515 962 est
1541 889 1724 962 adversm
1744 892 1962 984 agnitionem
1984 890 2052 966 Dei
2078 908 2114 968 et
2133 898 2176 967 ad
2199 897 2263 966 ani-

246 1009 471 1108 phaticorum
486 1013 521 1072 ct
538 995 813 1092 apostolicorum
832 991 1008 1063 libmcum
1020 989 1154 1082 singuli
1170 1005 1244 1064 trs-
1293 1015 1432 1064 merum
1447 992 1615 1064 salutem:
1641 993 1771 1064 deinde
1792 1008 1828 1066 et
1853 996 1899 1065 ad
1915 997 2142 1068 concordiam
2163 999 2264 1092 publi·

248 1119 392 1189 dantur.
1295 1117 1371 1166 cam
1385 1093 1606 1168 retinendam
1622 1095 1722 1166 utilis
1736 1109 1799 1168 est.
1848 1095 2052 1193 Plerunquc
2068 1099 2164 1172 enim
2178 1101 2265 1170 diat.

351 1212 582 1286 Discernatur
596 1197 758 1274 doctriua
772 1198 818 1268 de
834 1191 934 1282 Dec,
959 1192 1105 1288 propria
1120 1187 1246 1266 Eccle·
1296 1197 1354 1268 dia
1369 1196 1536 1268 oriuntur
1550 1196 1653 1282 inde,
1679 1221 1760 1269 cnm
1778 1198 1995 1289 negligenter
2009 1197 2178 1274 Doctum
2190 1203 2265 1274 dicta

252 1321 325 1392 siae
358 1315 404 1385 ah
434 1306 586 1384 ethnicis
617 1315 653 1374 et
685 1299 765 1373 aliis
796 1296 1037 1391 opinionibus.
1096 1293 1246 1368 Necesse
1297 1297 1491 1390 impropria
1504 1311 1693 1394 spargunt,
1717 1322 1807 1394 quae
1821 1301 2008 1372 dissimiles
2020 1303 2218 1394 opiniones,
2238 1317 2266 1376 st

254 1435 307 1493 est
319 1415 416 1488 enim
430 1410 559 1482 sentire
579 1407 623 1476 de
640 1403 737 1487 Deo,
764 1399 855 1472 sicut
874 1423 912 1472 se
935 1397 1117 1491 patefecit,
1142 1418 1247 1466 mou·
1296 1413 1337 1472 ut
1352 1400 1402 1471 ita
1418 1399 1556 1486 dicam,
1580 1399 1768 1472 dissimiles
1783 1402 1880 1472 ideas
1895 1403 1933 1474 in
1950 1403 2131 1478 mentibus
2147 1407 2265 1478 audito-

254 1519 372 1595 stratis
399 1515 516 1587 tribus
542 1504 720 1603 personis,
753 1515 897 1574 aeterno
920 1499 1046 1582 Patre,
1071 1498 1187 1584 Filio,
1212 1509 1247 1568 et
1297 1525 1377 1574 rum
1393 1501 1555 1592 gignunt.
1606 1499 1661 1576 sit
1687 1502 1795 1594 igitur
1817 1506 1932 1578 oratio
1957 1507 2118 1578 docentis
2132 1510 2265 1602 pmpu's,

255 1621 395 1717 Spiritu
410 1629 542 1687 sancto.
603 1603 813 1700 &ponatur
827 1605 1031 1674 mirandum
1045 1600 1113 1674 Dei
1129 1597 1248 1671 couti·
1298 1602 1464 1676 distincta
1497 1617 1533 1676 et
1566 1605 1770 1698 perspicua,
1819 1620 1854 1678 et
1886 1607 1933 1679 sit
1966 1631 2039 1680 una
2065 1611 2266 1681 consentiens

254 1719 365 1807 lium,
390 1719 485 1813 quod
505 1737 586 1787 cnm
602 1711 648 1782 sit
663 1710 797 1792 iustus,
829 1718 865 1778 et
879 1700 1102 1776 horribiliter
1119 1700 1249 1774 irasca-
1298 1729 1367 1776 vox
1386 1700 1582 1794 Ecclesiae,
1615 1729 1739 1783 verum
1758 1703 1876 1780 Deum
1889 1721 1983 1782 recte
2004 1722 2038 1782 et
2052 1713 2212 1784 ardenter
2224 1712 2267 1781 iu·

255 1843 315 1902 tur
333 1834 492 1917 peccato,
521 1817 569 1887 ita
592 1815 736 1884 demum
760 1807 894 1902 placari
910 1805 1138 1878 iustissimam
1159 1803 1248 1874 iram
1299 1829 1441 1882 vocans.

256 1925 428 2003 voluerit,
454 1915 653 2014 quintilius
673 1914 787 1984 factus
807 1923 859 1984 est
880 1907 1029 2002 supplex
1050 1929 1117 1999 pro
1132 1903 1249 1986 nobis,
1400 1907 1506 1980 Nune
1527 1909 1572 1982 de
1591 1909 1696 1982 tertio
1718 1911 1879 1984 membro
1902 1911 2039 2002 dicam,
2064 1915 2269 1988 videlicctde
2302 1943 2303 1988 3

258 2046 293 2103 et
312 2031 352 2098 in
379 2047 452 2096 sese
472 2023 564 2090 iram
586 2011 779 2098 derivavit,
813 2024 848 2082 et
862 2033 927 2104 pro
948 2009 1053 2082 nobie
1068 2005 1249 2099 piaculum
1299 2011 1555 2087 consolatione.
1604 2009 1687 2082 Nou
1710 2014 1794 2086 satis
1814 2027 1867 2086 est
1890 2015 2004 2107 legere
2027 2017 2142 2090 libros
2162 2039 2269 2099 sacru,
2302 2021 2303 2110 l

258 2149 294 2206 et
306 2127 449 2200 victima
470 2123 582 2194 factus
601 2131 665 2192 est.
715 2111 924 2190 Doctrinam
944 2111 1051 2184 etiam
1067 2123 1251 2182 teneamur
1300 2113 1471 2186 necastis
1503 2127 1556 2186 est
1582 2113 1780 2186 doctrinam
1804 2137 1924 2203 ιιοιιε,
1959 2131 2001 2190 ut
2024 2133 2160 2192 norunt
2185 2118 2270 2190 multi
2302 2127 2303 2156 ¹

258 2238 303 2307 de
324 2228 463 2303 duabus
485 2225 525 2294 in
547 2221 622 2292 filio
644 2216 800 2301 naturis,
835 2214 931 2286 iuxta
952 2213 1061 2284 illud:
1097 2209 1147 2282 Et
1168 2232 1251 2294 ver·
1300 2211 1426 2304 hostes!
1440 2211 1520 2286 Dei,
1580 2213 1651 2288 sed
1676 2219 1817 2288 accedat
1837 2219 1882 2288 gd
1896 2219 2085 2292 lectionem
2102 2237 2137 2295 ,ι
2157 2225 2199 2294 ,d
2212 2233 2270 2292 siu.

259 2341 347 2410 bum
363 2354 443 2402 earo
460 2328 591 2398 factum
608 2335 669 2392 est.
707 2315 846 2392 Deinde
863 2315 1104 2386 discernamus
1117 2311 1253 2384 doetri-
1301 2317 1400 2389 dium
1438 2316 1640 2404 doctrinae,
1685 2318 1851 2390 ultimum
1884 2321 1976 2392 illud
2010 2347 2121 2416 opus,
2159 2323 2271 2394 scilicet

183 2465 191 2482 ·
260 2459 344 2509 nam
368 2435 412 2504 de
433 2425 641 2500 remissione
663 2433 885 2515 pcccatorum
907 2417 1081 2508 gratuita,
1111 2415 1158 2486 ab
1173 2413 1252 2508 opi·
1302 2417 1516 2504 coarctatio,
1546 2443 1593 2490 ne
1611 2419 1771 2512 oppressi
1794 2435 1935 2514 peccato
1957 2437 1993 2496 et
2010 2439 2145 2512 morte,
2170 2447 2271 2519 perea-

259 2537 430 2629 nionibus
452 2526 603 2602 ethnicis
625 2537 660 2596 et
677 2517 901 2615 pharisaicis,
926 2541 1017 2612 quae
1032 2517 1172 2606 fingunt
1185 2539 1251 2607 pro
1302 2543 1394 2598 mur.
1431 2515 1515 2592 Non
1529 2517 1816 2594 delectarisDeuc
1830 2523 2031 2615 perditione
2043 2542 2183 2616 nogia,
2203 2525 2272 2597 mi.

229 2637 391 2727 ,nostris
422 2631 559 2704 delictis
587 2625 744 2720 precium
773 2635 809 2694 et
837 2618 1160 2712 compensationem
1190 2639 1253 2691 seu
1302 2636 1404 2718 ptum
1427 2636 1499 2708 est,
1539 2635 1576 2694 et
1597 2619 1695 2694 Deua
1715 2623 1790 2716 ἥρω
1811 2625 1947 2720 inquii,
1987 2625 2080 2700 vivo
2105 2652 2183 2720 ῳ,
2203 2629 2271 2698 „010

261 2736 487 2835 suspense
512 2743 631 2802 nostre
662 2725 862 2810 beneflciis
894 2724 1137 2794 dlltffmmut
1169 2718 1253 2790 fidel
1302 2739 1453 2799 mortem
1474 2723 1686 2818 peccatoris,
1706 2723 1784 2814 ised
1804 2740 1845 2798 ut
1872 2744 2101 2802 convertatur
2127 2746 2160 2804 et
2186 2731 2272 2800 vivat.

262 2841 468 2917 iustitiama
489 2829 696 2924 disciplina,
716 2827 893 2900 discamus
916 2825 976 2920 qui
995 2825 1068 2895 sint
1084 2821 1160 2892 veri
1177 2821 1254 2894 cul·
1302 2824 1472 2900 Patefecit
1495 2825 1605 2918 igitur
1625 2849 1662 2898 se
1683 2825 1797 2916 Deus,
1828 2830 1927 2902 dedit
1950 2825 2138 2925 Evangelii
2160 2853 2273 2912 vocem,

261 2961 339 3027 tus,
365 2943 608 3012 discernamus
622 2929 885 3002 invocationem
901 2927 969 3000 Dei
987 2924 1168 3018 propriam
1182 2921 1255 2996 Ec·
1304 2927 1403 3000 misit
1423 2927 1557 3014 filium,
1587 2951 1662 2998 uon
1682 2930 1728 3000 sd
1750 2923 1818 3002 huc
1836 2955 1950 3004 unum
1974 2957 2083 3026 opus,
2118 2947 2272 3024 utargnat

262 3047 388 3120 clasiae
403 3041 455 3110 ab
477 3033 837 3128 ethnica,‚discemus
854 3029 942 3122 quid
957 3029 1003 3100 sit
1016 3023 1195 3112 Ecclesia,
1220 3039 1255 3097 et
1304 3039 1464 3124 peccata,
1497 3030 1559 3100 sed
1582 3029 1770 3124 praecipue
1792 3033 1837 3104 ad
1862 3027 1959 3105 huuc
1986 3035 2116 3122 finem,
2148 3051 2187 3110 nt
2207 3057 2272 3106 voce

262 3149 350 3246 quid
371 3145 415 3214 ab
436 3137 595 3232 imperiis
618 3135 768 3206 differat·
834 3128 932 3202 llaec
953 3129 1073 3200 omnia
1097 3128 1138 3198 ln
1160 3149 1255 3223 tym-
1304 3129 1492 3222 Evangelii
1508 3129 1687 3223 etSpiritu
1701 3155 1767 3203 suo
1783 3139 2122 3208 sanctoeousoletur
2136 3157 2170 3210 et
2183 3137 2273 3228 erigat
2301 3141 2302 3208 J

264 3251 348 3325 bolo
370 3247 410 3316 in
436 3238 669 3334 explicatione
691 3229 937 3306 Articulorum
956 3231 1038 3303 fidei
1053 3229 1180 3326 ordine
1194 3253 1256 3302 ex-
1306 3245 1447 3327 pectora
1463 3246 1602 3316 nostra,
1628 3246 1662 3304 et
1680 3233 1718 3304 in
1737 3235 1843 3306 nobis
1857 3236 1974 3308 lucem
1991 3251 2026 3310 et
2042 3239 2213 3311 iusticiam
2230 3263 2273 3309 ac·

262 3350 427 3448 ponenda
444 3357 538 3416 sunt.
1135 3387 1138 3396 .
1305 3337 1452 3422 cendat,
1470 3357 1606 3428 nosque
1618 3335 1753 3408 abolito
1767 3350 1909 3428 peccato
1923 3353 1957 3411 et
1969 3353 2104 3427 morte,
2128 3339 2272 3414 haeredes
2301 3331 2302 3418 J

364 3449 446 3521 Non
462 3459 532 3531 est,
557 3453 598 3512 ut
614 3437 719 3510 multi
735 3437 870 3510 indocti
887 3435 1105 3522 existimant,
1128 3430 1255 3506 Eccle-
1286 3437 1398 3510 ¹vitae
1412 3449 1447 3508 et
1462 3435 1586 3506 salutis
1599 3449 1762 3508 aeternae
1777 3438 1917 3512 dficiat.
2301 3503 2302 3524 ἦ

262 3561 335 3630 siae
354 3547 545 3643 sapientia,
571 3541 817 3626 barbaricum,
841 3539 1084 3624 ineruditum,
1101 3550 1136 3608 et
1155 3559 1256 3627 agre·
1407 3535 1571 3633 Cumque
1599 3535 1732 3612 Paulus
1759 3541 2037 3614 consolationem
2068 3543 2208 3617 lectioni
2226 3545 2273 3614 ad.

264 3675 315 3732 ste
341 3651 523 3726 doctrinae
551 3667 680 3736 genus,
711 3655 752 3714 ut
776 3643 920 3714 fuerunt
943 3640 1036 3730 leges
1060 3639 1255 3710 multarum
1305 3638 1441 3731 iungit,
1465 3635 1535 3712 hoc
1555 3639 1672 3732 ipsum
1695 3656 1835 3728 monet,
1865 3637 1981 3715 Deum
1996 3667 2060 3737 per
2076 3641 2169 3718 hanc
2183 3647 2272 3736 ipsam
2301 3655 2302 3734 t

183 3787 188 3800 ·
264 3759 435 3853 gentium.
492 3749 565 3821 Nec
585 3760 637 3818 est
658 3756 798 3816 tautum
816 3737 1048 3834 Philosophia
1070 3743 1115 3810 de
1144 3740 1256 3810 mori-
1286 3765 1428 3814 vocem
1452 3742 1748 3832 promissionum,
1781 3767 1887 3836 quam
1903 3745 1941 3816 in
1957 3747 2060 3820 libris
2080 3743 2272 3841 propheticis

264 3867 349 3946 bus,
373 3871 414 3928 ut
427 3851 533 3924 multi
548 3859 691 3940 putant,
714 3857 748 3916 et
762 3859 803 3916 ut
818 3867 885 3914 nos
900 3841 1128 3914 meminimus
1141 3864 1256 3936 queu-
1307 3857 1343 3914 et
1362 3843 1564 3936 apostolicis
1586 3843 1756 3934 legimus,
1788 3844 1965 3918 efficacem
1987 3872 2077 3936 esse,
2111 3852 2202 3945 quod
2222 3846 2272 3918 etsi

265 3970 347 4038 dam
363 3953 580 4044 ‘l'heologiae
606 3951 786 4018 doctorem
810 3939 1095 4016 diesem-Etiam
1119 3943 1257 4014 amissis
1306 3939 1503 4036 prophanis
1517 3944 1709 4020 ridiculum
1723 3945 1880 4034 videtur,
1905 3961 2022 4022 nmen
2036 3975 2104 4022 nus
2118 3953 2158 4022 in
2173 3947 2272 4022 Eccle.

265 4065 367 4138 libris
382 4051 616 4152 propheticis
629 4062 663 4120 et
687 4045 908 4138 apostolicis,
937 4057 1076 4118 tantum
1091 4043 1131 4114 in
1147 4039 1257 4118 Ethi-
1307 4047 1359 4118 sia
1379 4059 1474 4118 certo
1498 4045 1647 4133 ecimus,
1675 4043 1792 4119 Deum
1817 4047 1899 4120 ideo
1922 4050 2117 4124 instituisse
2136 4053 2271 4125 minine

266 4171 316 4242 cis
333 4159 534 4236 Aristotelis
558 4151 749 4246 sapientiae
771 4170 863 4236 esse,
895 4160 936 4220 ut
950 4171 992 4218 ex
1010 4171 1051 4217 ea
1071 4145 1256 4220 librosolo
1307 4147 1400 4222 rium
1410 4142 1615 4238 Evangelii,
1639 4160 1680 4219 ut
1695 4150 1871 4242 legemus,
1896 4153 2090 4242 discamus,
2114 4157 2272 4228 audiamus

243 4269 349 4342 -satis
378 4261 496 4335 doceri
517 4253 676 4328 Ecclesia
698 4252 819 4344 possit.
879 4244 933 4322 Ac
957 4271 1095 4341 possem
1123 4248 1257 4322 similes
1307 4271 1431 4326 vocem
1453 4245 1660 4342 Evangelii,
1693 4263 1727 4324 ct
1749 4265 1789 4324 ut
1808 4276 1872 4343 per
1892 4276 1970 4324 eam
1991 4259 2112 4328 voo‘em
2131 4258 2170 4328 iu
2187 4253 2271 4326 nobis

266 4391 404 4444 errores
422 4363 614 4432 multorum
638 4355 804 4438 recitare,
829 4373 981 4446 qttorum
1000 4373 1257 4422 commemora·
1307 4353 1369 4426 lux
1384 4351 1542 4424 coelestis
1556 4351 1724 4444 aSpiritu
1737 4367 1859 4426 sancto
1868 4351 1935 4426 Dei
1943 4360 2162 4432 accendatur.
2196 4356 2271 4428 Haec

267 4457 318 4549 tio
336 4495 377 4540 eo
390 4467 547 4560 prodest,
573 4457 656 4552 quia
673 4470 706 4528 et
724 4467 846 4526 monet
860 4465 900 4526 ut
914 4454 1107 4546 prudenter
1122 4451 1258 4524 discer-
1309 4453 1359 4524 ita
1379 4453 1457 4522 lieri
1479 4467 1612 4526 certum
1633 4467 1702 4536 est,
1734 4479 1815 4526 oum
1837 4453 1924 4532 voce
1940 4459 2207 4550 promissionum
2220 4479 2269 4528 aas

267 4595 394 4648 namtas
418 4587 544 4658 genera
575 4559 836 4641 doctrinarum,
870 4568 905 4626 et
928 4550 1093 4626 hortatur
1119 4576 1189 4624 nos
1210 4555 1256 4624 ad
1308 4567 1561 4641 sustentamus,
1600 4567 1635 4626 et
1668 4555 1886 4630 dubitationi
1921 4581 1963 4629 ac
1991 4561 2202 4633 diffidentiae
2229 4583 2270 4630 rc-

265 4673 491 4751 discendum,
524 4688 569 4734 ne
590 4683 712 4732 rursus
734 4659 794 4730 lux
814 4653 1002 4748 Evangelii
1021 4654 1258 4746 extinguatur,
1308 4679 1519 4748 pugnamus.
1578 4651 1701 4751 Itaque
1726 4661 1913 4730 execrandi
1942 4676 2026 4734 sunt
2046 4657 2269 4736 Enthusiastae

266 4797 300 4854 et
316 4799 408 4848 nova
426 4769 574 4857 caligine
590 4762 718 4832 veritas
735 4759 950 4830 involvatur.
991 4756 1145 4852 ldeoque
1163 4755 1257 4828 Pau·
1308 4771 1345 4829 et
1367 4753 1640 4850 Anabaptistae,
1671 4771 1705 4829 et
1730 4759 1880 4848 similes,
1914 4764 1977 4856 qui
2000 4767 2126 4857 spretis
2139 4765 2229 4835 libris
2244 4775 2268 4832 et

266 4889 323 4956 lus
349 4871 568 4966 diligentiam
592 4879 625 4936 et
647 4862 877 4936 attentionem
900 4883 976 4931 uon
1004 4859 1120 4930 solum
1143 4859 1182 4928 in
1205 4857 1258 4928 le-
1308 4859 1436 4931 omissa
1453 4859 1730 4940 lectione'novos
1746 4862 1885 4934 afflatus
1901 4881 2100 4957 expectant,
2124 4863 2267 4938 ntaudivi

266 4973 570 5078 gendopostulat,
597 4965 779 5036 sedetiam
800 4962 1031 5035 inducendo.
1082 4957 1256 5052 Magnum
1308 4962 1424 5032 dicere
1441 4964 1619 5056 quendam
1634 4960 1925 5054 Anabaptistam,
1958 4989 1995 5038 se
2012 4993 2086 5039 nou
2099 4995 2170 5040 uno
2184 4989 2267 5036 num·

265 5087 359 5158 enim
386 5095 420 5150 ct
440 5073 583 5147 difficile
605 5090 694 5159 opus
717 5077 789 5149 est,
822 5087 924 5149 vere,
958 5076 1072 5144 recte,
1102 5061 1257 5154 proprie,
1307 5089 1366 5132 mo
1384 5078 1585 5154 empturum
1601 5085 1674 5132 esse
1690 5088 1813 5135 omues
1836 5069 1974 5138 codices
1989 5071 2145 5143 coelestis
2159 5067 2266 5142 doctri-

265 5187 448 5264 distincte,
475 5173 656 5269 perspicue
672 5167 844 5259 explicare
858 5165 1055 5238 doctrinam
1070 5159 1257 5247 Ecclesiae,
1308 5187 1375 5234 nse
1387 5165 1425 5234 iu
1439 5189 1551 5236 unum
1566 5165 1747 5236 cumulum
1763 5169 1921 5240 collatos.
1940 5229 1943 5234 a
1972 5166 2026 5242 Ac
2042 5173 2136 5244 illias
2149 5173 2265 5266 quidem

264 5293 312 5360 ita
326 5300 366 5355 ut
381 5299 415 5354 et
430 5297 469 5351 tu
485 5281 559 5368 ipsc
576 5272 800 5344 circumferas
822 5269 860 5338 in
884 5280 1001 5337 mente
1022 5267 1123 5360 quasi
1138 5266 1255 5334 ideam
1307 5269 1408 5338 furor
1421 5267 1626 5336 manifestus
1641 5281 1735 5352 erat,
1761 5270 1822 5338 sed
1838 5269 1980 5342 initium
1993 5274 2117 5344 talium
2133 5275 2264 5344 furomn

265 5385 396 5475 integri
420 5377 586 5460 aedilicii,
616 5391 791 5466 stammam
812 5367 1013 5448 doctrinae,
1047 5382 1080 5438 et
1102 5366 1255 5436 similem
1307 5367 1423 5438 oritur
1444 5392 1485 5438 ex
1509 5361 1575 5438 hac
1599 5368 1788 5459 opinione,
1820 5395 1910 5464 qnae
1934 5373 2034 5464 fingit
2056 5377 2225 5448 lectionem
2241 5385 2264 5438 et
2300 5353 2301 5366 ¹

265 5493 379 5560 ideam
401 5483 523 5573 pingas
539 5479 578 5544 in
598 5473 775 5577 mentibus
793 5469 1009 5542 auditorum.
1068 5466 1124 5538 Sit
1139 5480 1255 5538 autem
1308 5469 1556 5560 cogitationem
1592 5471 1795 5543 divinarum
1829 5475 2104 5565 promissionum
2131 5476 2264 5548 inutilem
