4646 5824
218 303 292 380 sot
641 284 807 426 uren·
843 289 919 370 un
952 288 1292 372 utuntraru
1325 293 1507 374 tants
1540 278 1821 373 artata-tutu¹
2167 301 2232 375 sna

218 491 317 551 tanta
331 475 387 558 sit,
413 474 452 545 ul
470 469 605 542 nullius
619 469 780 540 oratione
794 465 879 540 satis
894 469 1067 540 declarari
1084 469 1208 562 possit:
1258 469 1380 542 divina
1406 493 1525 542 rerum
1551 471 1725 543 delectum
1750 471 1961 544 ostendunt:
2000 495 2040 542 ac
2064 471 2101 542 iu
2123 487 2238 546 natura
2304 495 2305 506 ¹

219 585 280 652 sed
304 592 439 649 tantum
462 575 678 662 obiurgabo,
710 595 783 641 non
813 571 970 642 iuniores
991 574 1116 656 modo,
1146 573 1207 642 sed
1259 573 1358 646 etin
1385 575 1545 644 moribus
1575 571 1850 646 turicremam
1873 597 1953 644 eunt
1981 587 2101 644 mente
2130 575 2240 648 divina

220 705 287 752 nos
316 701 437 750 onmes
466 683 610 768 propter
638 673 929 764 ingratitudinem
959 687 994 744 et
1018 673 1209 764 ignaviam,
1259 699 1452 766 congruere
1475 675 1616 748 dehere.
1669 673 1808 758 Vitam,
1843 677 1974 745 bonam
1999 677 2240 762 valetudinem,

221 786 557 878 quarurn'utraque
593 777 786 868 plurimum
826 770 932 846 habet
966 777 1210 870 turpitudinis,
1261 791 1293 849 et
1313 779 1404 848 vitae
1417 778 1602 870 praesidia,
1625 773 1723 847 Deus
1737 777 1898 847 adfirmat
1914 799 1969 846 res
1985 777 2109 860 bonas,
2134 793 2241 850 etase

222 897 365 980 propter
381 883 509 952 multas
524 901 655 948 causas.
1261 880 1421 950 conditas
1447 903 1538 966 esse,
1569 893 1605 952 et
1638 879 1738 952 iubet
1762 905 1828 952 nos
1861 879 1933 949 lrui
1961 874 2018 950 his
2043 883 2240 952 muneribus

324 984 439 1054 Tanta
456 995 508 1052 est
522 980 674 1050 duricies
690 973 928 1050 humanorum
944 993 1144 1073 pectorum,
1170 993 1209 1051 ut
1261 981 1407 1052 divinis.

221 1111 294 1158 non
316 1086 518 1156 mirandum
544 1081 610 1167 sit,
637 1095 769 1151 veteres
792 1081 950 1168 finxisse,
986 1077 1147 1152 homines
1168 1105 1208 1152 ex
1363 1080 1606 1174 Agnoscamus
1622 1078 1956 1174 igitur'haecdoua,
1983 1097 2017 1154 et
2032 1107 2071 1154 ea
2086 1109 2242 1171 amemus,

222 1190 402 1283 lapidibus
429 1199 525 1255 ortos
552 1207 636 1257 esse.
693 1181 831 1252 Omnes
858 1183 942 1252 inde
966 1207 1076 1278 usque
1099 1185 1144 1254 ab
1170 1209 1210 1254 ea
1262 1197 1295 1257 et
1317 1187 1495 1256 conditori
1518 1185 1647 1276 gratias
1669 1207 1822 1274 agamus.
1877 1184 1926 1256 lta
1948 1187 2121 1276 scriptum
2143 1201 2190 1258 est
2209 1187 2242 1257 in

222 1289 329 1372 hura,
359 1315 427 1383 qna
452 1287 605 1379 primum
625 1309 692 1354 nus
715 1309 755 1353 ex
778 1285 859 1353 alvo
885 1285 1007 1356 matris
1030 1286 1210 1378 excipiunt
1260 1287 1444 1358 sententiis
1466 1283 1610 1362 Siracb:
1644 1285 1791 1356 Honora
1816 1287 2013 1368 medicum,
2039 1286 2136 1358 Deus
2158 1291 2241 1358 enim

222 1415 350 1464 mantas
373 1387 619 1470 obstetricum,
653 1411 716 1478 per
739 1409 860 1454 urxrnes
874 1399 1039 1466 vaetatum
1068 1391 1210 1478 gradus,
1261 1389 1392 1460 creavit
1410 1413 1490 1460 eum
1508 1403 1652 1481 propter
1668 1389 1918 1459 necessitatem.

222 1497 359 1566 utimur
382 1492 467 1562 artis
494 1490 648 1558 medicae
672 1488 849 1558 beneficiis
879 1489 1210 1560 innumerabilibus.
1361 1489 1457 1562 Haec
1477 1491 1650 1561 sententia
1676 1490 1911 1560 necessarium
1931 1513 2005 1560 esse
2027 1513 2133 1560 usum
2150 1505 2182 1561 et
2195 1515 2242 1559 re-

224 1597 330 1686 Quod
347 1619 425 1664 cum
443 1593 490 1663 ita
506 1591 568 1674 sit,
595 1591 695 1660 multi
715 1601 833 1660 tamen
850 1613 915 1660 nec
930 1592 1085 1680 cogitant
1100 1607 1209 1662 artem
1262 1593 1460 1664 mediorum
1487 1607 1521 1665 ct
1547 1593 1633 1664 artis
1655 1594 1835 1678 adfirmat,
1857 1593 1953 1688 quoti
1971 1593 2116 1688 quidem
2138 1607 2242 1664 osten·
2306 1623 2307 1674 1

118 1747 126 1764 ,
222 1699 290 1770 Dei
312 1700 444 1768 donum
470 1717 558 1778 esse,
584 1717 648 1762 nec
663 1691 738 1761 Deo
761 1691 938 1763 conditori
961 1694 1211 1778 remediorum,
1262 1697 1353 1766 dunt
1369 1695 1526 1785 exempla
1544 1695 1716 1790 quotidie.

223 1814 255 1871 et
271 1795 496 1870 monstratori
520 1794 624 1878 artis,
651 1794 779 1884 gratias
802 1808 929 1882 agunt,
959 1817 1022 1864 nec
1047 1819 1210 1866 reveren·
1365 1796 1418 1868 Ac
1440 1797 1568 1867 diserte
1593 1797 1693 1868 addit
1716 1791 1859 1866 stracti:
1894 1789 2103 1867 ditissimus
2124 1795 2243 1866 crearit

222 1917 275 1974 ter
297 1903 340 1970 de
364 1915 438 1970 arte
462 1896 620 1968 sentiunt
643 1921 682 1966 oc
702 1897 909 1988 loquuntur.
961 1895 1059 1988 lpsae
1081 1911 1211 1968 matres
1262 1898 1416 1969 remedia
1440 1921 1481 1969 ex
1505 1911 1621 1984 terra,
1655 1913 1727 1968 eta
1750 1895 1826 1966 Deo
1850 1909 1902 1968 est
1929 1898 2139 1984 medicatio;
2171 1899 2243 1992 quie

222 2004 317 2073 edito
334 2004 448 2084 loetu,
474 1999 623 2068 infinitis
646 1997 780 2066 morbis
799 1997 971 2068 obnoxiae
994 2013 1095 2082 srrnt,
1120 2023 1210 2094 quae
1263 2025 1334 2070 non
1353 2001 1458 2070 modo
1480 2001 1633 2070 remedia
1651 2000 1698 2069 ita
1712 1999 1877 2070 distincta
1900 2013 1983 2070 sunt
1999 2000 2151 2070 consilio
2168 2025 2245 2070 cou-

221 2105 298 2176 sine
313 2127 379 2194 ope
394 2101 529 2171 medica
547 2099 680 2169 servari
697 2123 767 2168 nou
785 2113 935 2190 possent.
968 2095 1017 2170 Et
1035 2101 1210 2170 incorum
1262 2101 1409 2186 ditoris,
1434 2117 1474 2174 ut
1496 2099 1563 2170 alia
1587 2102 1675 2172 alios
1699 2103 1842 2172 morbos
1862 2103 2059 2194 depellant,
2087 2103 2155 2172 alia
2175 2103 2243 2170 aliis

224 2205 388 2300 periculis
405 2201 559 2273 remedia
575 2225 647 2270 nou
672 2213 806 2272 tantum
825 2197 989 2271 adhiberi
1004 2203 1210 2272 ostentatio·
1262 2203 1431 2274 membris
1453 2206 1673 2288 conducant,
1699 2205 1758 2271 sed
1782 2203 1886 2272 etiam
1912 2203 2103 2274 consilium
2129 2203 2244 2273 medici
2307 2253 2308 2282 ,

221 2298 277 2378 n'is
294 2331 416 2388 eausa,
442 2307 502 2374 sed
520 2327 601 2373 vere
616 2303 766 2384 efficacia
786 2317 820 2375 et
834 2303 1000 2373 salutaria
1017 2327 1108 2387 esse,
1134 2305 1208 2396 ple·
1263 2305 1436 2376 divinitus
1462 2305 1612 2394 regitur,
1646 2318 1680 2376 et
1712 2304 1864 2374 ellieacia
1897 2327 1917 2374 a
1950 2305 2027 2376 Den
2053 2307 2244 2380 adiuvatur.

220 2433 360 2505 rnnque
384 2422 530 2490 testatur
548 2403 773 2496 experientia.
833 2403 945 2498 Saepe
967 2409 1075 2476 ubera
1097 2407 1211 2475 medi·
1261 2405 1358 2477 Haec
1379 2431 1458 2476 cum
1483 2408 1531 2477 ita
1553 2407 1645 2491 sint,
1669 2431 1878 2484 moveamur
1899 2417 1933 2476 et
1948 2407 2103 2479 utilitate
2125 2423 2245 2489 nostra,

221 2516 332 2584 canda
348 2523 448 2596 sunt,
473 2531 574 2599 saepe
590 2529 735 2577 sumnus
750 2520 823 2575 arte
848 2511 1077 2581 revocandus.
1128 2507 1209 2576 Ma·
1262 2521 1295 2579 et
1311 2509 1506 2578 conditoris
1522 2501 1709 2593 bonitate,n
1723 2521 1763 2579 ut
1783 2521 1817 2578 et
1836 2509 1992 2580 remedia
2017 2525 2051 2580 et
2076 2505 2168 2580 hanc
2190 2513 2245 2580 du-

219 2613 423 2688 trieis'vcro
453 2610 605 2702 pericula
637 2629 726 2698 pene
753 2606 890 2678 inlinita
919 2623 1012 2683 sunt.
1072 2606 1210 2678 Deinde
1262 2611 1412 2682 ctrinam
1435 2611 1735 2700 magnifaciamus.

219 2718 336 2786 ulcera
361 2714 528 2785 omnibus
549 2710 744 2780 infantibus
768 2710 967 2779 communia
989 2716 1088 2796 sunt,
1119 2735 1210 2804 qnae
1362 2710 1530 2782 Arbitror
1563 2727 1680 2782 autent
1714 2713 1826 2782 bonas
1856 2723 1995 2808 mentes
2030 2735 2107 2782 non
2141 2713 2245 2784 solum

222 2843 296 2888 non
311 2827 583 2894 maturescerent
608 2825 643 2884 et
660 2813 749 2884 alios
763 2813 906 2884 morbos
920 2814 1117 2900 adferrent,
1140 2813 1212 2884 nisi
1263 2831 1407 2906 propter
1430 2815 1618 2884 utilitatem
1649 2813 1814 2887 delectari
1843 2815 2129 2885 consideratione
2152 2831 2245 2886 natu·
2308 2825 2309 2894 J

219 2943 277 2992 ars
291 2943 394 3010 opem
413 2919 529 2990 terret.
1263 2941 1339 2999 rae,
1372 2917 1434 2986 sed
1456 2916 1567 3006 magis
1589 2916 1693 2984 etiam
1723 2929 1926 3006 propterea,
1959 2917 2043 3010 qnia
2067 2931 2142 2989 tota
2172 2915 2246 2988 haee

321 3020 391 3092 Sed
420 3019 546 3092 omitto
579 3010 672 3085 hane
699 3013 1018 3095 enxxmerationem,
1052 3037 1143 3108 quae
1165 3039 1210 3086 ne
1262 3031 1408 3087 naturae
1422 3017 1572 3087 varietas
1587 3017 1683 3088 velut
1704 3013 1881 3089 theatrum
1905 3031 1974 3102 est,
2001 3019 2038 3088 in
2064 3045 2136 3113 qno
2159 3020 2245 3090 testi-

219 3125 364 3219 quidem
380 3116 776 3212 magnisvoluminibus
796 3116 930 3204 integra
956 3111 1208 3208 comprehendi
1261 3121 1380 3190 monia
1398 3121 1443 3188 de
1457 3115 1533 3189 Deo
1551 3119 1676 3211 opifice
1692 3120 1843 3190 illustria
1858 3119 2141 3210 conspiciuntur.
2180 3119 2246 3191 lui·

218 3239 346 3318 posset.
399 3221 483 3294 ldeo
505 3234 621 3291 autem
637 3221 679 3288 ad
704 3217 763 3286 illa
787 3217 898 3310 prima
921 3216 1023 3287 initia
1040 3218 1130 3288 vitae
1153 3219 1210 3293 iu-
1262 3223 1311 3292 tio
1330 3221 1502 3292 domicilii
1525 3221 1692 3311 liguram,
1716 3237 1751 3293 et
1767 3221 1865 3291 illam
1888 3218 2162 3313 pulcherrimam
2179 3249 2245 3291 ma-

219 3328 337 3397 niores
352 3316 506 3408 deducu,
533 3337 571 3392 ut
587 3319 615 3391 si
633 3319 854 3410 cogitabunt,
879 3319 1052 3390 matribus
1070 3343 1106 3390 se
1129 3343 1209 3410 gra·
1262 3319 1421 3408 chinum,
1446 3323 1482 3391 in
1499 3345 1568 3416 qua
1584 3325 1700 3392 sidera
1716 3317 1915 3404 vehuntur,
1941 3335 1980 3392 nt
1994 3325 2082 3410 dies,
2109 3349 2245 3408 menses,
2309 3393 2310 3396 ,

218 3429 409 3500 titudinem
433 3428 575 3496 debere:
602 3421 708 3493 simul
729 3423 974 3506 considerent,
1001 3423 1152 3494 multum
1173 3447 1209 3494 se
1261 3449 1391 3511 annos,
1421 3439 1585 3508 aestates,
1612 3421 1755 3520 hyemes
1772 3425 2012 3515 distinguant,
2040 3441 2080 3496 ut
2098 3429 2244 3497 dissimi-

219 3534 348 3604 debere
365 3531 435 3600 arti'
448 3527 622 3605 me'dicae,
649 3549 717 3618 qua
740 3523 920 3614 puerperis
942 3537 975 3595 et
993 3523 1101 3593 loetui
1120 3548 1209 3616 opus
1262 3528 1305 3596 lis
1322 3529 1367 3599 sit
1391 3540 1515 3596 natura
1540 3539 1757 3618 temporum,
1782 3541 1822 3600 nt
1839 3529 2033 3623 quotannis
2048 3545 2145 3601 certo
2164 3545 2244 3600 tem-

219 3649 281 3709 est.
334 3629 387 3704 Ae
403 3631 441 3702 in
457 3655 497 3700 ea
513 3627 725 3719 cogitatione
740 3649 816 3696 non
833 3638 968 3695 tantum
986 3625 1206 3715 diligentiam
1262 3653 1346 3722 pore
1368 3629 1488 3720 gignat
1508 3643 1599 3700 terra
1623 3631 1758 3719 fruges,
1783 3643 1858 3701 arte
1879 3629 2004 3700 iactam
2020 3653 2115 3723 esse,
2139 3629 2243 3701 mani.

217 3729 405 3806 hominum
421 3745 482 3804 aut
503 3729 657 3801 remedia
678 3727 903 3811 intueantur,
928 3729 987 3797 sed
1014 3727 1207 3799 honitatem
1261 3731 1388 3801 iestum
1410 3745 1471 3800 est.

217 3835 284 3909 Dei
303 3843 512 3926 agnoscant,
537 3833 599 3925 qui
615 3845 649 3901 et
665 3829 818 3898 remedia
842 3829 1020 3910 condidit,
1046 3843 1081 3901 et
1105 3853 1207 3900 usum
1362 3827 1501 3902 Deinde
1511 3841 1640 3924 quanta
1656 3849 1713 3898 ars
1728 3841 1777 3900 est
1794 3827 1917 3900 intuta
1933 3825 2092 3905 hominis
2107 3827 2243 3902 rauna?

218 3937 441 4021 monstravit,
465 3951 503 4008 ut
519 3935 637 4028 aliqua
653 3953 693 4001 ex
710 3945 808 4022 parte
822 3925 927 4000 huius
946 3931 1037 4002 vitae
1051 3931 1209 4002 miserias
1261 3931 1460 4004 Discrimen
1478 3931 1566 4003 lueis
1582 3943 1616 4000 et
1631 3932 1868 4016 tenebrarum,
1892 3931 2084 4006 discrimen
2102 3933 2241 4003 noticiae

218 4033 356 4111 le'nire't.
393 4035 456 4108 llla
472 4035 637 4132 Cyclopis
653 4057 719 4103 vox
736 4032 881 4121 indigna
902 4028 1122 4114 esthomine,
1147 4033 1207 4127 qui
1262 4051 1294 4106 et
1318 4037 1555 4124 ignorantiae,
1587 4032 1764 4120 fastigium
1794 4031 1832 4102 in
1857 4035 2001 4106 cerebro
2029 4035 2240 4107 simillimum

219 4144 269 4216 ait
286 4167 322 4213 se
339 4165 403 4212 nec
420 4137 513 4211 lovis
526 4138 690 4228 lulrnina,
713 4159 777 4206 nec
798 4135 929 4205 imbres
944 4147 1119 4220 metuere,
1143 4159 1210 4205 nec
1261 4139 1367 4222 coeli,
1394 4137 1519 4229 inquo
1539 4147 1573 4204 et
1592 4133 1710 4205 lucettt
1727 4133 1901 4218 notitiae,
1925 4151 1960 4207 et
1983 4142 2155 4232 repositae
2177 4157 2240 4205 set·

219 4257 333 4314 terrae
350 4245 588 4323 sterilitatem,
613 4239 696 4333 qnia
717 4251 750 4308 et
767 4261 871 4326 rupes
891 4237 1084 4308 defendant
1104 4262 1208 4308 snum
1263 4258 1402 4314 vantur.
1453 4235 1503 4310 Et
1517 4235 1623 4306 insita
1638 4249 1691 4307 est
1704 4239 1876 4328 quaedam
1892 4239 1937 4307 de
1953 4241 2030 4310 Deo
2046 4243 2117 4323 lux,
2137 4253 2168 4309 et
2183 4239 2239 4306 ad·

219 4368 378 4438 specum,
402 4359 434 4415 et
456 4346 493 4414 in
517 4366 621 4434 specu
644 4363 782 4430 gregem
806 4335 931 4411 habeat
948 4340 1087 4422 uvitrm,
1112 4341 1209 4409 unde
1261 4341 1353 4412 ditae
1370 4341 1501 4413 multae
1518 4337 1667 4408 noticiae
1680 4337 1782 4419 aliae,
1804 4355 1991 4432 quaesunt
2007 4343 2101 4414 vitae
2116 4361 2239 4418 norma,

220 4449 377 4520 victitare
400 4447 518 4540 possib
570 4443 705 4515 Similis
728 4457 779 4514 est
801 4442 916 4512 oratio
939 4441 1131 4512 multorum
1152 4440 1209 4512 in·
1260 4443 1523 4514 distinctionem
1540 4454 1574 4510 et
1588 4439 1751 4509 ordinem
1767 4453 2020 4528 monstrantes,
2045 4459 2085 4515 nt
2099 4440 2238 4522 numeri,

220 4554 404 4622 doctorum
417 4574 457 4619 ac
474 4547 725 4628 barbarorum,
750 4542 812 4637 qui
827 4558 860 4614 et
876 4543 913 4613 in
928 4543 1058 4614 tuenda
1073 4543 1207 4616 valetu-
1262 4545 1461 4614 intellectus
1490 4541 1629 4614 ordinis
1662 4555 1697 4612 et
1730 4543 2022 4636 consequentiae,
2058 4545 2237 4616 discrimen

220 4655 304 4723 dine
320 4651 607 4745 temperantiam,
632 4647 718 4718 etin
736 4645 901 4736 periculis
919 4644 1037 4716 omnia
1053 4646 1207 4714 remedia
1262 4642 1492 4718 bonestorum
1514 4659 1548 4716 et
1564 4643 1739 4734 turpium,
1766 4657 1908 4713 aeterno
1930 4659 1964 4718 et
1983 4647 2131 4720 immoto
2147 4657 2233 4736 septo

220 4767 463 4828 contemnunt.
514 4751 567 4824 Ac
592 4773 637 4820 ne
659 4747 814 4840 rogitant
839 4748 1002 4841 quidem,
1025 4745 1090 4816 Dei
1114 4749 1207 4816 dona
1260 4749 1481 4837 d'utinguens
1495 4747 1655 4818 iacienda
1671 4757 1706 4816 et
1720 4747 1899 4835 lugienda.

220 4881 293 4930 esse
315 4856 469 4928 remedia
488 4869 522 4926 et
543 4867 676 4932 artem,
697 4853 757 4920 sed
780 4845 819 4920 hi
833 4849 1004 4946 Cyclopes
1027 4873 1106 4919 cum
1132 4847 1207 4920 Deo
1360 4849 1457 4920 llaec
1481 4849 1635 4921 extitisse
1660 4870 1760 4933 casu,
1791 4862 1853 4920 aut
1875 4871 1916 4918 cx
1940 4851 2086 4923 materia
2110 4861 2232 4923 butum

219 4973 253 5032 et
270 4978 395 5033 natura
411 4958 545 5030 bellum
564 4965 703 5046 gerunt.
1259 4951 1475 5048 impossihile
1490 4968 1552 5026 est.

321 5061 369 5132 At
396 5062 508 5132 bonae
539 5069 674 5127 mentes
698 5053 811 5124 sciant
837 5051 991 5144 primum
1021 5049 1208 5123 universae
1360 5053 1498 5124 Clamat
1531 5051 1639 5143 igitur
1672 5049 1747 5140 ipsa
1776 5073 1896 5122 renam
1929 5065 2073 5134 natura,
2104 5065 2138 5124 et
2169 5069 2232 5118 esse

219 5177 363 5235 naturae
379 5185 498 5234 vocem
514 5157 703 5242 testificari,
730 5149 827 5225 hune
848 5155 1021 5223 mundum
1037 5177 1111 5224 non
1125 5179 1207 5226 casu
1257 5153 1393 5240 Deum,
1426 5167 1459 5226 et
1483 5177 1557 5224 esse
1580 5151 1792 5246 sapientem,
1822 5154 2017 5224 bonumne
2041 5155 2230 5228 beneficum,

219 5264 389 5345 extitisse,
413 5265 472 5334 sed
488 5286 507 5333 a
531 5273 649 5332 mente
667 5271 810 5329 aeterna
828 5250 1104 5326 architectatrice
1119 5279 1206 5326 con·
1257 5259 1425 5328 scelerum
1443 5254 1629 5338 vindicem,
1654 5257 1835 5326 custodem
1853 5249 2028 5327 humanae
2041 5255 2213 5327 societatis.

217 5363 331 5433 ditum
356 5377 389 5432 et
413 5365 603 5432 formatum
626 5385 715 5430 esse:
740 5357 871 5427 deinde
896 5371 930 5427 et
950 5351 1088 5426 homini
1111 5359 1205 5426 noti·
1358 5357 1439 5432 Non
1463 5357 1578 5428 dicam
1606 5380 1702 5427 nnnc
1729 5359 1775 5426 de
1808 5369 1880 5428 tota
1911 5353 2057 5428 bramani
2086 5351 2227 5449 eoeperit

217 5466 288 5534 cias
314 5463 438 5532 insitas
464 5485 555 5546 esse,
588 5485 678 5554 quae
707 5471 941 5551 congruentes
973 5479 1054 5528 cum
1087 5473 1205 5531 tuente
1255 5461 1536 5550 constructione,
1561 5462 1604 5532 de
1619 5457 1789 5554 stirpibus
1804 5475 1838 5532 et
1856 5459 2002 5554 plantis:
2029 5475 2158 5534 tantum
2173 5457 2227 5528 atl-
