4718 5828
77 249 149 322 an
532 179 1621 348 [zuncnunrarursruarsionum-t
1743 313 1750 324 ,
1890 191 1897 206 ’
2030 249 2108 323 en

73 437 174 510 quarn
192 411 361 497 intuens,
385 409 425 480 in
439 431 550 505 eaque
567 407 719 494 delirus,
742 407 788 480 ad
813 405 912 478 illius
934 403 1063 479 simili·
1087 407 1092 434 '
1115 419 1151 480 ct
1165 409 1209 478 a'd
1226 430 1312 480 usus
1328 415 1471 478 nostros
1495 402 1580 482 haec
1606 435 1725 484 rerum
1748 429 1874 486 natura
1904 419 2047 489 condita
2072 434 2106 492 et

73 519 235 588 tudinem
269 527 381 585 artem
418 526 453 583 et
484 535 631 581 manum
660 509 805 600 dirigit,
856 509 905 580 ita
937 521 1064 579 etnns
1114 511 1282 591 fabricata
1300 511 1363 592 sit,
1389 510 1562 598 flagitium
1586 525 1642 606 est
1659 516 1749 584 velle
1771 519 1882 589 totius
1903 515 2105 611 pulcherri-

71 631 211 712 oportet
236 619 391 690 formam
415 615 593 710 quandam
618 612 761 691 virtutis
782 611 901 692 animo
930 609 1064 681 inscul-
1115 638 1209 684 mam
1232 603 1382 684 aedilicii
1407 611 1582 686 rationem
1605 619 1857 710 coutaurplari,
1896 624 2102 713 praesertim

70 745 150 814 pere
174 709 287 814 quain
309 717 609 808 contemplemur,
633 729 668 786 et
690 715 728 783 in
751 713 939 784 consilium
958 708 1065 784 adhi-
1114 729 1195 786 curri
1218 737 1256 788 ea
1287 712 1444 802 cognitio
1469 715 1664 805 plurimum
1692 723 1861 790 momenti
1889 723 2026 796 adferat
2056 729 2101 794 ad

70 827 241 907 beamus,
267 819 417 912 quotics
451 821 496 889 de
532 817 694 888 moribus
732 819 846 914 deque
873 811 1063 887 homiuum
1116 815 1354 899 valetudinem
1373 821 1673 905 conservandam,
1697 829 1732 890 et
1752 824 1795 892 ad
1817 825 2001 920 plerasque
2014 827 2102 898 alias

72 925 196 998 officiis
211 923 472 1008 iudicabimus,
489 920 534 989 'id
553 919 602 990 ita
618 919 698 1000 fiet,
723 919 753 990 si
767 917 982 1011 optimorum
999 941 1064 988 au·
1115 919 1206 990 vitae
1220 933 1334 1009 partes
1349 920 1531 1007 regendas.
1568 918 1659 1009 Quia
1675 935 1810 993 cattam
1827 927 1980 1014 ferreus,
1993 953 2100 1022 quem

73 1043 188 1099 torum
213 1023 620 1129 praeceplssslllldfflllff
645 1020 938 1116 cognoverimus,
964 1032 1064 1090 etex
1114 1023 1196 1092 siin
1214 1017 1352 1094 theatro
1367 1022 1597 1105 sedeat,.unm
1614 1023 1799 1110 ludiliunt,
1814 1051 1889 1098 non
1904 1030 2098 1124 aliquando

72 1131 140 1200 illis
167 1139 305 1200 certam
334 1129 514 1220 quandam
530 1118 707 1194 ''omnium
731 1121 929 1193 officiorum
952 1121 1063 1192 ratio·
1115 1125 1263 1196 incessat
1276 1121 1460 1214 spectandi
1477 1124 1631 1216 cupido?
1657 1139 1786 1196 etcum
1809 1131 1948 1200 nullum
1963 1146 2098 1226 specta·

73 1257 151 1303 uem
188 1230 451 1322 collegerimus.
509 1224 560 1298 Et
583 1239 624 1298 ut
648 1227 769 1298 ferunt
799 1223 951 1298 Zeusern
981 1245 1082 1296 cum
1114 1227 1253 1310 culum,
1285 1225 1378 1296 nulli
1400 1225 1499 1310 ludi,
1532 1227 1613 1317 plus
1637 1229 1826 1320 voluptatis
1847 1245 1909 1302 aut
1934 1235 2099 1305 utilitatis

73 1333 249 1406 Helenam
260 1330 480 1404 Crotoniatis
494 1329 640 1422 pingere
654 1327 883 1414 decrevisset,
907 1351 948 1398 ex
964 1325 1064 1399 omni
1115 1329 1253 1400 adferre
1283 1327 1472 1419 spectatori
1505 1342 1672 1420 possunt,
1702 1355 1807 1423 quam
1842 1327 1928 1404 haec
1950 1349 2099 1408 naturae

74 1461 223 1510 numero
248 1433 430 1526 virginum
460 1432 536 1507 eins
564 1429 663 1505 urbis
692 1429 852 1524 quinque
882 1427 1062 1518 delegisse,
1115 1429 1283 1515 variates,
1309 1425 1400 1498 mihi
1414 1429 1544 1500 rectius
1563 1430 1643 1502 viva
1665 1435 1834 1505 cadavera
1850 1461 1960 1530 quarn
1979 1433 2097 1508 homi·

75 1543 115 1610 ad
137 1562 296 1634 quarum
320 1529 520 1626 eriemplnm
544 1531 718 1604 Helenam
740 1533 925 1625 pingeret,
946 1529 997 1605 ita
1022 1553 1063 1602 ca
1115 1555 1176 1602 nes
1200 1532 1367 1602 videntur
1390 1531 1611 1623 appellandi,
1643 1529 1768 1627 hiqui
1787 1562 1905 1632 neque
1929 1555 2097 1626 mentem,

75 1639 277 1712 lectissimis
305 1639 490 1720 autoribus
523 1636 692 1709 debemus
723 1647 856 1706 certam
888 1631 1064 1705 rationem
1115 1657 1229 1728 neque
1253 1633 1373 1710 ambs
1393 1635 1436 1704 ad
1452 1648 1599 1706 naturae
1617 1637 1940 1710 considerationem
1950 1667 2100 1714 couver-

76 1745 217 1816 virtutis
234 1765 438 1834 excerpere,
462 1761 553 1836 quae
569 1737 716 1808 consilia
732 1735 853 1811 omnia
869 1747 990 1807 nostra
1007 1758 1063 1820 re-
1114 1749 1207 1809 tunt.
1258 1734 1441 1808 Postremo
1459 1739 1503 1808 ad
1519 1740 1712 1828 parandam
1729 1739 1912 1813 scientiam
1935 1745 2097 1816 benedi-

75 1861 131 1936 gat
156 1860 192 1916 et
217 1845 407 1934 gubernet.
463 1833 562 1910 Mihi
587 1852 704 1912 autem
728 1837 894 1930 inprimis
916 1839 961 1908 ad
984 1859 1061 1916 eam
1115 1839 1236 1924 cendi,
1257 1863 1332 1912 non
1357 1861 1482 1929 parum
1506 1841 1646 1910 confert
1665 1839 1857 1929 Hesiodus,
1889 1869 1973 1916 nam
1997 1848 2096 1918 lectis

74 1973 146 2021 rem
163 1943 463 2018 utilisHesiodus
478 1942 637 2028 videtur,
662 1941 744 2034 quia
761 1941 856 2028 inter
869 1939 1064 2034 ¹*gnomolo-
1115 1943 1234 2020 verbis
1255 1941 1387 2041 utitur,
1411 1963 1502 2034 quae
1524 1943 1730 2032 tempestive
1747 1949 1933 2038 usurpata,
1958 1963 1991 2019 et
2015 1973 2097 2020 ora-

72 2075 135 2140 gos
157 2035 351 2141 scriptores
378 2047 467 2117 citra
490 2043 767 2116 controversiam
787 2041 988 2135 principem
1009 2041 1064 2128 lo·
1115 2040 1206 2118 tioni
1224 2043 1430 2131 dignitatem
1445 2043 1628 2123 adferunt,
1647 2057 1682 2118 et
1697 2045 1863 2120 scientiae
1876 2043 2016 2140 pondus
2032 2054 2097 2121 ad·-

75 2179 155 2223 cnm
179 2163 291 2222 tenet„
350 2147 474 2242 Neque
496 2147 593 2219 enirn
616 2147 922 2239 uudapraecepta
942 2143 1064 2230 tradit,
1115 2149 1221 2219 dunt.
1267 2142 1450 2233 Quantum
1472 2158 1574 2235 putas
1593 2147 1898 2222 acceditorationi
1919 2153 2100 2242 gravitatis

74 2257 134 2326 scd
148 2254 241 2324 alias
256 2253 296 2324 in
314 2250 485 2344 encomiis
500 2247 664 2332 virtutis,
690 2246 777 2334 alias
793 2244 832 2316 in
850 2245 1064 2319 insectandis
1116 2244 1181 2321 hac
1200 2245 1420 2338 auresipenc
1436 2247 1585 2338 tragica,
1608 2273 1688 2320 cum
1712 2247 1829 2343 Reges
1850 2247 2009 2352 dwpoqrai
2035 2279 2100 2336 ους

74 2357 172 2428 vitiis
189 2367 445 2437 commoratur,
468 2353 615 2446 etquod
633 2349 928 2422 officiosissimum
946 2359 998 2418 est
1019 2348 1064 2416 ad
1116 2349 1426 2441 appellationem
1443 2355 1542 2437 grata
1562 2352 1772 2442 compositio
1797 2369 1848 2425 est
1871 2352 2101 2452 χειροδικαιῖ

74 2439 327 2541 absterrendos
344 2455 484 2526 animos
496 2449 719 2528 hominumn
729 2451 970 2542 turpitudine,
983 2472 1062 2540 gra·
1116 2451 1210 2531 suns
1223 2451 1292 2537 boe
1308 2465 1615 2541 genussertcentae
1637 2453 1788 2544 figurae,
1812 2481 1901 2552 quas
1916 2481 1990 2530 non
2013 2458 2101 2528 libet

75 2563 167 2632 riter
193 2574 230 2630 et
253 2559 417 2650 religiose
440 2559 562 2640 docet,
586 2554 761 2627 diuinitus
775 2553 889 2624 bunos
911 2551 1065 2646 praenaia
1117 2550 1176 2627 hi'c
1192 2568 1415 2636 enumerare,
1436 2553 1764 2648 nequidamittant
1788 2561 1920 2648 gratiae
1942 2585 1983 2630 ex
2009 2559 2102 2631 inte-

75 2689 140 2756 pro
163 2661 362 2734 benefactis
385 2661 495 2740 ferre,
522 2657 704 2750 improbos
724 2655 897 2728 scelerum
919 2653 1064 2724 auorum
1117 2680 1177 2747 gra
1200 2656 1381 2736 oratione,
1413 2656 1510 2726 velut
1543 2681 1562 2724 a
1599 2680 1747 2750 corpore
1781 2663 1939 2732 membra
1969 2663 2102 2733 avulsa.

76 2789 212 2858 poenas
229 2765 341 2856 luere·¹
384 2755 650 2832 Animadvertit
664 2756 758 2831 enirn
771 2755 1066 2850 prudentissimus
1118 2758 1216 2849 Quid
1241 2759 1284 2827 de
1308 2769 1381 2859 tota
1403 2755 1576 2828 orationis
1600 2771 1796 2848 structura,
1822 2767 1936 2858 deque
1959 2779 2103 2836 sentens

8 2871 10 2880 ‘
75 2871 306 2954 rir‚·natura
327 2887 396 2937 nos
417 2863 517 2946 duci,
541 2874 582 2932 ut
601 2857 958 2934 statuamusnumine
977 2881 1067 2950 quo·
1118 2861 1247 2930 tiarum
1270 2859 1391 2950 figuris
1416 2857 1598 2930 dicemus?
1631 2887 1721 2956 quae
1746 2877 1931 2958 tantopere
1947 2869 2104 2958 probau—
2181 2853 2184 2861 ’

78 2975 162 3042 darn
178 2965 269 3038 baec
290 2966 454 3037 mortalia
477 2963 690 3056 gubernari,
715 2971 860 3056 esseque
869 2957 989 3032 Deum
1009 2959 1068 3028 in·
1118 2977 1177 3034 tur
1198 2961 1331 3048 Fabio,
1364 2974 1404 3032 nt
1425 2955 1509 3032 huic
1536 2963 1703 3038 decernat
1724 2964 1763 3036 in
1786 2968 1956 3040 mediocri
1977 2992 2106 3060 genere

77 3073 196 3144 iuriae
223 3071 378 3140 ultorem
405 3081 440 3138 et
464 3068 645 3141 bonorum
671 3078 893 3144 assertorem.
943 3063 1067 3155 Itaque
1119 3065 1262 3136 dicendi
1292 3065 1464 3156 palmam,
1508 3077 1541 3134 et
1570 3065 1734 3162 princeps
1761 3069 1955 3156 latinorum
1977 3069 2107 3144 Poeta-

79 3176 197 3244 multo
229 3172 372 3262 gravius
406 3172 453 3242 de
484 3169 646 3242 moribus
676 3165 848 3259 praecipit
878 3161 1070 3252 Hesiodus,
1119 3192 1199 3238 rum
1215 3165 1406 3256 Virgilius,
1431 3181 1465 3235 et
1480 3161 1636 3237 Ovidius
1654 3169 1863 3241 lectissimos
1876 3174 1974 3242 locos
1988 3175 2026 3242 in
2043 3195 2107 3243 sua

80 3301 190 3370 quam
208 3267 422 3364 Philosophi
436 3271 521 3356 ulli,
543 3271 606 3364 qui
623 3291 688 3340 ceu
701 3269 858 3360 gigantes
882 3267 922 3336 in
937 3266 1069 3339 fabulis
1120 3292 1227 3360 opera
1246 3268 1511 3348 transtulerint,
1537 3269 1799 3366 iudicariutque
1816 3297 1889 3344 non
1907 3275 1983 3344 leve
2000 3283 2107 3344 orna·
2169 3293 2175 3300 ’

81 3381 222 3450 coelum
252 3372 601 3458 excindereconati,
634 3369 749 3442 Deum
772 3371 817 3440 ab
841 3367 1070 3440 administra·
1122 3383 1280 3440 ruentum
1315 3371 1401 3443 inde
1432 3371 1597 3440 accedere
1628 3374 1701 3442 suis
1727 3379 1909 3466 poematis.
1965 3373 2107 3447 Reddet

81 3482 180 3552 tione
203 3503 323 3550 rerum
346 3478 577 3577 submovent,
601 3486 635 3544 et
656 3473 828 3562 religione
843 3472 983 3542 animos
1002 3465 1070 3542 ho·
1121 3470 1219 3542 haud
1246 3473 1354 3541 dubie
1377 3484 1409 3543 et
1432 3467 1588 3550 nostram
1618 3477 1815 3546 orationem
1841 3479 2106 3568 locupletiorem

82 3584 224 3654 minum
256 3582 422 3652 liberant.
481 3575 659 3668 Diogenes
691 3575 832 3644 dicebat
858 3569 1071 3664 Harpalum,
1123 3589 1158 3644 et
1182 3574 1403 3658 uberiorem,
1442 3596 1507 3644 nee
1539 3576 1631 3644 male
1663 3579 1849 3674 collocabit
1881 3587 2045 3671 operam,
2077 3581 2108 3648 si

83 3687 146 3780 qui
163 3685 293 3774 praedo
307 3682 414 3752 foelix
434 3681 507 3750 illis
519 3677 739 3771 temporibus
753 3669 968 3760 habebatur,
985 3699 1071 3746 cone
1123 3676 1203 3772 quis
1231 3675 1275 3745 ad
1303 3683 1464 3766 graecum
1490 3679 1686 3770 exemplar,
1720 3669 1759 3749 ea
1776 3683 2002 3773 quaenostri
2025 3671 2109 3751 inde

82 3803 137 3858 tra
148 3785 243 3857 Deos
260 3785 503 3856 testimonium
520 3781 658 3866 dicere,
685 3781 781 3872 quod
799 3777 838 3846 in
855 3777 916 3846 illa
929 3777 1073 3866 fortuna
1124 3792 1388 3870 excerpserunt,
1408 3774 1622 3865 ¹contulerit,
1646 3805 1730 3851 nam
1750 3769 2019 3878 illa·utriusque
2037 3785 2111 3854 lin·

83 3888 400 3960 tamdiuvivcret.
453 3883 597 3974 Quanto
619 3871 924 3976 φιλοσοφώτερον
944 3877 1075 3952 Hesio·
1124 3883 1212 3972 guad
1228 3877 1424 3972 proprietas
1447 3883 1575 3951 certius
1591 3879 1896 3976 deprehendetur,
1930 3899 1963 3954 et
1978 3887 2110 3969 figurae

85 3995 154 4062 dus
176 3992 278 4084 ducet
303 4013 412 4082 prope
439 3991 559 4058 adesse
580 3981 675 4055 Deos
700 3977 925 4066 horninibus,
960 4004 1000 4052 ac
1018 3981 1074 4050 ui·
1124 3979 1375 4052 verborumet
1397 3983 1652 4053 sententiarum
1676 3973 1952 4082 ¹animadversae
1982 3987 2112 4057 clarius

84 4097 170 4164 dere
193 4092 375 4162 malefacta
397 4089 543 4160 nostra?
594 4085 669 4156 Vos
690 4107 820 4178 quaeso
851 4081 975 4152 ametis
1005 4078 1075 4154 hoc
1126 4098 1326 4154 cernentur.
1386 4081 1565 4158 Profuerit
1596 4087 1718 4168 etiam,
1752 4088 1781 4156 si
1816 4089 1934 4158 lucram
1956 4089 2109 4182 aliquem

86 4198 232 4290 po'e'rna,
257 4205 290 4264 et
310 4192 485 4262 familiare
507 4189 608 4258 vobis
631 4187 784 4272 faciatis,
810 4185 906 4278 quod
930 4183 1075 4278 quidem
1125 4185 1343 4256 floridiorem
1371 4195 1434 4255 trio
1451 4183 1567 4256 Marte
1589 4189 1710 4262 latinis
1725 4179 1884 4260 versibus
1901 4191 2113 4283 exposueris,

86 4299 355 4380 divinnrnesse‚
379 4294 437 4363 vel
450 4289 519 4364 hoc
532 4301 740 4382 argumento
758 4287 819 4374 sit,
846 4287 940 4380 quod
956 4287 1076 4356 ferunt
1127 4311 1217 4381 quae
1239 4287 1440 4356 exercitatio
1461 4288 1533 4357 dici
1560 4305 1790 4392 nonputest,
1816 4307 1988 4386 quantum
2012 4305 2114 4363 acuat

87 4399 248 4470 Hesiodo
271 4397 405 4486 pastori
433 4395 585 4464 calamos
612 4417 632 4462 a
658 4389 775 4474 Musis
807 4391 958 4458 donatos
984 4411 1077 4474 esse,
1126 4390 1508 4482 iudicium,quantum
1524 4389 1608 4461 item
1625 4395 1669 4461 ad
1686 4395 1848 4473 alendam
1864 4396 2036 4465 sermonis
2053 4417 2113 4464 co-

88 4505 219 4596 quibus
240 4499 311 4570 iam
335 4499 475 4568 afflatus
495 4495 624 4568 cecinit
647 4487 733 4564 haec
753 4503 948 4584 praecepta.
999 4486 1077 4582 Ap-
1127 4493 1221 4584 piam
1256 4503 1289 4560 et
1321 4493 1594 4583 comparandam
1630 4493 1811 4564 scientiam
1835 4497 2034 4587 explicandi
2058 4521 2113 4566 res

87 4617 190 4698 paret
205 4627 249 4672 ex
263 4598 434 4673 Cicerone
449 4598 573 4682 solitos
589 4597 676 4666 olirn
690 4595 740 4664 sic
756 4615 887 4686 pueros
910 4592 1080 4676 ediscere,
1129 4595 1295 4663 obscuras
1319 4593 1439 4662 faciat:
1470 4596 1529 4663 sed
1552 4590 1637 4665 haec
1659 4596 1753 4666 inter
1774 4601 2010 4668 enarrandum
2034 4600 2114 4670 obi-

89 4721 128 4778 ut
162 4719 278 4776 certas
310 4702 471 4793 preculas
505 4700 620 4772 nostri
655 4695 757 4788 pueri
789 4695 973 4770 docentur.
1030 4690 1078 4768 Et
1129 4710 1182 4766 ter
1196 4695 1431 4769 monebimus.
1483 4694 1641 4796 Quaerat
1657 4699 1803 4792 aliquis,
1830 4700 1916 4796 quid
1932 4695 2023 4770 haec
2041 4715 2113 4770 tota
2214 4717 2217 4724 ·

90 4807 221 4880 Graeci
239 4805 328 4876 tanti
342 4805 476 4888 fecere,
502 4816 543 4873 ut
557 4801 596 4870 in
610 4798 784 4870 Helicone
797 4797 1019 4869 adservarint
1038 4798 1078 4868 in
1129 4797 1220 4870 ratio
1254 4797 1414 4867 discendi
1443 4795 1490 4868 ad
1528 4799 1694 4891 pietatem
1728 4803 1927 4875 conducat?
1977 4799 2042 4874 Est
2075 4803 2116 4871 in

89 4911 237 5005 plumbo
256 4905 471 4996 descriptum
486 4919 624 4996 poema.
1013 4928 1020 4936 ·
1111 4895 1724 4994 ¹promptuquidrespondeam‚ad
1742 4904 1997 4994 immutandam
2015 4929 2119 4975 men·
2251 4969 2254 4979 .

204 5009 388 5082 Hactenus
438 5009 481 5078 de
528 5007 642 5098 prima
683 5001 866 5074 Hesiodici
911 5001 1080 5074 carminis
1130 5017 1219 5087 tem,
1244 5001 1692 5098 imbuendaqnercligione
1708 5002 1802 5077 nihil
1822 5009 2006 5094 conducit,
2031 5030 2117 5080 narn
2219 5008 2225 5018 '

92 5130 200 5208 parte.
251 5109 436 5184 Posterior
457 5131 581 5200 magna
595 5131 637 5178 ea
660 5117 759 5198 parte
777 5098 917 5201 φυσικὴ
940 5116 1009 5184 est,
1036 5105 1081 5174 de
1131 5106 1167 5175 id
1192 5104 1300 5174 eflicit
1319 5105 1478 5177 coelestis
1493 5105 1647 5199 Spiritus
1668 5128 1733 5201 per
1754 5133 1891 5181 sacrum
1907 5133 2119 5198 sermonem,
2166 5153 2174 5160 -

77 5233 219 5289 ‚natura
242 5229 359 5288 terrae
383 5235 423 5282 ac
445 5212 607 5302 frugum,
645 5210 690 5278 de
714 5206 999 5299 tempestatibus,
1036 5209 1082 5276 de
1132 5209 1193 5276 sed
1208 5207 1256 5276 ad
1268 5209 1550 5296 cognoscendum
1573 5231 1772 5284 sermonem
1796 5235 1974 5285 sacrarum
1999 5216 2119 5288 litera-

95 5322 248 5392 siderum
273 5315 451 5400 motibus,
482 5334 634 5408 quarum
656 5333 775 5382 rerum
797 5307 1019 5402 perliberalis
1048 5321 1083 5380 et
1131 5333 1232 5394 rum,
1265 5309 1397 5398 graecis
1417 5309 1530 5381 literis
1555 5335 1645 5404 opus
1667 5327 1735 5387 est:
1769 5315 1899 5387 deinde
1918 5332 1964 5390 ut·
1981 5321 2026 5390 de
2046 5343 2121 5392 ser·

97 5424 247 5494 iucunda
261 5414 420 5510 cognitio
440 5429 502 5509 est.
549 5411 639 5486 Nam
659 5435 739 5506 cum
754 5406 944 5484 hominum
967 5433 1084 5493 causa,
1131 5433 1237 5482 moue
1254 5411 1383 5484 rectius
1406 5412 1621 5496 iudicemus,
1648 5431 1737 5491 etut
1755 5419 1919 5512 dogmata
1939 5423 2123 5516 religionis

144 5522 332 5596 Mssarru.
359 5521 464 5591 Orsa.
490 5519 575 5588 Vos.
601 5519 664 5584 xl.
914 5617 928 5628 .
1071 5547 1078 5562 ·
1517 5516 1540 5587 8
