4646 5824
84 287 148 364 nr
602 303 606 314 ·
671 281 835 366 nucu
874 281 952 362 nn
983 281 1171 366 ntcro
1205 281 1391 362 nosts
1417 299 1508 362 nc.
2029 281 2108 356 aas
2201 220 2208 224 ’

169 401 393 535 litostratum
407 457 605 538 sacerdotes
622 451 756 536 iudsici
771 465 817 534 de
830 460 904 534 suis
926 459 1059 532 sacrib-
1106 458 1176 532 fuit
1198 459 1310 548 legem
1326 453 1523 546 Evangelio
1542 455 1690 536 cedere,
1715 454 1813 547 quod
1833 465 1869 523 ct
1890 463 1971 522 ante
1991 405 2104 542 legem
2153 508 2158 536 ,

83 566 154 650 ciis,
176 590 221 635 ne
232 567 403 638 autoritas
416 579 478 638 aut
493 579 659 659 quaestus
671 566 993 644 diminuerentur.'
1107 575 1142 632 et
1168 561 1328 652 politiam
1354 555 1449 628 Mosi
1479 557 1713 653 promissum,
1755 569 1791 626 et
1821 555 1990 626 brevibus
2021 578 2105 645 pro-

170 665 221 738 lta
243 692 340 738 nnnc
361 662 529 738 monachi
550 681 777 760 propugnant
798 689 878 738 sues
901 687 1060 738 ceremo-
1107 663 1336 736 missionibus
1361 660 1517 764 editum,
1552 671 1586 733 et
1609 653 1791 732 Ecclesiae
1815 656 2105 732 commendatum

81 769 166 853 nias,
190 791 277 863 quas
290 770 431 838 venales
444 763 593 840 habent:
620 783 796 840 caeterum
814 781 979 840 metuunt
994 791 1058 859 po-
1107 767 1231 842 luerat.

81 871 197 941 tentiae
208 869 497 955 diminutionem,
517 871 548 940 si
562 871 709 942 mutatio
726 871 924 964 aliquarum
940 870 1057 959 legum
1209 867 1280 940 Sed
1295 868 1448 938 clamant
1461 889 1536 936 non
1551 863 1816 934 concedendum
1833 883 1920 946 esse,
1944 872 1984 930 nt
2000 863 2103 952 pauci

79 971 139 1044 liat.
185 968 294 1042 Multi
309 971 488 1042 licentiam
504 972 727 1064 voluptatum
747 995 893 1042 suarum
909 969 1058 1059 astringi
1108 982 1142 1041 et
1155 969 1284 1062 privati
1303 969 1479 1060 publicam
1499 965 1781 1038 emendationem
1799 961 2002 1032 instituant.

79 1074 206 1144 nolunt.
1212 1069 1462 1139 lmoomnibus
1472 1081 1522 1138 est
1532 1068 1666 1138 dictum
1677 1067 1721 1136 cle
1731 1059 1897 1133 attollet:
1914 1061 2021 1132 Hunc
2037 1087 2102 1134 au·

167 1170 215 1242 Hi
243 1185 327 1244 sunt
356 1173 471 1245 fontes
497 1175 663 1244 odiorum
695 1173 863 1244 adversus
891 1167 1056 1263 Evange-
1107 1171 1191 1244 dite.
1227 1167 1410 1242 Omnibus
1425 1168 1656 1260 praecipitur:
1682 1161 1939 1236 AbiiciteDeos
1956 1165 2104 1250 alienos,

79 1275 169 1343 lium.
1108 1288 1141 1344 et
1156 1273 1264 1362 fugite
1280 1273 1387 1344 idola.
1412 1267 1549 1340 Omnes
1560 1283 1660 1340 vocat
1673 1267 1766 1336 lilius
1774 1263 1855 1350 Dei,
1869 1290 1948 1334 cum
1966 1265 2100 1358 inquit:
2214 1355 2217 1362 .

166 1373 270 1444 Nunc
292 1387 408 1444 autem
432 1373 607 1444 sanabiles
631 1396 754 1444 omnes
775 1367 965 1458 adhortor,
991 1375 1056 1442 ob-
1109 1373 1235 1446 Venite
1249 1376 1295 1444 ad
1314 1397 1369 1442 me
1386 1395 1510 1443 omnes
1527 1369 1588 1464 qni
1605 1369 1773 1439 laboratis
1790 1379 1824 1436 et
1846 1366 1983 1436 onerati
2008 1366 2101 1452 estis,

77 1489 175 1546 testor
191 1487 336 1565 propter
349 1476 498 1564 gloriam
517 1473 602 1560 Dei,
627 1488 662 1545 et
678 1499 741 1565 per
760 1497 860 1545 suam
876 1475 1037 1546 salutern.
1107 1491 1143 1548 et
1167 1501 1230 1567 ego
1253 1475 1406 1546 reficiam
1432 1496 1507 1544 vos.
1558 1469 1628 1540 llic
1646 1467 1900 1563 promissiones
1923 1467 2100 1559 amplissi-

166 1575 327 1645 Primnm
354 1590 394 1646 ut
422 1589 579 1648 statuant
602 1599 709 1645 unam
737 1597 810 1646 esse
838 1601 956 1646 veram
980 1590 1056 1647 eta
1107 1601 1184 1648 mae
1215 1577 1442 1648 audientibus
1476 1569 1709 1663 Evangelium
1743 1582 2014 1664 proponuntur,
2059 1583 2101 1639 ut

24 1741 25 1748 ,
77 1674 143 1748 Deo
165 1678 330 1748 traditam
355 1677 581 1766 religionnis,
614 1699 676 1747 seu
700 1677 897 1748 doctrinam
921 1679 966 1746 de
984 1677 1056 1746 vita
1107 1701 1208 1772 saepe
1228 1679 1324 1749 alias.

76 1793 225 1862 aeterna,
249 1799 341 1871 quae
357 1801 420 1869 per
434 1772 647 1869 Prophetas,
670 1771 875 1864 Christum,
900 1775 1055 1868 Aposto-
1208 1779 1320 1868 Saepe
1336 1775 1442 1848 etiam
1459 1770 1655 1846 horrendas
1672 1794 1805 1865 poenas
1819 1772 1977 1842 minatur
1994 1771 2103 1858 Deus,

77 1881 139 1964 los,
162 1880 330 1970 patefacta
352 1893 386 1950 et
402 1891 590 1970 propagata
606 1892 667 1954 est.
719 1877 1055 1950 Caeterasverore·
1105 1882 1272 1952 omnibus
1286 1877 1471 1968 Evangelii
1490 1875 1805 1967 contemptoribus.
1856 1873 1999 1944 Denter.
2021 1871 2099 1944 tn:

76 1981 211 2070 ligiones
232 1980 394 2052 omnium
420 1979 579 2069 gentium
606 1980 870 2051 commenticias
892 1993 929 2052 et
950 1982 1055 2050 labu-
1107 1978 1318 2073 Prophetam
1337 1979 1510 2050 suscitabo
1530 1979 1578 2046 eis
1593 1979 1636 2047 de
1653 1975 1770 2045 medio
1787 1975 1934 2044 fratrum
1952 1991 2099 2044 suorum

78 2081 157 2152 losas
171 2106 255 2156 esse.
1105 2084 1256 2154 similem
1272 2081 1344 2166 tui,
1378 2096 1412 2152 et
1427 2105 1554 2172 ponam
1572 2079 1678 2149 verba
1695 2099 1771 2146 mea
1784 2076 1822 2144 in
1837 2097 1899 2145 ore
1915 2075 2008 2160 eius,
2042 2076 2099 2145 lo-

166 2183 256 2252 Vere
272 2183 382 2272 igitur
395 2176 699 2252 venietDominus
716 2175 1056 2253 nosterlesusClrri·
1105 2199 1303 2278 queturque
1318 2183 1362 2252 ad
1381 2206 1440 2252 eos
1457 2181 1576 2250 omnia
1593 2205 1682 2273 quae
1697 2201 1908 2269 praecepero
1923 2177 2007 2268 ipsi:
2034 2176 2098 2271 qui

78 2297 151 2367 stus,
174 2298 207 2354 et
222 2285 445 2354 iudicaturus
462 2297 514 2354 est
531 2296 642 2352 totum
658 2305 769 2370 genus
787 2279 995 2366 humanum,
1021 2295 1054 2354 et
1105 2300 1222 2361 autem
1247 2285 1353 2354 verba
1377 2285 1453 2352 eius
1475 2275 1567 2374 quae
1587 2282 1754 2374 loquetur
1780 2277 1817 2346 in
1843 2278 1987 2347 nomine
2017 2303 2097 2348 meo

77 2386 162 2454 dabit
176 2386 284 2456 vitam
301 2399 491 2467 aeternam,
516 2384 561 2451 iis
577 2383 640 2478 qui
650 2381 886 2474 Evangelium
901 2384 1054 2474 amplexi
1104 2387 1228 2458 audire
1253 2385 1426 2470 noluerit,
1457 2407 1520 2472 ego
1546 2382 1644 2453 ultor
1665 2406 1738 2452 ero.
1787 2377 1836 2450 Et
1856 2377 2015 2470 Baptista
2039 2381 2097 2449 in-

77 2501 157 2572 sunt,
181 2499 213 2556 et
228 2486 373 2556 abiiciet
388 2485 426 2552 in
440 2498 583 2555 aeterna
599 2485 785 2576 supplicia,
811 2484 874 2578 qui
888 2483 1055 2575 lllvange-
1106 2490 1200 2581 qtrit:
1229 2485 1302 2575 Qui
1321 2485 1517 2556 noncredit
1533 2484 1619 2568 tilio,
1644 2507 1719 2552 uon
1737 2480 1873 2552 videbit
1887 2481 2007 2564 vitam,
2033 2483 2096 2550 secl

77 2586 152 2656 lium
166 2599 466 2676 contempserunt.
962 2611 964 2616 ·
1105 2591 1156 2659 ira
1174 2587 1238 2658 Dei
1256 2585 1413 2657 manebit
1428 2610 1533 2677 super
1548 2609 1639 2654 eum.
1684 2581 1731 2654 Et
1748 2583 1787 2650 in
1805 2582 1924 2674 priore
1948 2581 2097 2674 epistola

162 2686 258 2758 Haec
281 2688 343 2781 qui
367 2711 448 2756 vere
465 2688 630 2770 creduut,
664 2679 729 2754 hos
749 2685 877 2756 deinde
896 2687 1055 2756 obtestor
1104 2694 1148 2760 ad
1165 2685 1373 2761 Corinthios
1381 2687 1465 2778 Cap.
1482 2687 1608 2758 ultimo
1624 2685 1771 2756 dicitur:
1797 2683 1836 2754 si
1855 2685 1934 2777 quis
1950 2708 2024 2752 nou
2037 2683 2098 2752 di-

77 2801 206 2877 propter
222 2785 427 2867 Christum,
463 2801 496 2858 et
518 2809 617 2856 suam
640 2799 677 2855 et
690 2785 869 2857 Ecclesiae
894 2787 1057 2872 salutem,
1104 2793 1182 2880 ligit
1208 2791 1405 2862 Dominum
1436 2786 1552 2858 lesum
1575 2781 1778 2870 Christum,
1811 2786 1857 2856 sit
1881 2780 2096 2864 Auathema,

77 2903 109 2958 ut
130 2885 479 2978 iustaEvangelium
501 2900 535 2958 et
556 2887 626 2976 ipsi
647 2887 801 2971 discant,
831 2885 947 2958 Deum
973 2911 1054 2958 vere
1104 2887 1328 2964 blaranatha.
1381 2888 1422 2959 ld
1439 2904 1506 2973 est,
1539 2885 1593 2979 (ut
1612 2889 1715 2957 divus
1731 2883 1941 2956 Ambrosius
1959 2901 1990 2956 et
2011 2885 2095 2979 qui-·

77 2989 235 3070 invocare,
253 3005 289 3060 et
303 2990 393 3060 alios
408 2992 453 3060 de
469 2989 693 3060 invocatione
702 2988 769 3059 Dei
782 2991 909 3058 docere
921 2988 1053 3064 sinant.
1102 2997 1183 3064 dam
1207 2993 1269 3064 atti
1292 2987 1588 3084 interpretantur)
1613 2991 1793 3060 Dominus
1814 2988 1920 3060 venit.
1972 2987 2093 3076 Signi-

163 3091 231 3164 Sed
261 3092 417 3162 obiicitis
438 3089 730 3162 cousuetudinem
756 3091 855 3180 longi
884 3094 1053 3181 temporis
1102 3098 1225 3168 licatur
1242 3095 1337 3166 enim
1353 3094 1470 3164 statim
1491 3091 1684 3161 affuturum
1705 3114 1777 3160 esse
1799 3089 1911 3158 lilium
1930 3089 1996 3160 Dei
2014 3089 2094 3156 vin-

76 3204 104 3262 et
118 3195 305 3265 multorum
322 3193 543 3264 saeculorum
560 3213 789 3274 consensum,
815 3205 849 3262 et
866 3191 1053 3282 disputatis
1102 3199 1228 3282 dicem,
1252 3221 1292 3266 ac
1309 3195 1514 3286 puniturum
1530 3217 1655 3262 omnes
1672 3189 1854 3280 Evangelii
1871 3203 2095 3282 contempto·

76 3317 138 3362 uon
158 3317 229 3366 esse
249 3291 758 3384 paucorumeutprivatnrum
782 3291 968 3363 instituere
988 3287 1055 3362 hes
1101 3324 1156 3376 res
1170 3312 1203 3368 et
1221 3293 1348 3367 hostes.
1403 3287 1782 3377 Veniethauddubie,
1809 3306 2092 3364 etnoncuncta-

77 3395 339 3468 emendationes.
1102 3401 1215 3482 bitur,
1247 3413 1288 3468 ut
1313 3397 1430 3489 inquit
1450 3390 1640 3484 Propheta.
1690 3389 1766 3466 Etsi
1792 3389 1954 3462 lmmines
1969 3387 2091 3476 Atbei,

162 3495 289 3566 Facilis
312 3489 447 3565 adhaec
475 3493 660 3582 responsio
683 3503 736 3564 est
767 3491 883 3566 doctis
914 3507 949 3564 ct
971 3494 1052 3587 piis,
1100 3501 1163 3594 qui
1186 3495 1277 3568 hauc
1298 3497 1559 3587 generationem
1583 3507 1617 3564 et
1641 3490 1737 3563 ltuuc
1762 3495 1942 3564 interitum
1974 3489 2091 3562 homi-

76 3597 189 3687 quibus
202 3613 290 3669 nota
308 3609 360 3666 est
375 3592 554 3666 Ecclesiae
566 3593 770 3686 antiquitas.
1100 3625 1185 3670 num
1212 3615 1354 3671 aeterna
1384 3599 1459 3688 lege
1490 3595 1587 3667 volui
1616 3596 1854 3681 arbitrantur,
1888 3609 1927 3667 ut
1948 3589 2091 3688 Pltysici

162 3691 1051 3781 Veteramonumentaclarissimetestantur,Mis-
1099 3701 1296 3772 somniant:
1338 3699 1548 3783 rarenter,
1589 3689 1679 3790 qnae
1711 3701 1756 3766 de
1789 3709 1940 3766 venturo
1974 3696 2092 3764 iudice

74 3819 121 3866 tas
141 3801 310 3890 privatas,
344 3796 604 3868 invocationem
633 3801 875 3884 tttttrlttorum,
905 3811 939 3868 el
962 3796 1051 3866 ttlltts
1097 3799 1239 3875 Christo
1258 3805 1447 3887 dicuntur,
1473 3804 1531 3870 sed
1550 3799 1598 3892 pii
1618 3794 1709 3868 hanc
1732 3801 1881 3868 formam
1899 3795 2090 3867 execratio..

75 3901 473 3993 wffflplsslffldffllrllffl
496 3910 531 3966 ²2
547 3898 843 3983 membrum,
867 3923 956 3992 ΨΜ
971 3897 1051 3967 lolli
1098 3906 1171 3990 nis,
1197 3899 1430 3988 lllctrauatha,
1452 3915 1687 3992 usurparunt,
1712 3915 1751 3971 nt
1773 3925 1810 3968 se
1832 3914 1865 3970 et
1879 3899 1968 3968 alios
1991 3925 2091 3968 com-

75 4001 236 4090 unimus,
272 4000 457 4071 recensio
481 3995 676 4067 Ecclesiam
701 4000 905 4090 pervasisse·
965 3998 1047 4070 Non
1096 4009 1378 4090 monciacerent,
1406 4019 1446 4076 ut
1468 4003 1714 4078 advenientem
1735 4003 1889 4072 iudicem
1905 3997 2089 4070 Christum
2139 4029 2142 4040 ¹

75 4097 170 4186 igitur
198 4127 329 4174 trovam
361 4100 560 4172 doctrinam
593 4113 654 4168 aut
689 4124 800 4170 novas
832 4101 1051 4200 ceremonias
1099 4121 1306 4180 metuerent,

75 4201 256 4290 afferimus,
281 4205 342 4272 sed
365 4205 410 4272 ἃᾶ
433 4198 619 4288 Evangelii
646 4201 858 4290 puritatem,
883 4205 927 4272 dd
949 4203 1049 4295 Αρθ-
1199 4207 1360 4280 Audiartt
1383 4231 1469 4296 ergo
1497 4219 1530 4274 et
1556 4205 1748 4274 formident
1779 4196 1870 4270 ltanc
1898 4203 2090 4274 execratio-

75 4305 228 4375 ttolorum
245 4319 280 4376 et
295 4304 421 4374 ceteris
434 4300 613 4370 Ecclesiae
626 4304 825 4374 doctrinalis
843 4317 876 4372 et
892 4327 1048 4382 cereum·
1098 4335 1178 4379 nem
1202 4333 1342 4392 omnes,
1371 4310 1400 4376 si
1425 4307 1503 4402 quis
1526 4332 1600 4376 non
1621 4306 1738 4394 diligit
1758 4301 1954 4374 Dominum
1972 4304 2089 4374 lesum

75 4403 140 4474 nias
154 4408 329 4486 redinms,
351 4419 386 4474 et
402 4427 539 4474 errores
555 4427 595 4471 ac
618 4403 713 4472 idola
733 4405 937 4489 obiicimus,
957 4405 1049 4476 sicut
1095 4409 1289 4496 Christum,
1310 4406 1576 4491 sittlnathema,
1596 4403 1821 4476 Marauatha.
1854 4407 1975 4478 Sciant
1991 4421 2088 4476 certo

76 4496 124 4573 ltic
144 4507 307 4597 praecipit
332 4503 458 4588 lacob,
483 4519 763 4598 etpmeceptum
789 4521 841 4576 est
864 4521 1046 4576 aeternum
1094 4509 1275 4584 Christum
1293 4527 1481 4590 venturum
1498 4531 1586 4589 esse,
1605 4523 1645 4580 ut
1661 4507 1983 4600 puniatEvangelii
1999 4533 2087 4578 con-

76 4617 104 4673 tl
124 4606 353 4680 ltnmutahile:
378 4607 504 4696 Fugite
522 4605 631 4674 idola·
1095 4629 1297 4708 temptores,

162 4709 327 4780 Poterant
348 4735 386 4780 se
411 4708 504 4778 tueri
534 4708 630 4795 longi
660 4708 827 4796 temporis
855 4723 1045 4778 carnatem·
1195 4715 1255 4787 Sic
1288 4729 1322 4784 et
1356 4716 1401 4783 ad
1430 4711 1574 4782 Galatas
1597 4712 1781 4782 scribitur:
1812 4709 1852 4780 si
1880 4711 1960 4802 quis
1985 4711 2084 4778 aliud

75 4807 165 4894 dine,
186 4825 218 4881 et
240 4813 431 4881 multarum
453 4809 611 4898 gentium
632 4809 1045 4879 curnerrsuetiamaudi-
1092 4813 1325 4907 Evangelimu
1353 4816 1514 4894 docebit,
1547 4807 1748 4882 Anathema
1770 4811 1828 4885 sit.
1887 4811 1941 4880 Ne
1964 4810 2085 4881 existi.

75 4919 155 4978 tores
177 4909 289 4986 lacob.
342 4910 433 4982 Nam
457 4913 570 4980 mmtu
593 4925 678 4982 aute
703 4913 796 5000 apud
822 4925 941 5001 gentes
964 4913 1045 4984 illas
1092 4932 1185 4990 mate
1199 4920 1276 4989 leve
1289 4932 1349 4988 aut
1366 4913 1560 4986 humanum
1576 4916 1776 4984 convicium
1794 4937 1879 4998 esse,
1903 4909 2080 4981 diciAua-

76 5011 209 5082 extincta
227 5015 339 5084 luerat
352 5038 433 5084 vera
451 5009 516 5081 Dei
532 5012 675 5084 rmticia.
720 5011 838 5082 Multo
855 5013 965 5100 magis
984 5011 1043 5082 lu-
1092 5014 1224 5092 thema.
1274 5019 1343 5092 sed
1379 5018 1502 5088 scitote
1533 5017 1606 5085 dici
1640 5011 1860 5099 Anatlrema,
1901 5009 2084 5084 hominem

75 5110 142 5180 daei
162 5117 324 5186 adversus
341 5113 531 5206 Apostolos
550 5114 758 5198 abrogantes
780 5114 889 5202 legem
908 5112 1042 5184 Mosai—
1090 5123 1316 5206 damnatum,
1341 5121 1398 5190 eui
1412 5117 1509 5190 Deus
1525 5119 1572 5188 ita
1588 5117 1771 5201 irascitur,
1794 5129 1835 5187 nt
1854 5127 1947 5185 totas
1962 5129 2085 5205 gentes

76 5231 139 5280 cam
160 5217 339 5288 vetustatis
361 5217 566 5299 autoritate,
590 5229 623 5284 et
642 5209 899 5304 Prophetarum
922 5239 1042 5285 exem·
1091 5223 1216 5312 puniat
1242 5237 1276 5294 et
1298 5243 1416 5292 renmt
1439 5235 1587 5290 naturae
1611 5243 1645 5286 m
1669 5218 1815 5300 ludicat,
1840 5216 1910 5286 nisi
1928 5217 1988 5286 ille
2002 5241 2077 5288 sce-

76 5311 133 5398 plis
152 5317 216 5388 niti
236 5331 415 5408 poterent,
448 5341 526 5386 cum
549 5316 691 5408 quidem
722 5331 756 5386 et
777 5341 797 5386 a
821 5315 897 5386 Deo
921 5319 1042 5387 datam
1089 5325 1221 5394 leratus
1244 5324 1403 5395 emedio
1424 5323 1581 5394 tollatur.
1635 5317 1734 5390 [tsi
1760 5319 1969 5410 parricidam
1986 5319 2082 5388 dicas

76 5417 255 5507 cuelegem
268 5417 432 5511 Apostoli
451 5418 661 5502 faterentur,
686 5419 748 5488 sed
768 5431 884 5488 tamen
902 5441 1041 5490 necesse
1087 5423 1288 5498 Artatltema
1306 5447 1400 5511 esse,
1424 5422 1525 5509 Cain,
1550 5422 1723 5507 Absalon,
1747 5435 1782 5493 et
1798 5421 1942 5498 similes.
1990 5419 2083 5492 Pru-
