<?xml version="1.0" encoding="UTF-8"?>
<!DOCTYPE html PUBLIC "-//W3C//DTD XHTML 1.0 Transitional//EN"
    "http://www.w3.org/TR/xhtml1/DTD/xhtml1-transitional.dtd">
<html xmlns="http://www.w3.org/1999/xhtml" xml:lang="en" lang="en">
 <head>
  <title>
</title>
<meta http-equiv="Content-Type" content="text/html;charset=utf-8" />
  <meta name='ocr-system' content='tesseract 3.04.00' />
  <meta name='ocr-capabilities' content='ocr_page ocr_carea ocr_par ocr_line ocrx_word'/>
</head>
<body>
  <div class='ocr_page' id='page_1' title='image "./corpusreformato23melagoog/corpusreformato23melagoog_0336.png"; bbox 0 0 4614 5820; ppageno 0'>
   <div class='ocr_carea' id='block_1_1' title="bbox 65 248 2073 402">
    <p class='ocr_par' dir='ltr' id='par_1_1' title="bbox 65 248 2073 402">
     <span class='ocr_line' id='line_1_1' title="bbox 65 248 2073 402; baseline -0.001 -24"><span class='ocrx_word' id='word_1_1' title='bbox 65 305 129 378; x_wconf 83' lang='lat' dir='ltr'>so</span> <span class='ocrx_word' id='word_1_2' title='bbox 233 248 239 254; x_wconf 62' lang='grc'><strong>’</strong></span> <span class='ocrx_word' id='word_1_3' title='bbox 707 291 1413 402; x_wconf 79' lang='lat' dir='ltr'>osonunasrsrorurs.</span> <span class='ocrx_word' id='word_1_4' title='bbox 1764 255 1771 268; x_wconf 73' lang='grc'><strong>”</strong></span> <span class='ocrx_word' id='word_1_5' title='bbox 1999 303 2073 378; x_wconf 82' lang='lat' dir='ltr'>sao</span> 
     </span>
    </p>
   </div>
   <div class='ocr_carea' id='block_1_2' title="bbox 54 466 2070 2066">
    <p class='ocr_par' dir='ltr' id='par_1_2' title="bbox 54 466 2070 2066">
     <span class='ocr_line' id='line_1_2' title="bbox 151 466 2070 567; baseline 0.001 -23"><span class='ocrx_word' id='word_1_6' title='bbox 151 469 500 545; x_wconf 88' lang='lat' dir='ltr'>Deliberantiautem</span> <span class='ocrx_word' id='word_1_7' title='bbox 517 466 608 542; x_wconf 93' lang='lat' dir='ltr'>mihi</span> <span class='ocrx_word' id='word_1_8' title='bbox 632 472 677 542; x_wconf 90' lang='lat' dir='ltr'>de</span> <span class='ocrx_word' id='word_1_9' title='bbox 698 486 907 562; x_wconf 80' lang='lat' dir='ltr'>argumento</span> <span class='ocrx_word' id='word_1_10' title='bbox 931 469 1032 567; x_wconf 87' lang='lat' dir='ltr'>(nam</span> <span class='ocrx_word' id='word_1_11' title='bbox 1084 469 1181 540; x_wconf 90' lang='lat' dir='ltr'>nitus</span> <span class='ocrx_word' id='word_1_12' title='bbox 1196 493 1233 539; x_wconf 91' lang='lat' dir='ltr'>se</span> <span class='ocrx_word' id='word_1_13' title='bbox 1248 469 1429 540; x_wconf 90' lang='lat' dir='ltr'>doctrinae</span> <span class='ocrx_word' id='word_1_14' title='bbox 1444 467 1569 538; x_wconf 90' lang='lat' dir='ltr'>studiis</span> <span class='ocrx_word' id='word_1_15' title='bbox 1584 469 1738 545; x_wconf 87' lang='lat' dir='ltr'>dederet.</span> <span class='ocrx_word' id='word_1_16' title='bbox 1796 467 1947 545; x_wconf 87' lang='lat' dir='ltr'>Audivit</span> <span class='ocrx_word' id='word_1_17' title='bbox 1963 474 2070 565; x_wconf 82' lang='lat' dir='ltr'>igitur</span> 
     </span>
     <span class='ocr_line' id='line_1_3' title="bbox 62 567 2070 666; baseline 0 -20"><span class='ocrx_word' id='word_1_18' title='bbox 62 581 198 647; x_wconf 90' lang='lat' dir='ltr'>intanta</span> <span class='ocrx_word' id='word_1_19' title='bbox 212 600 330 646; x_wconf 89' lang='lat' dir='ltr'>rerum</span> <span class='ocrx_word' id='word_1_20' title='bbox 351 575 613 666; x_wconf 78' lang='lat' dir='ltr'>copianecesse</span> <span class='ocrx_word' id='word_1_21' title='bbox 634 589 685 646; x_wconf 91' lang='lat' dir='ltr'>est</span> <span class='ocrx_word' id='word_1_22' title='bbox 710 574 796 644; x_wconf 91' lang='lat' dir='ltr'>alias</span> <span class='ocrx_word' id='word_1_23' title='bbox 818 573 924 642; x_wconf 89' lang='lat' dir='ltr'>aliam</span> <span class='ocrx_word' id='word_1_24' title='bbox 947 597 1031 666; x_wconf 92' lang='lat' dir='ltr'>pro·</span> <span class='ocrx_word' id='word_1_25' title='bbox 1084 570 1287 656; x_wconf 76' lang='lat' dir='ltr'><strong>Platonem,</strong></span> <span class='ocrx_word' id='word_1_26' title='bbox 1313 595 1377 640; x_wconf 92' lang='lat' dir='ltr'>nec</span> <span class='ocrx_word' id='word_1_27' title='bbox 1391 584 1431 640; x_wconf 93' lang='lat' dir='ltr'>ut</span> <span class='ocrx_word' id='word_1_28' title='bbox 1444 572 1540 640; x_wconf 90' lang='lat' dir='ltr'>canis</span> <span class='ocrx_word' id='word_1_29' title='bbox 1556 595 1574 640; x_wconf 93' lang='lat' dir='ltr'>e</span> <span class='ocrx_word' id='word_1_30' title='bbox 1590 567 1672 641; x_wconf 89' lang='lat' dir='ltr'>Nilo</span> <span class='ocrx_word' id='word_1_31' title='bbox 1689 572 1779 643; x_wconf 84' lang='lat' dir='ltr'>bibit</span> <span class='ocrx_word' id='word_1_32' title='bbox 1792 574 1952 662; x_wconf 81' lang='lat' dir='ltr'>lugiens,</span> <span class='ocrx_word' id='word_1_33' title='bbox 1978 579 2070 646; x_wconf 91' lang='lat' dir='ltr'>cele-</span> 
     </span>
     <span class='ocr_line' id='line_1_4' title="bbox 61 672 2069 771; baseline 0 -24"><span class='ocrx_word' id='word_1_34' title='bbox 61 680 135 771; x_wconf 93' lang='lat' dir='ltr'>poni</span> <span class='ocrx_word' id='word_1_35' title='bbox 154 678 349 762; x_wconf 86' lang='lat' dir='ltr'>materiam,</span> <span class='ocrx_word' id='word_1_36' title='bbox 374 700 437 745; x_wconf 86' lang='lat' dir='ltr'>nee</span> <span class='ocrx_word' id='word_1_37' title='bbox 453 676 560 746; x_wconf 90' lang='lat' dir='ltr'>simul</span> <span class='ocrx_word' id='word_1_38' title='bbox 576 676 647 746; x_wconf 89' lang='lat' dir='ltr'>diei</span> <span class='ocrx_word' id='word_1_39' title='bbox 666 677 785 744; x_wconf 91' lang='lat' dir='ltr'>omnia</span> <span class='ocrx_word' id='word_1_40' title='bbox 802 685 964 766; x_wconf 88' lang='lat' dir='ltr'>possunt)</span> <span class='ocrx_word' id='word_1_41' title='bbox 978 675 1033 742; x_wconf 89' lang='lat' dir='ltr'>vi·</span> <span class='ocrx_word' id='word_1_42' title='bbox 1084 672 1170 742; x_wconf 89' lang='lat' dir='ltr'>riter</span> <span class='ocrx_word' id='word_1_43' title='bbox 1196 672 1340 764; x_wconf 90' lang='lat' dir='ltr'>reliquit</span> <span class='ocrx_word' id='word_1_44' title='bbox 1366 674 1563 741; x_wconf 88' lang='lat' dir='ltr'>doctorem:</span> <span class='ocrx_word' id='word_1_45' title='bbox 1613 674 1672 740; x_wconf 90' lang='lat' dir='ltr'>sed</span> <span class='ocrx_word' id='word_1_46' title='bbox 1709 688 1864 764; x_wconf 90' lang='lat' dir='ltr'>tempore</span> <span class='ocrx_word' id='word_1_47' title='bbox 1900 690 1934 747; x_wconf 88' lang='lat' dir='ltr'>et</span> <span class='ocrx_word' id='word_1_48' title='bbox 1963 677 2069 767; x_wconf 85' lang='lat' dir='ltr'>longa</span> 
     </span>
     <span class='ocr_line' id='line_1_5' title="bbox 62 771 2069 868; baseline -0 -19"><span class='ocrx_word' id='word_1_49' title='bbox 62 805 128 850; x_wconf 89' lang='lat' dir='ltr'>sum</span> <span class='ocrx_word' id='word_1_50' title='bbox 143 793 192 848; x_wconf 92' lang='lat' dir='ltr'>est</span> <span class='ocrx_word' id='word_1_51' title='bbox 208 783 251 848; x_wconf 90' lang='lat' dir='ltr'>de</span> <span class='ocrx_word' id='word_1_52' title='bbox 263 777 465 848; x_wconf 89' lang='lat' dir='ltr'>Aristotelis</span> <span class='ocrx_word' id='word_1_53' title='bbox 482 779 552 849; x_wconf 87' lang='lat' dir='ltr'>vita</span> <span class='ocrx_word' id='word_1_54' title='bbox 566 790 600 846; x_wconf 91' lang='lat' dir='ltr'>et</span> <span class='ocrx_word' id='word_1_55' title='bbox 610 771 842 868; x_wconf 90' lang='lat' dir='ltr'>Philosophia</span> <span class='ocrx_word' id='word_1_56' title='bbox 859 777 1031 868; x_wconf 78' lang='lat' dir='ltr'><strong>quaedam</strong></span> <span class='ocrx_word' id='word_1_57' title='bbox 1085 773 1271 843; x_wconf 89' lang='lat' dir='ltr'>collatione</span> <span class='ocrx_word' id='word_1_58' title='bbox 1287 772 1539 842; x_wconf 89' lang='lat' dir='ltr'>sententiarum</span> <span class='ocrx_word' id='word_1_59' title='bbox 1558 796 1645 864; x_wconf 88' lang='lat' dir='ltr'>opus</span> <span class='ocrx_word' id='word_1_60' title='bbox 1669 796 1741 843; x_wconf 88' lang='lat' dir='ltr'>esse</span> <span class='ocrx_word' id='word_1_61' title='bbox 1764 776 1905 851; x_wconf 75' lang='lat' dir='ltr'><strong>sciebat.</strong></span> <span class='ocrx_word' id='word_1_62' title='bbox 1960 777 2069 857; x_wconf 76' lang='lat' dir='ltr'>Vide-</span> 
     </span>
     <span class='ocr_line' id='line_1_6' title="bbox 60 875 2069 970; baseline -0.001 -20"><span class='ocrx_word' id='word_1_63' title='bbox 60 883 173 952; x_wconf 87' lang='lat' dir='ltr'>dicere.</span> <span class='ocrx_word' id='word_1_64' title='bbox 234 878 380 952; x_wconf 77' lang='lat' dir='ltr'>Prodest</span> <span class='ocrx_word' id='word_1_65' title='bbox 403 880 513 964; x_wconf 86' lang='lat' dir='ltr'>enim,</span> <span class='ocrx_word' id='word_1_66' title='bbox 545 879 683 948; x_wconf 92' lang='lat' dir='ltr'>deditos</span> <span class='ocrx_word' id='word_1_67' title='bbox 707 875 864 947; x_wconf 74' lang='lat' dir='ltr'><strong>honestis</strong></span> <span class='ocrx_word' id='word_1_68' title='bbox 886 877 1033 961; x_wconf 90' lang='lat' dir='ltr'>artibus,</span> <span class='ocrx_word' id='word_1_69' title='bbox 1083 875 1145 944; x_wconf 90' lang='lat' dir='ltr'>bat</span> <span class='ocrx_word' id='word_1_70' title='bbox 1165 875 1358 965; x_wconf 88' lang='lat' dir='ltr'>plurimum</span> <span class='ocrx_word' id='word_1_71' title='bbox 1383 876 1549 943; x_wconf 73' lang='lat' dir='ltr'>interesse</span> <span class='ocrx_word' id='word_1_72' title='bbox 1574 875 1668 944; x_wconf 90' lang='lat' dir='ltr'>iuter</span> <span class='ocrx_word' id='word_1_73' title='bbox 1689 889 1855 969; x_wconf 90' lang='lat' dir='ltr'>tyronum</span> <span class='ocrx_word' id='word_1_74' title='bbox 1882 892 1916 949; x_wconf 89' lang='lat' dir='ltr'>ct</span> <span class='ocrx_word' id='word_1_75' title='bbox 1937 881 2069 970; x_wconf 91' lang='lat' dir='ltr'>perito·</span> 
     </span>
     <span class='ocr_line' id='line_1_7' title="bbox 59 973 2069 1073; baseline -0.001 -23"><span class='ocrx_word' id='word_1_76' title='bbox 59 984 104 1052; x_wconf 90' lang='lat' dir='ltr'>sui</span> <span class='ocrx_word' id='word_1_77' title='bbox 120 1005 282 1073; x_wconf 91' lang='lat' dir='ltr'>quenque</span> <span class='ocrx_word' id='word_1_78' title='bbox 298 982 434 1070; x_wconf 81' lang='lat' dir='ltr'>generis</span> <span class='ocrx_word' id='word_1_79' title='bbox 449 981 597 1049; x_wconf 83' lang='lat' dir='ltr'>artifices</span> <span class='ocrx_word' id='word_1_80' title='bbox 613 1003 734 1060; x_wconf 89' lang='lat' dir='ltr'>nosse,</span> <span class='ocrx_word' id='word_1_81' title='bbox 768 993 803 1049; x_wconf 92' lang='lat' dir='ltr'>et</span> <span class='ocrx_word' id='word_1_82' title='bbox 818 997 939 1048; x_wconf 85' lang='lat' dir='ltr'>eorum</span> <span class='ocrx_word' id='word_1_83' title='bbox 958 991 1031 1048; x_wconf 89' lang='lat' dir='ltr'>stu·</span> <span class='ocrx_word' id='word_1_84' title='bbox 1083 999 1163 1044; x_wconf 85' lang='lat' dir='ltr'>rum</span> <span class='ocrx_word' id='word_1_85' title='bbox 1189 975 1329 1046; x_wconf 88' lang='lat' dir='ltr'>iudicia.</span> <span class='ocrx_word' id='word_1_86' title='bbox 1381 973 1564 1044; x_wconf 78' lang='lat' dir='ltr'><strong>Platonem</strong></span> <span class='ocrx_word' id='word_1_87' title='bbox 1588 976 1696 1062; x_wconf 86' lang='lat' dir='ltr'>igitur</span> <span class='ocrx_word' id='word_1_88' title='bbox 1718 1001 1830 1045; x_wconf 90' lang='lat' dir='ltr'>annos</span> <span class='ocrx_word' id='word_1_89' title='bbox 1854 979 1992 1050; x_wconf 84' lang='lat' dir='ltr'>circiter</span> <span class='ocrx_word' id='word_1_90' title='bbox 2015 981 2069 1048; x_wconf 93' lang='lat' dir='ltr'>vi-</span> 
     </span>
     <span class='ocr_line' id='line_1_8' title="bbox 58 1075 2068 1171; baseline -0 -19"><span class='ocrx_word' id='word_1_91' title='bbox 58 1084 108 1152; x_wconf 91' lang='lat' dir='ltr'>dia</span> <span class='ocrx_word' id='word_1_92' title='bbox 124 1096 156 1152; x_wconf 91' lang='lat' dir='ltr'>et</span> <span class='ocrx_word' id='word_1_93' title='bbox 174 1083 305 1151; x_wconf 89' lang='lat' dir='ltr'>iudicia</span> <span class='ocrx_word' id='word_1_94' title='bbox 322 1083 556 1153; x_wconf 86' lang='lat' dir='ltr'>considerare.</span> <span class='ocrx_word' id='word_1_95' title='bbox 597 1081 650 1151; x_wconf 88' lang='lat' dir='ltr'>Ac</span> <span class='ocrx_word' id='word_1_96' title='bbox 666 1081 697 1151; x_wconf 89' lang='lat' dir='ltr'>si</span> <span class='ocrx_word' id='word_1_97' title='bbox 715 1080 875 1170; x_wconf 88' lang='lat' dir='ltr'>voluptas</span> <span class='ocrx_word' id='word_1_98' title='bbox 891 1079 1032 1171; x_wconf 89' lang='lat' dir='ltr'>quaeri·</span> <span class='ocrx_word' id='word_1_99' title='bbox 1084 1075 1172 1164; x_wconf 84' lang='lat' dir='ltr'>giuti</span> <span class='ocrx_word' id='word_1_100' title='bbox 1189 1076 1346 1160; x_wconf 92' lang='lat' dir='ltr'>audivit,</span> <span class='ocrx_word' id='word_1_101' title='bbox 1372 1078 1570 1166; x_wconf 83' lang='lat' dir='ltr'>expendens</span> <span class='ocrx_word' id='word_1_102' title='bbox 1587 1076 1749 1161; x_wconf 88' lang='lat' dir='ltr'>interim,</span> <span class='ocrx_word' id='word_1_103' title='bbox 1780 1102 1820 1146; x_wconf 88' lang='lat' dir='ltr'>ac</span> <span class='ocrx_word' id='word_1_104' title='bbox 1840 1093 1879 1149; x_wconf 94' lang='lat' dir='ltr'>ut</span> <span class='ocrx_word' id='word_1_105' title='bbox 1894 1079 1994 1150; x_wconf 92' lang='lat' dir='ltr'>Plato</span> <span class='ocrx_word' id='word_1_106' title='bbox 2015 1083 2068 1151; x_wconf 86' lang='lat' dir='ltr'>la·</span> 
     </span>
     <span class='ocr_line' id='line_1_9' title="bbox 58 1175 2068 1273; baseline -0.001 -20"><span class='ocrx_word' id='word_1_107' title='bbox 58 1199 126 1267; x_wconf 90' lang='lat' dir='ltr'>tur,</span> <span class='ocrx_word' id='word_1_108' title='bbox 152 1206 213 1251; x_wconf 91' lang='lat' dir='ltr'>vos</span> <span class='ocrx_word' id='word_1_109' title='bbox 228 1207 351 1252; x_wconf 90' lang='lat' dir='ltr'>omues</span> <span class='ocrx_word' id='word_1_110' title='bbox 366 1183 515 1273; x_wconf 88' lang='lat' dir='ltr'>experiri</span> <span class='ocrx_word' id='word_1_111' title='bbox 540 1178 607 1251; x_wconf 95' lang='lat' dir='ltr'>hoc</span> <span class='ocrx_word' id='word_1_112' title='bbox 628 1182 800 1261; x_wconf 88' lang='lat' dir='ltr'>arbitror,</span> <span class='ocrx_word' id='word_1_113' title='bbox 832 1175 925 1248; x_wconf 90' lang='lat' dir='ltr'>nihil</span> <span class='ocrx_word' id='word_1_114' title='bbox 950 1180 1031 1248; x_wconf 94' lang='lat' dir='ltr'>dnl-</span> <span class='ocrx_word' id='word_1_115' title='bbox 1084 1201 1160 1246; x_wconf 90' lang='lat' dir='ltr'>cere</span> <span class='ocrx_word' id='word_1_116' title='bbox 1175 1177 1291 1256; x_wconf 90' lang='lat' dir='ltr'>iubet,</span> <span class='ocrx_word' id='word_1_117' title='bbox 1317 1200 1458 1247; x_wconf 89' lang='lat' dir='ltr'>sursum</span> <span class='ocrx_word' id='word_1_118' title='bbox 1479 1201 1519 1246; x_wconf 88' lang='lat' dir='ltr'>ac</span> <span class='ocrx_word' id='word_1_119' title='bbox 1541 1179 1704 1246; x_wconf 90' lang='lat' dir='ltr'>deorsum</span> <span class='ocrx_word' id='word_1_120' title='bbox 1730 1178 1914 1268; x_wconf 83' lang='lat' dir='ltr'>opiniones</span> <span class='ocrx_word' id='word_1_121' title='bbox 1941 1184 2068 1252; x_wconf 88' lang='lat' dir='ltr'>obscu-</span> 
     </span>
     <span class='ocr_line' id='line_1_10' title="bbox 58 1277 2067 1376; baseline -0.001 -23"><span class='ocrx_word' id='word_1_122' title='bbox 58 1285 213 1354; x_wconf 86' lang='lat' dir='ltr'>ciusesse</span> <span class='ocrx_word' id='word_1_123' title='bbox 238 1309 343 1376; x_wconf 89' lang='lat' dir='ltr'>quam</span> <span class='ocrx_word' id='word_1_124' title='bbox 369 1295 487 1353; x_wconf 90' lang='lat' dir='ltr'>mente</span> <span class='ocrx_word' id='word_1_125' title='bbox 511 1281 641 1354; x_wconf 90' lang='lat' dir='ltr'>intueri</span> <span class='ocrx_word' id='word_1_126' title='bbox 666 1282 761 1351; x_wconf 86' lang='lat' dir='ltr'>viros</span> <span class='ocrx_word' id='word_1_127' title='bbox 783 1281 1033 1352; x_wconf 85' lang='lat' dir='ltr'>antecellentes</span> <span class='ocrx_word' id='word_1_128' title='bbox 1085 1277 1194 1346; x_wconf 91' lang='lat' dir='ltr'>riores</span> <span class='ocrx_word' id='word_1_129' title='bbox 1211 1278 1376 1362; x_wconf 88' lang='lat' dir='ltr'>volvens,</span> <span class='ocrx_word' id='word_1_130' title='bbox 1403 1292 1438 1346; x_wconf 87' lang='lat' dir='ltr'>ct</span> <span class='ocrx_word' id='word_1_131' title='bbox 1453 1279 1635 1346; x_wconf 85' lang='lat' dir='ltr'>conferens</span> <span class='ocrx_word' id='word_1_132' title='bbox 1653 1292 1807 1348; x_wconf 89' lang='lat' dir='ltr'>veterum</span> <span class='ocrx_word' id='word_1_133' title='bbox 1825 1281 1964 1372; x_wconf 88' lang='lat' dir='ltr'>scripta.</span> <span class='ocrx_word' id='word_1_134' title='bbox 1999 1281 2067 1352; x_wconf 86' lang='lat' dir='ltr'>Le-</span> 
     </span>
     <span class='ocr_line' id='line_1_11' title="bbox 57 1377 2068 1478; baseline 0 -26"><span class='ocrx_word' id='word_1_135' title='bbox 57 1386 198 1468; x_wconf 90' lang='lat' dir='ltr'>virtute‚</span> <span class='ocrx_word' id='word_1_136' title='bbox 231 1386 270 1453; x_wconf 91' lang='lat' dir='ltr'>in</span> <span class='ocrx_word' id='word_1_137' title='bbox 287 1387 417 1478; x_wconf 89' lang='lat' dir='ltr'>quibus</span> <span class='ocrx_word' id='word_1_138' title='bbox 432 1386 532 1478; x_wconf 89' lang='lat' dir='ltr'>quasi</span> <span class='ocrx_word' id='word_1_139' title='bbox 550 1385 661 1472; x_wconf 84' lang='lat' dir='ltr'>ipsam</span> <span class='ocrx_word' id='word_1_140' title='bbox 686 1383 857 1454; x_wconf 87' lang='lat' dir='ltr'>virtutum</span> <span class='ocrx_word' id='word_1_141' title='bbox 883 1381 1031 1470; x_wconf 83' lang='lat' dir='ltr'>effigiem</span> <span class='ocrx_word' id='word_1_142' title='bbox 1083 1378 1171 1466; x_wconf 83' lang='lat' dir='ltr'>gisse</span> <span class='ocrx_word' id='word_1_143' title='bbox 1187 1379 1281 1446; x_wconf 90' lang='lat' dir='ltr'>enim</span> <span class='ocrx_word' id='word_1_144' title='bbox 1298 1403 1377 1448; x_wconf 91' lang='lat' dir='ltr'>eum</span> <span class='ocrx_word' id='word_1_145' title='bbox 1396 1377 1563 1468; x_wconf 90' lang='lat' dir='ltr'>plurima,</span> <span class='ocrx_word' id='word_1_146' title='bbox 1589 1377 1748 1470; x_wconf 84' lang='lat' dir='ltr'>etipsius</span> <span class='ocrx_word' id='word_1_147' title='bbox 1766 1379 1847 1450; x_wconf 89' lang='lat' dir='ltr'>libri</span> <span class='ocrx_word' id='word_1_148' title='bbox 1863 1385 2068 1468; x_wconf 89' lang='lat' dir='ltr'>ostendunt,</span> 
     </span>
     <span class='ocr_line' id='line_1_12' title="bbox 57 1479 2068 1575; baseline 0 -22"><span class='ocrx_word' id='word_1_149' title='bbox 57 1501 200 1575; x_wconf 84' lang='lat' dir='ltr'>spectare</span> <span class='ocrx_word' id='word_1_150' title='bbox 218 1509 282 1555; x_wconf 91' lang='lat' dir='ltr'>nos</span> <span class='ocrx_word' id='word_1_151' title='bbox 299 1488 481 1558; x_wconf 85' lang='lat' dir='ltr'>sentimus.</span> <span class='ocrx_word' id='word_1_152' title='bbox 541 1483 739 1574; x_wconf 87' lang='lat' dir='ltr'>Sapientis,</span> <span class='ocrx_word' id='word_1_153' title='bbox 774 1483 876 1563; x_wconf 90' lang='lat' dir='ltr'>iusti,</span> <span class='ocrx_word' id='word_1_154' title='bbox 909 1484 1032 1552; x_wconf 92' lang='lat' dir='ltr'>mode·</span> <span class='ocrx_word' id='word_1_155' title='bbox 1083 1479 1146 1571; x_wconf 87' lang='lat' dir='ltr'>qui</span> <span class='ocrx_word' id='word_1_156' title='bbox 1160 1479 1426 1549; x_wconf 91' lang='lat' dir='ltr'>veterumdicta</span> <span class='ocrx_word' id='word_1_157' title='bbox 1442 1491 1514 1548; x_wconf 91' lang='lat' dir='ltr'>tam</span> <span class='ocrx_word' id='word_1_158' title='bbox 1530 1480 1639 1548; x_wconf 89' lang='lat' dir='ltr'>multa</span> <span class='ocrx_word' id='word_1_159' title='bbox 1657 1481 1864 1562; x_wconf 71' lang='lat' dir='ltr'>continent,</span> <span class='ocrx_word' id='word_1_160' title='bbox 1889 1496 1930 1553; x_wconf 91' lang='lat' dir='ltr'>ut</span> <span class='ocrx_word' id='word_1_161' title='bbox 1952 1497 2068 1574; x_wconf 91' lang='lat' dir='ltr'>poste-</span> 
     </span>
     <span class='ocr_line' id='line_1_13' title="bbox 57 1575 2069 1675; baseline -0.001 -20"><span class='ocrx_word' id='word_1_162' title='bbox 57 1588 132 1670; x_wconf 90' lang='lat' dir='ltr'>rati,</span> <span class='ocrx_word' id='word_1_163' title='bbox 158 1589 376 1668; x_wconf 80' lang='lat' dir='ltr'>constantis,</span> <span class='ocrx_word' id='word_1_164' title='bbox 407 1587 553 1657; x_wconf 83' lang='lat' dir='ltr'>benefici</span> <span class='ocrx_word' id='word_1_165' title='bbox 576 1585 746 1675; x_wconf 91' lang='lat' dir='ltr'>principis</span> <span class='ocrx_word' id='word_1_166' title='bbox 768 1585 958 1674; x_wconf 87' lang='lat' dir='ltr'>imaginem</span> <span class='ocrx_word' id='word_1_167' title='bbox 979 1595 1033 1652; x_wconf 87' lang='lat' dir='ltr'>at·</span> <span class='ocrx_word' id='word_1_168' title='bbox 1084 1580 1132 1648; x_wconf 92' lang='lat' dir='ltr'>ris</span> <span class='ocrx_word' id='word_1_169' title='bbox 1157 1602 1220 1670; x_wconf 92' lang='lat' dir='ltr'>pro</span> <span class='ocrx_word' id='word_1_170' title='bbox 1245 1575 1458 1648; x_wconf 88' lang='lat' dir='ltr'>bibliotheca</span> <span class='ocrx_word' id='word_1_171' title='bbox 1484 1575 1638 1648; x_wconf 89' lang='lat' dir='ltr'>habendi</span> <span class='ocrx_word' id='word_1_172' title='bbox 1662 1581 1750 1650; x_wconf 88' lang='lat' dir='ltr'>sint:</span> <span class='ocrx_word' id='word_1_173' title='bbox 1791 1596 1824 1650; x_wconf 94' lang='lat' dir='ltr'>et</span> <span class='ocrx_word' id='word_1_174' title='bbox 1845 1585 2069 1673; x_wconf 88' lang='lat' dir='ltr'>praedicabat</span> 
     </span>
     <span class='ocr_line' id='line_1_14' title="bbox 57 1679 2067 1778; baseline -0 -23"><span class='ocrx_word' id='word_1_175' title='bbox 57 1713 116 1778; x_wconf 89' lang='lat' dir='ltr'>que</span> <span class='ocrx_word' id='word_1_176' title='bbox 132 1689 245 1756; x_wconf 89' lang='lat' dir='ltr'>ideam</span> <span class='ocrx_word' id='word_1_177' title='bbox 263 1689 473 1777; x_wconf 85' lang='lat' dir='ltr'>cogitamus,</span> <span class='ocrx_word' id='word_1_178' title='bbox 501 1681 796 1774; x_wconf 83' lang='lat' dir='ltr'>curnAugustum</span> <span class='ocrx_word' id='word_1_179' title='bbox 821 1685 925 1754; x_wconf 91' lang='lat' dir='ltr'>nobis</span> <span class='ocrx_word' id='word_1_180' title='bbox 946 1707 1032 1776; x_wconf 91' lang='lat' dir='ltr'>pro-</span> <span class='ocrx_word' id='word_1_181' title='bbox 1083 1679 1182 1750; x_wconf 92' lang='lat' dir='ltr'>Plato</span> <span class='ocrx_word' id='word_1_182' title='bbox 1201 1681 1294 1770; x_wconf 89' lang='lat' dir='ltr'>ipse,</span> <span class='ocrx_word' id='word_1_183' title='bbox 1321 1681 1382 1772; x_wconf 92' lang='lat' dir='ltr'>qui</span> <span class='ocrx_word' id='word_1_184' title='bbox 1398 1679 1602 1761; x_wconf 88' lang='lat' dir='ltr'>Aristoteli,</span> <span class='ocrx_word' id='word_1_185' title='bbox 1636 1697 1779 1772; x_wconf 90' lang='lat' dir='ltr'>propter</span> <span class='ocrx_word' id='word_1_186' title='bbox 1796 1697 1929 1754; x_wconf 89' lang='lat' dir='ltr'>tantam</span> <span class='ocrx_word' id='word_1_187' title='bbox 1944 1685 2067 1755; x_wconf 91' lang='lat' dir='ltr'>lectio-</span> 
     </span>
     <span class='ocr_line' id='line_1_15' title="bbox 56 1781 1844 1880; baseline -0.002 -24"><span class='ocrx_word' id='word_1_188' title='bbox 56 1789 229 1877; x_wconf 87' lang='lat' dir='ltr'>ponimus:</span> <span class='ocrx_word' id='word_1_189' title='bbox 254 1813 292 1858; x_wconf 90' lang='lat' dir='ltr'>ae</span> <span class='ocrx_word' id='word_1_190' title='bbox 310 1790 451 1858; x_wconf 88' lang='lat' dir='ltr'>interim</span> <span class='ocrx_word' id='word_1_191' title='bbox 469 1788 589 1880; x_wconf 84' lang='lat' dir='ltr'>quales</span> <span class='ocrx_word' id='word_1_192' title='bbox 604 1787 673 1856; x_wconf 91' lang='lat' dir='ltr'>sint</span> <span class='ocrx_word' id='word_1_193' title='bbox 688 1787 771 1856; x_wconf 93' lang='lat' dir='ltr'>illae</span> <span class='ocrx_word' id='word_1_194' title='bbox 787 1787 902 1870; x_wconf 90' lang='lat' dir='ltr'>dotes,</span> <span class='ocrx_word' id='word_1_195' title='bbox 928 1785 1032 1876; x_wconf 91' lang='lat' dir='ltr'>quale</span> <span class='ocrx_word' id='word_1_196' title='bbox 1084 1781 1140 1848; x_wconf 88' lang='lat' dir='ltr'>nis</span> <span class='ocrx_word' id='word_1_197' title='bbox 1159 1781 1380 1865; x_wconf 88' lang='lat' dir='ltr'>varietatem,</span> <span class='ocrx_word' id='word_1_198' title='bbox 1402 1782 1529 1851; x_wconf 87' lang='lat' dir='ltr'>tribuit</span> <span class='ocrx_word' id='word_1_199' title='bbox 1546 1782 1686 1850; x_wconf 91' lang='lat' dir='ltr'>lectoris</span> <span class='ocrx_word' id='word_1_200' title='bbox 1701 1806 1844 1856; x_wconf 91' lang='lat' dir='ltr'>nomen.</span> 
     </span>
     <span class='ocr_line' id='line_1_16' title="bbox 55 1880 2067 1982; baseline 0 -27"><span class='ocrx_word' id='word_1_201' title='bbox 55 1889 164 1957; x_wconf 89' lang='lat' dir='ltr'>lumen</span> <span class='ocrx_word' id='word_1_202' title='bbox 182 1891 227 1958; x_wconf 92' lang='lat' dir='ltr'>sit</span> <span class='ocrx_word' id='word_1_203' title='bbox 241 1891 422 1979; x_wconf 87' lang='lat' dir='ltr'>sapientia,</span> <span class='ocrx_word' id='word_1_204' title='bbox 438 1888 552 1982; x_wconf 89' lang='lat' dir='ltr'>qualis</span> <span class='ocrx_word' id='word_1_205' title='bbox 563 1883 754 1981; x_wconf 85' lang='lat' dir='ltr'>aequalitas</span> <span class='ocrx_word' id='word_1_206' title='bbox 768 1887 913 1966; x_wconf 89' lang='lat' dir='ltr'>institia,</span> <span class='ocrx_word' id='word_1_207' title='bbox 928 1883 1031 1977; x_wconf 90' lang='lat' dir='ltr'>quale</span> <span class='ocrx_word' id='word_1_208' title='bbox 1187 1880 1296 1952; x_wconf 86' lang='lat' dir='ltr'>Multi</span> <span class='ocrx_word' id='word_1_209' title='bbox 1312 1895 1427 1952; x_wconf 87' lang='lat' dir='ltr'>autem</span> <span class='ocrx_word' id='word_1_210' title='bbox 1450 1883 1588 1951; x_wconf 88' lang='lat' dir='ltr'>nobiles</span> <span class='ocrx_word' id='word_1_211' title='bbox 1607 1883 1675 1950; x_wconf 93' lang='lat' dir='ltr'>viri</span> <span class='ocrx_word' id='word_1_212' title='bbox 1700 1907 1741 1952; x_wconf 82' lang='lat' dir='ltr'>ex</span> <span class='ocrx_word' id='word_1_213' title='bbox 1766 1897 1838 1955; x_wconf 92' lang='lat' dir='ltr'>tota</span> <span class='ocrx_word' id='word_1_214' title='bbox 1859 1884 2006 1955; x_wconf 87' lang='lat' dir='ltr'>Graecia</span> <span class='ocrx_word' id='word_1_215' title='bbox 2034 1899 2067 1956; x_wconf 91' lang='lat' dir='ltr'>et</span> 
     </span>
     <span class='ocr_line' id='line_1_17' title="bbox 54 1978 2067 2066; baseline -0 -10"><span class='ocrx_word' id='word_1_216' title='bbox 54 1991 183 2058; x_wconf 86' lang='lat' dir='ltr'>frenum</span> <span class='ocrx_word' id='word_1_217' title='bbox 216 1991 396 2059; x_wconf 86' lang='lat' dir='ltr'>variorum</span> <span class='ocrx_word' id='word_1_218' title='bbox 430 1991 631 2060; x_wconf 85' lang='lat' dir='ltr'>adfectuum</span> <span class='ocrx_word' id='word_1_219' title='bbox 665 1989 737 2060; x_wconf 92' lang='lat' dir='ltr'>sint</span> <span class='ocrx_word' id='word_1_220' title='bbox 768 1985 964 2056; x_wconf 89' lang='lat' dir='ltr'>moderatio</span> <span class='ocrx_word' id='word_1_221' title='bbox 998 1998 1032 2055; x_wconf 94' lang='lat' dir='ltr'>et</span> <span class='ocrx_word' id='word_1_222' title='bbox 1083 1979 1224 2066; x_wconf 87' lang='lat' dir='ltr'>Sicilia,</span> <span class='ocrx_word' id='word_1_223' title='bbox 1261 1996 1346 2052; x_wconf 94' lang='lat' dir='ltr'>tunc</span> <span class='ocrx_word' id='word_1_224' title='bbox 1369 1978 1520 2052; x_wconf 81' lang='lat' dir='ltr'>Athenis</span> <span class='ocrx_word' id='word_1_225' title='bbox 1550 1983 1731 2052; x_wconf 91' lang='lat' dir='ltr'>doctrinae</span> <span class='ocrx_word' id='word_1_226' title='bbox 1754 1987 1868 2054; x_wconf 90' lang='lat' dir='ltr'>studia</span> <span class='ocrx_word' id='word_1_227' title='bbox 1892 1987 2067 2066; x_wconf 91' lang='lat' dir='ltr'>colebant,</span> 
     </span>
    </p>
   </div>
   <div class='ocr_carea' id='block_1_3' title="bbox 55 2083 2177 2180">
    <p class='ocr_par' dir='ltr' id='par_1_3' title="bbox 55 2083 2177 2180">
     <span class='ocr_line' id='line_1_18' title="bbox 55 2083 2177 2180; baseline -0.001 -23"><span class='ocrx_word' id='word_1_228' title='bbox 55 2093 241 2159; x_wconf 77' lang='lat' dir='ltr'>coristautia</span> <span class='ocrx_word' id='word_1_229' title='bbox 260 2107 471 2180; x_wconf 85' lang='lat' dir='ltr'>reputemus.</span> <span class='ocrx_word' id='word_1_230' title='bbox 527 2086 623 2178; x_wconf 80' lang='lat' dir='ltr'>Ergo</span> <span class='ocrx_word' id='word_1_231' title='bbox 653 2089 682 2156; x_wconf 92' lang='lat' dir='ltr'>si</span> <span class='ocrx_word' id='word_1_232' title='bbox 707 2089 870 2179; x_wconf 84' lang='lat' dir='ltr'>voluptas</span> <span class='ocrx_word' id='word_1_233' title='bbox 892 2099 1031 2157; x_wconf 89' lang='lat' dir='ltr'>tantum</span> <span class='ocrx_word' id='word_1_234' title='bbox 1083 2107 1234 2174; x_wconf 89' lang='lat' dir='ltr'>quorum</span> <span class='ocrx_word' id='word_1_235' title='bbox 1255 2085 1465 2152; x_wconf 89' lang='lat' dir='ltr'>liberalitate</span> <span class='ocrx_word' id='word_1_236' title='bbox 1481 2085 1694 2153; x_wconf 90' lang='lat' dir='ltr'>iuvabantur</span> <span class='ocrx_word' id='word_1_237' title='bbox 1709 2083 1928 2170; x_wconf 71' lang='lat' dir='ltr'>eruditi,&#39;ne</span> <span class='ocrx_word' id='word_1_238' title='bbox 1946 2087 2068 2172; x_wconf 91' lang='lat' dir='ltr'>victus,</span> <span class='ocrx_word' id='word_1_239' title='bbox 2169 2085 2177 2096; x_wconf 65' lang='grc'><em>“</em></span> 
     </span>
    </p>
   </div>
   <div class='ocr_carea' id='block_1_4' title="bbox 51 2179 2140 4802">
    <p class='ocr_par' dir='ltr' id='par_1_4' title="bbox 51 2179 2140 4802">
     <span class='ocr_line' id='line_1_19' title="bbox 57 2179 2067 2286; baseline -0.001 -27"><span class='ocrx_word' id='word_1_240' title='bbox 57 2187 112 2259; x_wconf 88' lang='lat' dir='ltr'>hac</span> <span class='ocrx_word' id='word_1_241' title='bbox 127 2193 461 2260; x_wconf 66' lang='lat' dir='ltr'>corramemoratione</span> <span class='ocrx_word' id='word_1_242' title='bbox 475 2205 710 2286; x_wconf 86' lang='lat' dir='ltr'>quaereretur,</span> <span class='ocrx_word' id='word_1_243' title='bbox 729 2205 846 2258; x_wconf 90' lang='lat' dir='ltr'>tamen</span> <span class='ocrx_word' id='word_1_244' title='bbox 864 2185 947 2256; x_wconf 88' lang='lat' dir='ltr'>hacc</span> <span class='ocrx_word' id='word_1_245' title='bbox 966 2181 1031 2254; x_wconf 83' lang='lat' dir='ltr'>ho·</span> <span class='ocrx_word' id='word_1_246' title='bbox 1082 2207 1127 2252; x_wconf 91' lang='lat' dir='ltr'>ne</span> <span class='ocrx_word' id='word_1_247' title='bbox 1143 2184 1249 2268; x_wconf 87' lang='lat' dir='ltr'>libri,</span> <span class='ocrx_word' id='word_1_248' title='bbox 1274 2208 1320 2253; x_wconf 90' lang='lat' dir='ltr'>ne</span> <span class='ocrx_word' id='word_1_249' title='bbox 1334 2199 1541 2254; x_wconf 89' lang='lat' dir='ltr'>ornamenta</span> <span class='ocrx_word' id='word_1_250' title='bbox 1558 2179 1676 2253; x_wconf 91' lang='lat' dir='ltr'>schola</span> <span class='ocrx_word' id='word_1_251' title='bbox 1694 2188 1863 2260; x_wconf 86' lang='lat' dir='ltr'>deessent.</span> <span class='ocrx_word' id='word_1_252' title='bbox 1913 2185 2067 2279; x_wconf 83' lang='lat' dir='ltr'>Fuitque</span> 
     </span>
     <span class='ocr_line' id='line_1_20' title="bbox 55 2281 2067 2382; baseline -0.001 -22"><span class='ocrx_word' id='word_1_253' title='bbox 55 2307 141 2360; x_wconf 88' lang='lat' dir='ltr'>uesta</span> <span class='ocrx_word' id='word_1_254' title='bbox 157 2308 190 2362; x_wconf 92' lang='lat' dir='ltr'>et</span> <span class='ocrx_word' id='word_1_255' title='bbox 209 2289 352 2361; x_wconf 86' lang='lat' dir='ltr'>homine</span> <span class='ocrx_word' id='word_1_256' title='bbox 369 2294 474 2382; x_wconf 81' lang='lat' dir='ltr'>digua</span> <span class='ocrx_word' id='word_1_257' title='bbox 492 2291 698 2373; x_wconf 86' lang='lat' dir='ltr'>oblectatio,</span> <span class='ocrx_word' id='word_1_258' title='bbox 733 2314 807 2358; x_wconf 90' lang='lat' dir='ltr'>non</span> <span class='ocrx_word' id='word_1_259' title='bbox 824 2289 1029 2376; x_wconf 81' lang='lat' dir='ltr'>negligenda</span> <span class='ocrx_word' id='word_1_260' title='bbox 1083 2285 1246 2375; x_wconf 84' lang='lat' dir='ltr'>inprimis</span> <span class='ocrx_word' id='word_1_261' title='bbox 1270 2286 1454 2355; x_wconf 81' lang='lat' dir='ltr'>familiaris</span> <span class='ocrx_word' id='word_1_262' title='bbox 1480 2281 1663 2354; x_wconf 90' lang='lat' dir='ltr'>Aristoteli</span> <span class='ocrx_word' id='word_1_263' title='bbox 1679 2283 1861 2356; x_wconf 84' lang='lat' dir='ltr'>Eudemus</span> <span class='ocrx_word' id='word_1_264' title='bbox 1875 2286 2067 2381; x_wconf 87' lang='lat' dir='ltr'>Syracusa·</span> 
     </span>
     <span class='ocr_line' id='line_1_21' title="bbox 55 2387 2066 2475; baseline -0.002 -14"><span class='ocrx_word' id='word_1_265' title='bbox 55 2407 142 2464; x_wconf 88' lang='lat' dir='ltr'>esset.</span> <span class='ocrx_word' id='word_1_266' title='bbox 208 2393 309 2462; x_wconf 88' lang='lat' dir='ltr'>Nunc</span> <span class='ocrx_word' id='word_1_267' title='bbox 336 2419 415 2461; x_wconf 80' lang='lat' dir='ltr'>curu</span> <span class='ocrx_word' id='word_1_268' title='bbox 451 2397 495 2463; x_wconf 93' lang='lat' dir='ltr'>ad</span> <span class='ocrx_word' id='word_1_269' title='bbox 530 2390 621 2462; x_wconf 88' lang='lat' dir='ltr'>hanc</span> <span class='ocrx_word' id='word_1_270' title='bbox 657 2391 863 2461; x_wconf 87' lang='lat' dir='ltr'>suavitatem</span> <span class='ocrx_word' id='word_1_271' title='bbox 896 2387 1030 2458; x_wconf 89' lang='lat' dir='ltr'>utilitas</span> <span class='ocrx_word' id='word_1_272' title='bbox 1083 2407 1168 2470; x_wconf 89' lang='lat' dir='ltr'>nus,</span> <span class='ocrx_word' id='word_1_273' title='bbox 1192 2387 1292 2454; x_wconf 88' lang='lat' dir='ltr'>cuius</span> <span class='ocrx_word' id='word_1_274' title='bbox 1310 2388 1457 2472; x_wconf 89' lang='lat' dir='ltr'>virtute,</span> <span class='ocrx_word' id='word_1_275' title='bbox 1483 2387 1630 2475; x_wconf 89' lang='lat' dir='ltr'>opibus,</span> <span class='ocrx_word' id='word_1_276' title='bbox 1655 2388 1860 2471; x_wconf 86' lang='lat' dir='ltr'>autoritate,</span> <span class='ocrx_word' id='word_1_277' title='bbox 1887 2389 1988 2456; x_wconf 91' lang='lat' dir='ltr'>valde</span> <span class='ocrx_word' id='word_1_278' title='bbox 2002 2392 2066 2457; x_wconf 92' lang='lat' dir='ltr'>ad-</span> 
     </span>
     <span class='ocr_line' id='line_1_22' title="bbox 54 2483 2066 2584; baseline -0.001 -24"><span class='ocrx_word' id='word_1_279' title='bbox 54 2497 365 2582; x_wconf 74' lang='lat' dir='ltr'>magnaaccedat,</span> <span class='ocrx_word' id='word_1_280' title='bbox 418 2490 584 2563; x_wconf 86' lang='lat' dir='ltr'>historiae</span> <span class='ocrx_word' id='word_1_281' title='bbox 616 2483 842 2584; x_wconf 82' lang='lat' dir='ltr'>magnorum</span> <span class='ocrx_word' id='word_1_282' title='bbox 871 2490 1029 2558; x_wconf 90' lang='lat' dir='ltr'>virorum</span> <span class='ocrx_word' id='word_1_283' title='bbox 1083 2487 1177 2556; x_wconf 86' lang='lat' dir='ltr'>iutus</span> <span class='ocrx_word' id='word_1_284' title='bbox 1199 2485 1486 2571; x_wconf 63' lang='lat' dir='ltr'>estDion,›cum</span> <span class='ocrx_word' id='word_1_285' title='bbox 1507 2503 1697 2580; x_wconf 90' lang='lat' dir='ltr'>tyrannum</span> <span class='ocrx_word' id='word_1_286' title='bbox 1713 2487 1922 2581; x_wconf 87' lang='lat' dir='ltr'>Dionysium</span> <span class='ocrx_word' id='word_1_287' title='bbox 1950 2490 2066 2560; x_wconf 84' lang='lat' dir='ltr'>exSi-</span> 
     </span>
     <span class='ocr_line' id='line_1_23' title="bbox 53 2589 2065 2685; baseline -0.002 -23"><span class='ocrx_word' id='word_1_288' title='bbox 53 2597 156 2665; x_wconf 80' lang='lat' dir='ltr'>nrtrlto</span> <span class='ocrx_word' id='word_1_289' title='bbox 175 2596 316 2664; x_wconf 88' lang='lat' dir='ltr'>avidius</span> <span class='ocrx_word' id='word_1_290' title='bbox 342 2599 557 2685; x_wconf 87' lang='lat' dir='ltr'>appetendae</span> <span class='ocrx_word' id='word_1_291' title='bbox 581 2599 674 2664; x_wconf 90' lang='lat' dir='ltr'>suut.</span> <span class='ocrx_word' id='word_1_292' title='bbox 737 2591 899 2660; x_wconf 86' lang='lat' dir='ltr'>Breviter</span> <span class='ocrx_word' id='word_1_293' title='bbox 923 2591 1031 2677; x_wconf 85' lang='lat' dir='ltr'>igitur</span> <span class='ocrx_word' id='word_1_294' title='bbox 1083 2589 1162 2655; x_wconf 85' lang='lat' dir='ltr'>cilia</span> <span class='ocrx_word' id='word_1_295' title='bbox 1180 2590 1329 2670; x_wconf 67' lang='lat' dir='ltr'>eiii-eret,</span> <span class='ocrx_word' id='word_1_296' title='bbox 1350 2601 1383 2658; x_wconf 91' lang='lat' dir='ltr'>et</span> <span class='ocrx_word' id='word_1_297' title='bbox 1400 2589 1594 2658; x_wconf 87' lang='lat' dir='ltr'>libertatem</span> <span class='ocrx_word' id='word_1_298' title='bbox 1614 2589 1745 2677; x_wconf 83' lang='lat' dir='ltr'>patriae</span> <span class='ocrx_word' id='word_1_299' title='bbox 1762 2589 1946 2658; x_wconf 86' lang='lat' dir='ltr'>restituere</span> <span class='ocrx_word' id='word_1_300' title='bbox 1959 2615 2065 2660; x_wconf 90' lang='lat' dir='ltr'>cona-</span> 
     </span>
     <span class='ocr_line' id='line_1_24' title="bbox 56 2679 2065 2788; baseline -0.001 -25"><span class='ocrx_word' id='word_1_301' title='bbox 56 2697 173 2765; x_wconf 83' lang='lat' dir='ltr'>devita</span> <span class='ocrx_word' id='word_1_302' title='bbox 191 2693 415 2782; x_wconf 88' lang='lat' dir='ltr'>Aristotelis,</span> <span class='ocrx_word' id='word_1_303' title='bbox 440 2709 559 2788; x_wconf 90' lang='lat' dir='ltr'>postea</span> <span class='ocrx_word' id='word_1_304' title='bbox 574 2695 618 2762; x_wconf 93' lang='lat' dir='ltr'>de</span> <span class='ocrx_word' id='word_1_305' title='bbox 634 2679 761 2782; x_wconf 80' lang='lat' dir='ltr'>genere</span> <span class='ocrx_word' id='word_1_306' title='bbox 778 2686 1030 2782; x_wconf 88' lang='lat' dir='ltr'>Philosophiae</span> <span class='ocrx_word' id='word_1_307' title='bbox 1082 2705 1189 2760; x_wconf 87' lang='lat' dir='ltr'>retur.</span> <span class='ocrx_word' id='word_1_308' title='bbox 1241 2689 1453 2781; x_wconf 82' lang='lat' dir='ltr'>Quanquam</span> <span class='ocrx_word' id='word_1_309' title='bbox 1475 2690 1583 2775; x_wconf 80' lang='lat' dir='ltr'>igitur</span> <span class='ocrx_word' id='word_1_310' title='bbox 1599 2686 1806 2758; x_wconf 89' lang='lat' dir='ltr'>Aristoteles</span> <span class='ocrx_word' id='word_1_311' title='bbox 1830 2703 1914 2758; x_wconf 91' lang='lat' dir='ltr'>tunc</span> <span class='ocrx_word' id='word_1_312' title='bbox 1938 2691 1976 2757; x_wconf 91' lang='lat' dir='ltr'>in</span> <span class='ocrx_word' id='word_1_313' title='bbox 2002 2693 2065 2760; x_wconf 93' lang='lat' dir='ltr'>illo</span> 
     </span>
     <span class='ocr_line' id='line_1_25' title="bbox 55 2789 2065 2880; baseline -0.002 -15"><span class='ocrx_word' id='word_1_314' title='bbox 55 2800 169 2870; x_wconf 90' lang='lat' dir='ltr'>dicam.</span> <span class='ocrx_word' id='word_1_315' title='bbox 1082 2790 1229 2880; x_wconf 84' lang='lat' dir='ltr'>collegio</span> <span class='ocrx_word' id='word_1_316' title='bbox 1256 2791 1374 2858; x_wconf 88' lang='lat' dir='ltr'>omnia</span> <span class='ocrx_word' id='word_1_317' title='bbox 1398 2790 1536 2859; x_wconf 90' lang='lat' dir='ltr'>erudite</span> <span class='ocrx_word' id='word_1_318' title='bbox 1562 2789 1689 2880; x_wconf 88' lang='lat' dir='ltr'>scripta</span> <span class='ocrx_word' id='word_1_319' title='bbox 1715 2791 1918 2874; x_wconf 89' lang='lat' dir='ltr'>evolvebat,</span> <span class='ocrx_word' id='word_1_320' title='bbox 1960 2805 1993 2860; x_wconf 89' lang='lat' dir='ltr'>et</span> <span class='ocrx_word' id='word_1_321' title='bbox 2027 2794 2065 2860; x_wconf 88' lang='lat' dir='ltr'>in</span> 
     </span>
     <span class='ocr_line' id='line_1_26' title="bbox 143 2891 2065 2985; baseline -0.003 -19"><span class='ocrx_word' id='word_1_322' title='bbox 143 2897 259 2967; x_wconf 86' lang='lat' dir='ltr'>Natus</span> <span class='ocrx_word' id='word_1_323' title='bbox 276 2893 540 2967; x_wconf 86' lang='lat' dir='ltr'>estAristoteles</span> <span class='ocrx_word' id='word_1_324' title='bbox 556 2893 594 2964; x_wconf 91' lang='lat' dir='ltr'>in</span> <span class='ocrx_word' id='word_1_325' title='bbox 603 2893 823 2979; x_wconf 90' lang='lat' dir='ltr'>Macedonia,</span> <span class='ocrx_word' id='word_1_326' title='bbox 849 2907 947 2985; x_wconf 89' lang='lat' dir='ltr'>patre</span> <span class='ocrx_word' id='word_1_327' title='bbox 957 2915 1029 2961; x_wconf 90' lang='lat' dir='ltr'>me·</span> <span class='ocrx_word' id='word_1_328' title='bbox 1082 2891 1278 2981; x_wconf 88' lang='lat' dir='ltr'>disciplinis</span> <span class='ocrx_word' id='word_1_329' title='bbox 1292 2891 1471 2969; x_wconf 89' lang='lat' dir='ltr'>omnihus,</span> <span class='ocrx_word' id='word_1_330' title='bbox 1495 2914 1583 2982; x_wconf 89' lang='lat' dir='ltr'>qnae</span> <span class='ocrx_word' id='word_1_331' title='bbox 1595 2906 1755 2961; x_wconf 86' lang='lat' dir='ltr'>naturam</span> <span class='ocrx_word' id='word_1_332' title='bbox 1769 2891 1994 2981; x_wconf 78' lang='lat' dir='ltr'>patefaciunt,</span> <span class='ocrx_word' id='word_1_333' title='bbox 2011 2917 2065 2962; x_wconf 92' lang='lat' dir='ltr'>se-</span> 
     </span>
     <span class='ocr_line' id='line_1_27' title="bbox 55 2989 2066 3091; baseline -0.002 -26"><span class='ocrx_word' id='word_1_334' title='bbox 55 2999 124 3066; x_wconf 92' lang='lat' dir='ltr'>dico</span> <span class='ocrx_word' id='word_1_335' title='bbox 149 2999 241 3088; x_wconf 80' lang='lat' dir='ltr'>regis</span> <span class='ocrx_word' id='word_1_336' title='bbox 264 2996 464 3091; x_wconf 70' lang='lat' dir='ltr'>Amyntae,</span> <span class='ocrx_word' id='word_1_337' title='bbox 523 2995 577 3066; x_wconf 89' lang='lat' dir='ltr'>Ac</span> <span class='ocrx_word' id='word_1_338' title='bbox 597 2999 790 3066; x_wconf 86' lang='lat' dir='ltr'>multorum</span> <span class='ocrx_word' id='word_1_339' title='bbox 819 2995 1029 3065; x_wconf 89' lang='lat' dir='ltr'>testimoniis</span> <span class='ocrx_word' id='word_1_340' title='bbox 1082 2993 1166 3062; x_wconf 92' lang='lat' dir='ltr'>dulo</span> <span class='ocrx_word' id='word_1_341' title='bbox 1182 2991 1403 3062; x_wconf 88' lang='lat' dir='ltr'>elaborabat:</span> <span class='ocrx_word' id='word_1_342' title='bbox 1428 3005 1545 3061; x_wconf 91' lang='lat' dir='ltr'>tamen</span> <span class='ocrx_word' id='word_1_343' title='bbox 1561 2989 1641 3060; x_wconf 93' lang='lat' dir='ltr'>vivo</span> <span class='ocrx_word' id='word_1_344' title='bbox 1657 2991 1806 3060; x_wconf 91' lang='lat' dir='ltr'>Platone</span> <span class='ocrx_word' id='word_1_345' title='bbox 1821 2994 1980 3060; x_wconf 89' lang='lat' dir='ltr'>nondum</span> <span class='ocrx_word' id='word_1_346' title='bbox 1999 3017 2066 3083; x_wconf 89' lang='lat' dir='ltr'>pu·</span> 
     </span>
     <span class='ocr_line' id='line_1_28' title="bbox 56 3091 2068 3188; baseline -0.003 -21"><span class='ocrx_word' id='word_1_347' title='bbox 56 3113 191 3182; x_wconf 84' lang='lat' dir='ltr'>constat,</span> <span class='ocrx_word' id='word_1_348' title='bbox 220 3121 328 3186; x_wconf 81' lang='lat' dir='ltr'>genus</span> <span class='ocrx_word' id='word_1_349' title='bbox 344 3099 418 3166; x_wconf 89' lang='lat' dir='ltr'>eius</span> <span class='ocrx_word' id='word_1_350' title='bbox 435 3096 705 3188; x_wconf 83' lang='lat' dir='ltr'>abllippocrate</span> <span class='ocrx_word' id='word_1_351' title='bbox 722 3112 840 3166; x_wconf 88' lang='lat' dir='ltr'>ortum</span> <span class='ocrx_word' id='word_1_352' title='bbox 856 3121 940 3180; x_wconf 90' lang='lat' dir='ltr'>esse,</span> <span class='ocrx_word' id='word_1_353' title='bbox 968 3095 1027 3186; x_wconf 91' lang='lat' dir='ltr'>qui</span> <span class='ocrx_word' id='word_1_354' title='bbox 1081 3094 1173 3163; x_wconf 92' lang='lat' dir='ltr'>blice</span> <span class='ocrx_word' id='word_1_355' title='bbox 1199 3093 1336 3178; x_wconf 89' lang='lat' dir='ltr'>docuit,</span> <span class='ocrx_word' id='word_1_356' title='bbox 1377 3093 1431 3160; x_wconf 89' lang='lat' dir='ltr'>vel</span> <span class='ocrx_word' id='word_1_357' title='bbox 1462 3105 1605 3183; x_wconf 90' lang='lat' dir='ltr'>propter</span> <span class='ocrx_word' id='word_1_358' title='bbox 1631 3091 1791 3162; x_wconf 89' lang='lat' dir='ltr'>Platonis</span> <span class='ocrx_word' id='word_1_359' title='bbox 1823 3093 2068 3179; x_wconf 89' lang='lat' dir='ltr'>reverentiam,</span> 
     </span>
     <span class='ocr_line' id='line_1_29' title="bbox 56 3194 2067 3290; baseline -0.003 -23"><span class='ocrx_word' id='word_1_360' title='bbox 56 3213 84 3268; x_wconf 90' lang='lat' dir='ltr'>et</span> <span class='ocrx_word' id='word_1_361' title='bbox 97 3202 221 3290; x_wconf 87' lang='lat' dir='ltr'>ipsein</span> <span class='ocrx_word' id='word_1_362' title='bbox 239 3195 422 3267; x_wconf 82' lang='lat' dir='ltr'>Thessalia</span> <span class='ocrx_word' id='word_1_363' title='bbox 438 3200 500 3267; x_wconf 87' lang='lat' dir='ltr'>diu</span> <span class='ocrx_word' id='word_1_364' title='bbox 518 3199 624 3276; x_wconf 88' lang='lat' dir='ltr'>vixit,</span> <span class='ocrx_word' id='word_1_365' title='bbox 655 3212 688 3268; x_wconf 91' lang='lat' dir='ltr'>et</span> <span class='ocrx_word' id='word_1_366' title='bbox 712 3198 860 3286; x_wconf 90' lang='lat' dir='ltr'>posteris</span> <span class='ocrx_word' id='word_1_367' title='bbox 884 3197 958 3265; x_wconf 89' lang='lat' dir='ltr'>suis</span> <span class='ocrx_word' id='word_1_368' title='bbox 977 3195 1028 3264; x_wconf 92' lang='lat' dir='ltr'>ibi</span> <span class='ocrx_word' id='word_1_369' title='bbox 1083 3195 1136 3262; x_wconf 90' lang='lat' dir='ltr'>vel</span> <span class='ocrx_word' id='word_1_370' title='bbox 1152 3197 1247 3288; x_wconf 90' lang='lat' dir='ltr'>quod</span> <span class='ocrx_word' id='word_1_371' title='bbox 1268 3217 1347 3263; x_wconf 90' lang='lat' dir='ltr'>vere</span> <span class='ocrx_word' id='word_1_372' title='bbox 1362 3194 1410 3264; x_wconf 91' lang='lat' dir='ltr'>ita</span> <span class='ocrx_word' id='word_1_373' title='bbox 1427 3195 1590 3276; x_wconf 89' lang='lat' dir='ltr'>sentiret,</span> <span class='ocrx_word' id='word_1_374' title='bbox 1623 3208 1770 3263; x_wconf 89' lang='lat' dir='ltr'>aetatem</span> <span class='ocrx_word' id='word_1_375' title='bbox 1789 3217 1888 3262; x_wconf 91' lang='lat' dir='ltr'>suam</span> <span class='ocrx_word' id='word_1_376' title='bbox 1905 3196 2067 3264; x_wconf 90' lang='lat' dir='ltr'>nondum</span> 
     </span>
     <span class='ocr_line' id='line_1_30' title="bbox 55 3295 1816 3371; baseline -0.003 -4"><span class='ocrx_word' id='word_1_377' title='bbox 55 3303 159 3371; x_wconf 89' lang='lat' dir='ltr'>sedem</span> <span class='ocrx_word' id='word_1_378' title='bbox 177 3295 219 3370; x_wconf 74' lang='lat' dir='ltr'>a&#39;c</span> <span class='ocrx_word' id='word_1_379' title='bbox 232 3301 451 3369; x_wconf 90' lang='lat' dir='ltr'>domicilium</span> <span class='ocrx_word' id='word_1_380' title='bbox 466 3298 659 3371; x_wconf 91' lang='lat' dir='ltr'>constituit.</span> <span class='ocrx_word' id='word_1_381' title='bbox 689 3297 797 3368; x_wconf 89' lang='lat' dir='ltr'>Vetus</span> <span class='ocrx_word' id='word_1_382' title='bbox 811 3311 927 3368; x_wconf 88' lang='lat' dir='ltr'>autem</span> <span class='ocrx_word' id='word_1_383' title='bbox 944 3319 1029 3366; x_wconf 89' lang='lat' dir='ltr'>con·</span> <span class='ocrx_word' id='word_1_384' title='bbox 1080 3296 1164 3365; x_wconf 87' lang='lat' dir='ltr'>satis</span> <span class='ocrx_word' id='word_1_385' title='bbox 1179 3295 1378 3365; x_wconf 83' lang='lat' dir='ltr'>autoritatis</span> <span class='ocrx_word' id='word_1_386' title='bbox 1391 3297 1437 3364; x_wconf 93' lang='lat' dir='ltr'>ad</span> <span class='ocrx_word' id='word_1_387' title='bbox 1452 3295 1649 3364; x_wconf 88' lang='lat' dir='ltr'>docendum</span> <span class='ocrx_word' id='word_1_388' title='bbox 1667 3297 1816 3369; x_wconf 78' lang='lat' dir='ltr'>adferre.</span> 
     </span>
     <span class='ocr_line' id='line_1_31' title="bbox 55 3393 2065 3488; baseline -0.002 -20"><span class='ocrx_word' id='word_1_389' title='bbox 55 3405 193 3470; x_wconf 91' lang='lat' dir='ltr'>suetudo</span> <span class='ocrx_word' id='word_1_390' title='bbox 211 3401 298 3488; x_wconf 88' lang='lat' dir='ltr'>soit,</span> <span class='ocrx_word' id='word_1_391' title='bbox 324 3399 361 3467; x_wconf 93' lang='lat' dir='ltr'>in</span> <span class='ocrx_word' id='word_1_392' title='bbox 380 3399 522 3468; x_wconf 81' lang='lat' dir='ltr'>familiis</span> <span class='ocrx_word' id='word_1_393' title='bbox 538 3399 710 3468; x_wconf 84' lang='lat' dir='ltr'>artificum</span> <span class='ocrx_word' id='word_1_394' title='bbox 729 3399 874 3468; x_wconf 88' lang='lat' dir='ltr'>retineri</span> <span class='ocrx_word' id='word_1_395' title='bbox 890 3411 925 3467; x_wconf 91' lang='lat' dir='ltr'>et</span> <span class='ocrx_word' id='word_1_396' title='bbox 948 3421 1030 3487; x_wconf 87' lang='lat' dir='ltr'>pro-</span> <span class='ocrx_word' id='word_1_397' title='bbox 1117 3418 1122 3428; x_wconf 71' lang='grc'><strong>“</strong></span> <span class='ocrx_word' id='word_1_398' title='bbox 1183 3393 1289 3484; x_wconf 85' lang='lat' dir='ltr'>Quod</span> <span class='ocrx_word' id='word_1_399' title='bbox 1307 3421 1388 3464; x_wconf 82' lang='lat' dir='ltr'>vero</span> <span class='ocrx_word' id='word_1_400' title='bbox 1404 3395 1508 3465; x_wconf 92' lang='lat' dir='ltr'>multi</span> <span class='ocrx_word' id='word_1_401' title='bbox 1525 3396 1627 3465; x_wconf 89' lang='lat' dir='ltr'>aiunt</span> <span class='ocrx_word' id='word_1_402' title='bbox 1641 3396 1854 3482; x_wconf 89' lang='lat' dir='ltr'>simultatem</span> <span class='ocrx_word' id='word_1_403' title='bbox 1873 3396 1967 3466; x_wconf 91' lang='lat' dir='ltr'>inter</span> <span class='ocrx_word' id='word_1_404' title='bbox 1982 3393 2065 3463; x_wconf 89' lang='lat' dir='ltr'>Pla·</span> 
     </span>
     <span class='ocr_line' id='line_1_32' title="bbox 54 3492 2066 3591; baseline -0.001 -23"><span class='ocrx_word' id='word_1_405' title='bbox 54 3505 163 3591; x_wconf 83' lang='lat' dir='ltr'>pagari</span> <span class='ocrx_word' id='word_1_406' title='bbox 188 3502 301 3572; x_wconf 89' lang='lat' dir='ltr'>avitas</span> <span class='ocrx_word' id='word_1_407' title='bbox 322 3515 425 3570; x_wconf 85' lang='lat' dir='ltr'>artes.</span> <span class='ocrx_word' id='word_1_408' title='bbox 485 3499 537 3568; x_wconf 91' lang='lat' dir='ltr'>lta</span> <span class='ocrx_word' id='word_1_409' title='bbox 559 3500 756 3567; x_wconf 86' lang='lat' dir='ltr'>medicinae</span> <span class='ocrx_word' id='word_1_410' title='bbox 776 3498 1027 3590; x_wconf 89' lang='lat' dir='ltr'>possessionem</span> <span class='ocrx_word' id='word_1_411' title='bbox 1082 3511 1201 3566; x_wconf 90' lang='lat' dir='ltr'>tonem</span> <span class='ocrx_word' id='word_1_412' title='bbox 1232 3511 1267 3566; x_wconf 92' lang='lat' dir='ltr'>et</span> <span class='ocrx_word' id='word_1_413' title='bbox 1294 3492 1390 3565; x_wconf 89' lang='lat' dir='ltr'>hunc</span> <span class='ocrx_word' id='word_1_414' title='bbox 1412 3497 1540 3576; x_wconf 85' lang='lat' dir='ltr'>fuisse,</span> <span class='ocrx_word' id='word_1_415' title='bbox 1584 3497 1649 3565; x_wconf 89' lang='lat' dir='ltr'>etsi</span> <span class='ocrx_word' id='word_1_416' title='bbox 1672 3521 1746 3563; x_wconf 91' lang='lat' dir='ltr'>non</span> <span class='ocrx_word' id='word_1_417' title='bbox 1768 3497 1882 3566; x_wconf 88' lang='lat' dir='ltr'>libero</span> <span class='ocrx_word' id='word_1_418' title='bbox 1905 3492 2066 3564; x_wconf 88' lang='lat' dir='ltr'>homines</span> 
     </span>
     <span class='ocr_line' id='line_1_33' title="bbox 53 3591 2064 3694; baseline -0.004 -25"><span class='ocrx_word' id='word_1_419' title='bbox 53 3599 271 3694; x_wconf 86' lang='lat' dir='ltr'>Hippocratis</span> <span class='ocrx_word' id='word_1_420' title='bbox 294 3601 479 3692; x_wconf 88' lang='lat' dir='ltr'>posteritas</span> <span class='ocrx_word' id='word_1_421' title='bbox 499 3601 561 3669; x_wconf 92' lang='lat' dir='ltr'>din</span> <span class='ocrx_word' id='word_1_422' title='bbox 584 3599 743 3670; x_wconf 89' lang='lat' dir='ltr'>retinuit.</span> <span class='ocrx_word' id='word_1_423' title='bbox 802 3597 850 3670; x_wconf 91' lang='lat' dir='ltr'>Et</span> <span class='ocrx_word' id='word_1_424' title='bbox 871 3597 1029 3669; x_wconf 88' lang='lat' dir='ltr'>Galenus</span> <span class='ocrx_word' id='word_1_425' title='bbox 1081 3597 1248 3665; x_wconf 90' lang='lat' dir='ltr'>omnibus</span> <span class='ocrx_word' id='word_1_426' title='bbox 1261 3591 1368 3680; x_wconf 86' lang='lat' dir='ltr'>vitiis&#39;,</span> <span class='ocrx_word' id='word_1_427' title='bbox 1391 3609 1507 3664; x_wconf 88' lang='lat' dir='ltr'>tamen</span> <span class='ocrx_word' id='word_1_428' title='bbox 1525 3619 1587 3685; x_wconf 85' lang='lat' dir='ltr'>ego</span> <span class='ocrx_word' id='word_1_429' title='bbox 1603 3595 1724 3663; x_wconf 86' lang='lat' dir='ltr'>indicii</span> <span class='ocrx_word' id='word_1_430' title='bbox 1740 3595 2064 3666; x_wconf 89' lang='lat' dir='ltr'>dissimilitudinem</span> 
     </span>
     <span class='ocr_line' id='line_1_34' title="bbox 54 3696 2065 3797; baseline -0.004 -27"><span class='ocrx_word' id='word_1_431' title='bbox 54 3703 179 3797; x_wconf 84' lang='lat' dir='ltr'>iuquit:</span> <span class='ocrx_word' id='word_1_432' title='bbox 224 3702 308 3773; x_wconf 90' lang='lat' dir='ltr'>ldeo</span> <span class='ocrx_word' id='word_1_433' title='bbox 339 3703 403 3770; x_wconf 93' lang='lat' dir='ltr'>diu</span> <span class='ocrx_word' id='word_1_434' title='bbox 432 3725 504 3770; x_wconf 91' lang='lat' dir='ltr'>non</span> <span class='ocrx_word' id='word_1_435' title='bbox 536 3723 609 3770; x_wconf 88' lang='lat' dir='ltr'>esse</span> <span class='ocrx_word' id='word_1_436' title='bbox 636 3701 782 3791; x_wconf 90' lang='lat' dir='ltr'>scriptas</span> <span class='ocrx_word' id='word_1_437' title='bbox 810 3696 1030 3784; x_wconf 88' lang='lat' dir='ltr'>Anatomias,</span> <span class='ocrx_word' id='word_1_438' title='bbox 1080 3699 1124 3766; x_wconf 92' lang='lat' dir='ltr'>de</span> <span class='ocrx_word' id='word_1_439' title='bbox 1141 3699 1253 3766; x_wconf 87' lang='lat' dir='ltr'>forma</span> <span class='ocrx_word' id='word_1_440' title='bbox 1272 3697 1451 3766; x_wconf 85' lang='lat' dir='ltr'>doctrinae</span> <span class='ocrx_word' id='word_1_441' title='bbox 1467 3697 1621 3768; x_wconf 87' lang='lat' dir='ltr'>arbitror</span> <span class='ocrx_word' id='word_1_442' title='bbox 1636 3697 1712 3765; x_wconf 89' lang='lat' dir='ltr'>sine</span> <span class='ocrx_word' id='word_1_443' title='bbox 1725 3698 1798 3766; x_wconf 92' lang='lat' dir='ltr'>odii</span> <span class='ocrx_word' id='word_1_444' title='bbox 1813 3711 1848 3767; x_wconf 81' lang='lat' dir='ltr'>et</span> <span class='ocrx_word' id='word_1_445' title='bbox 1864 3697 2065 3766; x_wconf 87' lang='lat' dir='ltr'>animorum</span> 
     </span>
     <span class='ocr_line' id='line_1_35' title="bbox 51 3794 2068 3897; baseline -0.002 -27"><span class='ocrx_word' id='word_1_446' title='bbox 51 3809 141 3897; x_wconf 66' lang='lat' dir='ltr'>&#39;quod</span> <span class='ocrx_word' id='word_1_447' title='bbox 157 3802 579 3874; x_wconf 89' lang='lat' dir='ltr'>institutionedomestica</span> <span class='ocrx_word' id='word_1_448' title='bbox 596 3804 640 3870; x_wconf 92' lang='lat' dir='ltr'>ad</span> <span class='ocrx_word' id='word_1_449' title='bbox 655 3801 892 3892; x_wconf 88' lang='lat' dir='ltr'>inspiciendas</span> <span class='ocrx_word' id='word_1_450' title='bbox 904 3801 1030 3869; x_wconf 87' lang='lat' dir='ltr'>sectio-</span> <span class='ocrx_word' id='word_1_451' title='bbox 1081 3799 1277 3868; x_wconf 83' lang='lat' dir='ltr'>offensione</span> <span class='ocrx_word' id='word_1_452' title='bbox 1293 3800 1415 3867; x_wconf 82' lang='lat' dir='ltr'>luisse:</span> <span class='ocrx_word' id='word_1_453' title='bbox 1437 3811 1476 3867; x_wconf 90' lang='lat' dir='ltr'>ut</span> <span class='ocrx_word' id='word_1_454' title='bbox 1494 3822 1595 3890; x_wconf 90' lang='lat' dir='ltr'>saepe</span> <span class='ocrx_word' id='word_1_455' title='bbox 1609 3798 1888 3868; x_wconf 83' lang='lat' dir='ltr'>coniunctissimi</span> <span class='ocrx_word' id='word_1_456' title='bbox 1904 3794 2068 3866; x_wconf 89' lang='lat' dir='ltr'>homines</span> 
     </span>
     <span class='ocr_line' id='line_1_36' title="bbox 52 3897 2065 3989; baseline -0.005 -16"><span class='ocrx_word' id='word_1_457' title='bbox 52 3931 111 3974; x_wconf 92' lang='lat' dir='ltr'>nes</span> <span class='ocrx_word' id='word_1_458' title='bbox 130 3909 302 3978; x_wconf 82' lang='lat' dir='ltr'>artificum</span> <span class='ocrx_word' id='word_1_459' title='bbox 328 3905 430 3972; x_wconf 89' lang='lat' dir='ltr'>liberi</span> <span class='ocrx_word' id='word_1_460' title='bbox 454 3905 539 3971; x_wconf 89' lang='lat' dir='ltr'>olim</span> <span class='ocrx_word' id='word_1_461' title='bbox 564 3903 755 3973; x_wconf 84' lang='lat' dir='ltr'>adsuefacti</span> <span class='ocrx_word' id='word_1_462' title='bbox 776 3902 874 3975; x_wconf 81' lang='lat' dir='ltr'>sint·</span> <span class='ocrx_word' id='word_1_463' title='bbox 910 3900 1030 3989; x_wconf 87' lang='lat' dir='ltr'>Quare</span> <span class='ocrx_word' id='word_1_464' title='bbox 1082 3899 1120 3968; x_wconf 94' lang='lat' dir='ltr'>in</span> <span class='ocrx_word' id='word_1_465' title='bbox 1138 3917 1281 3984; x_wconf 87' lang='lat' dir='ltr'>senatu,</span> <span class='ocrx_word' id='word_1_466' title='bbox 1307 3898 1505 3969; x_wconf 87' lang='lat' dir='ltr'>indicenda</span> <span class='ocrx_word' id='word_1_467' title='bbox 1523 3899 1715 3978; x_wconf 86' lang='lat' dir='ltr'>sententia,</span> <span class='ocrx_word' id='word_1_468' title='bbox 1740 3901 1816 3967; x_wconf 90' lang='lat' dir='ltr'>sine</span> <span class='ocrx_word' id='word_1_469' title='bbox 1836 3901 1908 3970; x_wconf 90' lang='lat' dir='ltr'>olla</span> <span class='ocrx_word' id='word_1_470' title='bbox 1927 3897 2065 3966; x_wconf 90' lang='lat' dir='ltr'>acerbi-</span> 
     </span>
     <span class='ocr_line' id='line_1_37' title="bbox 56 3995 2065 4086; baseline -0.003 -13"><span class='ocrx_word' id='word_1_471' title='bbox 56 4019 83 4075; x_wconf 88' lang='lat' dir='ltr'>et</span> <span class='ocrx_word' id='word_1_472' title='bbox 97 4033 134 4076; x_wconf 83' lang='lat' dir='ltr'>ex</span> <span class='ocrx_word' id='word_1_473' title='bbox 149 4008 259 4078; x_wconf 88' lang='lat' dir='ltr'>veteri</span> <span class='ocrx_word' id='word_1_474' title='bbox 272 4005 332 4076; x_wconf 90' lang='lat' dir='ltr'>illa</span> <span class='ocrx_word' id='word_1_475' title='bbox 348 4003 623 4086; x_wconf 89' lang='lat' dir='ltr'>consuetudine,</span> <span class='ocrx_word' id='word_1_476' title='bbox 645 4017 734 4074; x_wconf 80' lang='lat' dir='ltr'>etex</span> <span class='ocrx_word' id='word_1_477' title='bbox 751 4003 877 4072; x_wconf 91' lang='lat' dir='ltr'>studiis</span> <span class='ocrx_word' id='word_1_478' title='bbox 892 4000 1030 4073; x_wconf 88' lang='lat' dir='ltr'>Aristo·</span> <span class='ocrx_word' id='word_1_479' title='bbox 1082 4013 1150 4070; x_wconf 90' lang='lat' dir='ltr'>tate</span> <span class='ocrx_word' id='word_1_480' title='bbox 1168 4001 1395 4072; x_wconf 85' lang='lat' dir='ltr'>dissentiunt.</span> <span class='ocrx_word' id='word_1_481' title='bbox 1448 3999 1518 4070; x_wconf 87' lang='lat' dir='ltr'>Nec</span> <span class='ocrx_word' id='word_1_482' title='bbox 1533 4001 1600 4069; x_wconf 87' lang='lat' dir='ltr'>fuit</span> <span class='ocrx_word' id='word_1_483' title='bbox 1623 4002 1710 4068; x_wconf 89' lang='lat' dir='ltr'>adeo</span> <span class='ocrx_word' id='word_1_484' title='bbox 1734 3995 1841 4068; x_wconf 88' lang='lat' dir='ltr'>hebes</span> <span class='ocrx_word' id='word_1_485' title='bbox 1857 3996 2065 4069; x_wconf 88' lang='lat' dir='ltr'>Aristoteles</span> 
     </span>
     <span class='ocr_line' id='line_1_38' title="bbox 55 4100 2064 4201; baseline -0.005 -25"><span class='ocrx_word' id='word_1_486' title='bbox 55 4109 143 4192; x_wconf 90' lang='lat' dir='ltr'>telis,</span> <span class='ocrx_word' id='word_1_487' title='bbox 190 4129 282 4201; x_wconf 87' lang='lat' dir='ltr'>quae</span> <span class='ocrx_word' id='word_1_488' title='bbox 304 4121 420 4198; x_wconf 91' lang='lat' dir='ltr'>postea</span> <span class='ocrx_word' id='word_1_489' title='bbox 443 4119 559 4174; x_wconf 88' lang='lat' dir='ltr'>secuta</span> <span class='ocrx_word' id='word_1_490' title='bbox 581 4119 685 4186; x_wconf 88' lang='lat' dir='ltr'>sunt,</span> <span class='ocrx_word' id='word_1_491' title='bbox 707 4137 709 4142; x_wconf 95' lang='lat'>·</span> <span class='ocrx_word' id='word_1_492' title='bbox 733 4104 883 4174; x_wconf 90' lang='lat' dir='ltr'>indicari</span> <span class='ocrx_word' id='word_1_493' title='bbox 907 4116 1030 4194; x_wconf 88' lang='lat' dir='ltr'>potest,</span> <span class='ocrx_word' id='word_1_494' title='bbox 1082 4115 1213 4170; x_wconf 92' lang='lat' dir='ltr'>utnon</span> <span class='ocrx_word' id='word_1_495' title='bbox 1245 4101 1457 4170; x_wconf 87' lang='lat' dir='ltr'>intellexerit</span> <span class='ocrx_word' id='word_1_496' title='bbox 1481 4101 1642 4170; x_wconf 84' lang='lat' dir='ltr'>Platonis</span> <span class='ocrx_word' id='word_1_497' title='bbox 1673 4100 1840 4168; x_wconf 87' lang='lat' dir='ltr'>virtutes:</span> <span class='ocrx_word' id='word_1_498' title='bbox 1881 4123 1946 4168; x_wconf 90' lang='lat' dir='ltr'>nec</span> <span class='ocrx_word' id='word_1_499' title='bbox 1976 4101 2064 4167; x_wconf 90' lang='lat' dir='ltr'>adeo</span> 
     </span>
     <span class='ocr_line' id='line_1_39' title="bbox 56 4200 2063 4296; baseline -0.004 -20"><span class='ocrx_word' id='word_1_500' title='bbox 56 4211 142 4277; x_wconf 92' lang='lat' dir='ltr'>domi</span> <span class='ocrx_word' id='word_1_501' title='bbox 159 4210 416 4278; x_wconf 87' lang='lat' dir='ltr'>adolescentem</span> <span class='ocrx_word' id='word_1_502' title='bbox 434 4204 659 4296; x_wconf 89' lang='lat' dir='ltr'>Hippocratis</span> <span class='ocrx_word' id='word_1_503' title='bbox 674 4204 834 4274; x_wconf 85' lang='lat' dir='ltr'>doctriua</span> <span class='ocrx_word' id='word_1_504' title='bbox 851 4205 1029 4274; x_wconf 88' lang='lat' dir='ltr'>imbutum</span> <span class='ocrx_word' id='word_1_505' title='bbox 1082 4204 1225 4284; x_wconf 80' lang='lat' dir='ltr'>ferreos,</span> <span class='ocrx_word' id='word_1_506' title='bbox 1251 4215 1290 4270; x_wconf 91' lang='lat' dir='ltr'>ut</span> <span class='ocrx_word' id='word_1_507' title='bbox 1309 4226 1381 4268; x_wconf 90' lang='lat' dir='ltr'>non</span> <span class='ocrx_word' id='word_1_508' title='bbox 1397 4215 1624 4270; x_wconf 87' lang='lat' dir='ltr'>veneraretur</span> <span class='ocrx_word' id='word_1_509' title='bbox 1641 4223 1708 4268; x_wconf 86' lang='lat' dir='ltr'>eas.</span> <span class='ocrx_word' id='word_1_510' title='bbox 1738 4200 1845 4270; x_wconf 87' lang='lat' dir='ltr'>Nulla</span> <span class='ocrx_word' id='word_1_511' title='bbox 1863 4202 1931 4270; x_wconf 87' lang='lat' dir='ltr'>fuit</span> <span class='ocrx_word' id='word_1_512' title='bbox 1946 4200 2063 4269; x_wconf 87' lang='lat' dir='ltr'>cuius-</span> 
     </span>
     <span class='ocr_line' id='line_1_40' title="bbox 52 4301 2064 4400; baseline -0.003 -24"><span class='ocrx_word' id='word_1_513' title='bbox 52 4314 130 4378; x_wconf 77' lang='lat' dir='ltr'>&#39;esso</span> <span class='ocrx_word' id='word_1_514' title='bbox 179 4309 270 4380; x_wconf 87' lang='lat' dir='ltr'>Nam</span> <span class='ocrx_word' id='word_1_515' title='bbox 288 4335 307 4377; x_wconf 89' lang='lat' dir='ltr'>a</span> <span class='ocrx_word' id='word_1_516' title='bbox 326 4323 421 4400; x_wconf 88' lang='lat' dir='ltr'>patre</span> <span class='ocrx_word' id='word_1_517' title='bbox 443 4307 656 4377; x_wconf 89' lang='lat' dir='ltr'>destinatum</span> <span class='ocrx_word' id='word_1_518' title='bbox 679 4329 751 4374; x_wconf 87' lang='lat' dir='ltr'>esse</span> <span class='ocrx_word' id='word_1_519' title='bbox 776 4305 931 4374; x_wconf 89' lang='lat' dir='ltr'>medicae</span> <span class='ocrx_word' id='word_1_520' title='bbox 951 4304 1031 4388; x_wconf 90' lang='lat' dir='ltr'>arti,</span> <span class='ocrx_word' id='word_1_521' title='bbox 1082 4325 1186 4394; x_wconf 87' lang='lat' dir='ltr'>quam</span> <span class='ocrx_word' id='word_1_522' title='bbox 1203 4303 1404 4394; x_wconf 90' lang='lat' dir='ltr'>eloquentia</span> <span class='ocrx_word' id='word_1_523' title='bbox 1427 4315 1543 4384; x_wconf 89' lang='lat' dir='ltr'>tanta,</span> <span class='ocrx_word' id='word_1_524' title='bbox 1569 4301 1669 4369; x_wconf 90' lang='lat' dir='ltr'>cuius</span> <span class='ocrx_word' id='word_1_525' title='bbox 1690 4315 1809 4371; x_wconf 83' lang='lat' dir='ltr'>extent</span> <span class='ocrx_word' id='word_1_526' title='bbox 1834 4314 2064 4370; x_wconf 88' lang='lat' dir='ltr'>monumenta</span> 
     </span>
     <span class='ocr_line' id='line_1_41' title="bbox 55 4399 2063 4502; baseline -0.004 -26"><span class='ocrx_word' id='word_1_527' title='bbox 55 4409 130 4478; x_wconf 92' lang='lat' dir='ltr'>inde</span> <span class='ocrx_word' id='word_1_528' title='bbox 143 4413 304 4501; x_wconf 86' lang='lat' dir='ltr'>adparet,</span> <span class='ocrx_word' id='word_1_529' title='bbox 329 4407 436 4502; x_wconf 38' lang='lat' dir='ltr'>quod*</span> <span class='ocrx_word' id='word_1_530' title='bbox 448 4408 569 4478; x_wconf 85' lang='lat' dir='ltr'>scribit</span> <span class='ocrx_word' id='word_1_531' title='bbox 585 4401 789 4475; x_wconf 84' lang='lat' dir='ltr'>Athenaeus</span> <span class='ocrx_word' id='word_1_532' title='bbox 812 4405 872 4481; x_wconf 89' lang='lat' dir='ltr'>lib.</span> <span class='ocrx_word' id='word_1_533' title='bbox 888 4406 922 4478; x_wconf 82' lang='grc'>8.</span> <span class='ocrx_word' id='word_1_534' title='bbox 944 4407 1031 4474; x_wconf 92' lang='lat' dir='ltr'>ado-</span> <span class='ocrx_word' id='word_1_535' title='bbox 1083 4403 1119 4470; x_wconf 93' lang='lat' dir='ltr'>in</span> <span class='ocrx_word' id='word_1_536' title='bbox 1137 4403 1266 4486; x_wconf 89' lang='lat' dir='ltr'>literis,</span> <span class='ocrx_word' id='word_1_537' title='bbox 1289 4415 1419 4496; x_wconf 88' lang='lat' dir='ltr'>quanta</span> <span class='ocrx_word' id='word_1_538' title='bbox 1435 4415 1487 4471; x_wconf 90' lang='lat' dir='ltr'>est</span> <span class='ocrx_word' id='word_1_539' title='bbox 1502 4400 1671 4472; x_wconf 89' lang='lat' dir='ltr'>Platonis.</span> <span class='ocrx_word' id='word_1_540' title='bbox 1714 4399 1786 4472; x_wconf 86' lang='lat' dir='ltr'>Res</span> <span class='ocrx_word' id='word_1_541' title='bbox 1800 4404 1956 4472; x_wconf 89' lang='lat' dir='ltr'>continet</span> <span class='ocrx_word' id='word_1_542' title='bbox 1971 4401 2063 4470; x_wconf 81' lang='lat' dir='ltr'>nod-</span> 
     </span>
     <span class='ocr_line' id='line_1_42' title="bbox 55 4500 2064 4599; baseline -0.006 -19"><span class='ocrx_word' id='word_1_543' title='bbox 55 4512 232 4582; x_wconf 89' lang='lat' dir='ltr'>lescentem</span> <span class='ocrx_word' id='word_1_544' title='bbox 247 4507 398 4580; x_wconf 85' lang='lat' dir='ltr'>Athenis</span> <span class='ocrx_word' id='word_1_545' title='bbox 414 4503 720 4599; x_wconf 88' lang='lat' dir='ltr'>pharmacopolam</span> <span class='ocrx_word' id='word_1_546' title='bbox 737 4507 855 4580; x_wconf 86' lang='lat' dir='ltr'>fuisse.</span> <span class='ocrx_word' id='word_1_547' title='bbox 1082 4517 1134 4574; x_wconf 89' lang='lat' dir='ltr'>tas</span> <span class='ocrx_word' id='word_1_548' title='bbox 1159 4503 1415 4595; x_wconf 88' lang='lat' dir='ltr'>sapientissime</span> <span class='ocrx_word' id='word_1_549' title='bbox 1441 4503 1626 4592; x_wconf 83' lang='lat' dir='ltr'>cogitatas,</span> <span class='ocrx_word' id='word_1_550' title='bbox 1666 4503 1796 4573; x_wconf 89' lang='lat' dir='ltr'>deinde</span> <span class='ocrx_word' id='word_1_551' title='bbox 1826 4500 1997 4594; x_wconf 86' lang='lat' dir='ltr'>splendor</span> <span class='ocrx_word' id='word_1_552' title='bbox 2026 4501 2064 4568; x_wconf 91' lang='lat' dir='ltr'>in</span> 
     </span>
     <span class='ocr_line' id='line_1_43' title="bbox 151 4604 2064 4698; baseline -0.005 -18"><span class='ocrx_word' id='word_1_553' title='bbox 151 4613 258 4682; x_wconf 88' lang='lat' dir='ltr'>Venit</span> <span class='ocrx_word' id='word_1_554' title='bbox 271 4627 387 4682; x_wconf 87' lang='lat' dir='ltr'>autern</span> <span class='ocrx_word' id='word_1_555' title='bbox 404 4606 561 4680; x_wconf 85' lang='lat' dir='ltr'>Athenas</span> <span class='ocrx_word' id='word_1_556' title='bbox 583 4623 685 4678; x_wconf 90' lang='lat' dir='ltr'>natus</span> <span class='ocrx_word' id='word_1_557' title='bbox 709 4630 823 4677; x_wconf 88' lang='lat' dir='ltr'>annos</span> <span class='ocrx_word' id='word_1_558' title='bbox 846 4609 1030 4698; x_wconf 89' lang='lat' dir='ltr'>septende·</span> <span class='ocrx_word' id='word_1_559' title='bbox 1082 4606 1298 4695; x_wconf 84' lang='lat' dir='ltr'>expositione</span> <span class='ocrx_word' id='word_1_560' title='bbox 1327 4618 1446 4675; x_wconf 88' lang='lat' dir='ltr'>tantus</span> <span class='ocrx_word' id='word_1_561' title='bbox 1473 4617 1544 4688; x_wconf 90' lang='lat' dir='ltr'>est,</span> <span class='ocrx_word' id='word_1_562' title='bbox 1581 4615 1621 4675; x_wconf 92' lang='lat' dir='ltr'>ut</span> <span class='ocrx_word' id='word_1_563' title='bbox 1652 4604 1796 4697; x_wconf 87' lang='lat' dir='ltr'>quidam</span> <span class='ocrx_word' id='word_1_564' title='bbox 1825 4621 1959 4676; x_wconf 88' lang='lat' dir='ltr'>veteres</span> <span class='ocrx_word' id='word_1_565' title='bbox 1990 4625 2064 4671; x_wconf 92' lang='lat' dir='ltr'>non</span> 
     </span>
     <span class='ocr_line' id='line_1_44' title="bbox 57 4703 2140 4802; baseline -0.005 -22"><span class='ocrx_word' id='word_1_566' title='bbox 57 4715 128 4782; x_wconf 85' lang='lat' dir='ltr'>eim.</span> <span class='ocrx_word' id='word_1_567' title='bbox 176 4711 310 4782; x_wconf 90' lang='lat' dir='ltr'>Didicit</span> <span class='ocrx_word' id='word_1_568' title='bbox 325 4713 434 4802; x_wconf 81' lang='lat' dir='ltr'>igitur</span> <span class='ocrx_word' id='word_1_569' title='bbox 447 4711 647 4780; x_wconf 89' lang='lat' dir='ltr'>adolescens</span> <span class='ocrx_word' id='word_1_570' title='bbox 662 4703 855 4801; x_wconf 86' lang='lat' dir='ltr'>Physicen‚</span> <span class='ocrx_word' id='word_1_571' title='bbox 885 4709 1030 4776; x_wconf 90' lang='lat' dir='ltr'>morbo-</span> <span class='ocrx_word' id='word_1_572' title='bbox 1081 4707 1201 4796; x_wconf 92' lang='lat' dir='ltr'>inepte</span> <span class='ocrx_word' id='word_1_573' title='bbox 1231 4705 1406 4788; x_wconf 88' lang='lat' dir='ltr'>dixerint,</span> <span class='ocrx_word' id='word_1_574' title='bbox 1448 4703 1585 4790; x_wconf 89' lang='lat' dir='ltr'>lovem,</span> <span class='ocrx_word' id='word_1_575' title='bbox 1624 4704 1654 4774; x_wconf 90' lang='lat' dir='ltr'>si</span> <span class='ocrx_word' id='word_1_576' title='bbox 1684 4706 1867 4776; x_wconf 89' lang='lat' dir='ltr'>locuturus</span> <span class='ocrx_word' id='word_1_577' title='bbox 1889 4717 1977 4774; x_wconf 88' lang='lat' dir='ltr'>esset</span> <span class='ocrx_word' id='word_1_578' title='bbox 1997 4713 2063 4770; x_wconf 81' lang='lat' dir='ltr'>no&#39;-</span> <span class='ocrx_word' id='word_1_579' title='bbox 2136 4787 2140 4794; x_wconf 26' lang='grc'><strong>,</strong></span> 
     </span>
    </p>
   </div>
   <div class='ocr_carea' id='block_1_5' title="bbox 57 4801 2190 4901">
    <p class='ocr_par' dir='ltr' id='par_1_5' title="bbox 57 4801 2190 4901">
     <span class='ocr_line' id='line_1_45' title="bbox 57 4801 2190 4901; baseline -0.006 -20"><span class='ocrx_word' id='word_1_580' title='bbox 57 4837 127 4881; x_wconf 85' lang='lat' dir='ltr'>mm</span> <span class='ocrx_word' id='word_1_581' title='bbox 144 4827 314 4884; x_wconf 87' lang='lat' dir='ltr'>causas-et</span> <span class='ocrx_word' id='word_1_582' title='bbox 330 4812 711 4901; x_wconf 59' lang='lat' dir='ltr'>remedia,‘plantarum</span> <span class='ocrx_word' id='word_1_583' title='bbox 725 4823 759 4879; x_wconf 90' lang='lat' dir='ltr'>et</span> <span class='ocrx_word' id='word_1_584' title='bbox 773 4809 921 4878; x_wconf 87' lang='lat' dir='ltr'>aliarum</span> <span class='ocrx_word' id='word_1_585' title='bbox 937 4809 1030 4878; x_wconf 90' lang='lat' dir='ltr'>mul·</span> <span class='ocrx_word' id='word_1_586' title='bbox 1081 4806 1237 4892; x_wconf 88' lang='lat' dir='ltr'>hiscum,</span> <span class='ocrx_word' id='word_1_587' title='bbox 1277 4806 1436 4877; x_wconf 91' lang='lat' dir='ltr'>Platonis</span> <span class='ocrx_word' id='word_1_588' title='bbox 1468 4830 1631 4876; x_wconf 89' lang='lat' dir='ltr'>sermone</span> <span class='ocrx_word' id='word_1_589' title='bbox 1662 4831 1809 4876; x_wconf 91' lang='lat' dir='ltr'>usurum</span> <span class='ocrx_word' id='word_1_590' title='bbox 1837 4829 1923 4878; x_wconf 89' lang='lat' dir='ltr'>esse.</span> <span class='ocrx_word' id='word_1_591' title='bbox 1984 4801 2063 4872; x_wconf 85' lang='lat' dir='ltr'>Hoc</span> <span class='ocrx_word' id='word_1_592' title='bbox 2184 4827 2190 4848; x_wconf 86' lang='lat'><strong>·</strong></span> 
     </span>
    </p>
   </div>
   <div class='ocr_carea' id='block_1_6' title="bbox 56 4905 2081 5514">
    <p class='ocr_par' dir='ltr' id='par_1_6' title="bbox 56 4905 2081 5514">
     <span class='ocr_line' id='line_1_46' title="bbox 56 4905 2064 5001; baseline -0.005 -20"><span class='ocrx_word' id='word_1_593' title='bbox 56 4927 161 4984; x_wconf 72' lang='lat' dir='ltr'>tarnis</span> <span class='ocrx_word' id='word_1_594' title='bbox 179 4940 295 4985; x_wconf 91' lang='lat' dir='ltr'>rerum</span> <span class='ocrx_word' id='word_1_595' title='bbox 312 4915 508 4984; x_wconf 89' lang='lat' dir='ltr'>salubrium</span> <span class='ocrx_word' id='word_1_596' title='bbox 525 4925 678 4980; x_wconf 85' lang='lat' dir='ltr'>naturas.</span> <span class='ocrx_word' id='word_1_597' title='bbox 718 4909 812 4982; x_wconf 90' lang='lat' dir='ltr'>Haec</span> <span class='ocrx_word' id='word_1_598' title='bbox 829 4909 1028 4978; x_wconf 89' lang='lat' dir='ltr'>rudimenta</span> <span class='ocrx_word' id='word_1_599' title='bbox 1078 4921 1219 4977; x_wconf 91' lang='lat' dir='ltr'>tantum</span> <span class='ocrx_word' id='word_1_600' title='bbox 1234 4910 1351 4994; x_wconf 86' lang='lat' dir='ltr'>decus,</span> <span class='ocrx_word' id='word_1_601' title='bbox 1365 4909 1445 4978; x_wconf 90' lang='lat' dir='ltr'>talis</span> <span class='ocrx_word' id='word_1_602' title='bbox 1460 4923 1584 4977; x_wconf 91' lang='lat' dir='ltr'>natura</span> <span class='ocrx_word' id='word_1_603' title='bbox 1598 4909 1714 5001; x_wconf 83' lang='lat' dir='ltr'>¹qualis</span> <span class='ocrx_word' id='word_1_604' title='bbox 1728 4909 1767 4976; x_wconf 91' lang='lat' dir='ltr'>in</span> <span class='ocrx_word' id='word_1_605' title='bbox 1774 4905 1964 4992; x_wconf 80' lang='lat' dir='ltr'>Aristotele</span> <span class='ocrx_word' id='word_1_606' title='bbox 1979 4917 2064 4986; x_wconf 90' lang='lat' dir='ltr'>erat,</span> 
     </span>
     <span class='ocr_line' id='line_1_47' title="bbox 58 5003 2081 5101; baseline -0.004 -20"><span class='ocrx_word' id='word_1_607' title='bbox 58 5035 253 5101; x_wconf 84' lang='lat' dir='ltr'>generosum</span> <span class='ocrx_word' id='word_1_608' title='bbox 270 5017 448 5094; x_wconf 88' lang='lat' dir='ltr'>animum,</span> <span class='ocrx_word' id='word_1_609' title='bbox 470 5013 526 5082; x_wconf 92' lang='lat' dir='ltr'>cui</span> <span class='ocrx_word' id='word_1_610' title='bbox 542 5027 666 5082; x_wconf 88' lang='lat' dir='ltr'>natura</span> <span class='ocrx_word' id='word_1_611' title='bbox 686 5035 781 5082; x_wconf 89' lang='lat' dir='ltr'>acres</span> <span class='ocrx_word' id='word_1_612' title='bbox 804 5011 846 5079; x_wconf 88' lang='lat' dir='ltr'>ad</span> <span class='ocrx_word' id='word_1_613' title='bbox 864 5005 1030 5078; x_wconf 87' lang='lat' dir='ltr'>Philoso·</span> <span class='ocrx_word' id='word_1_614' title='bbox 1080 5003 1176 5079; x_wconf 88' lang='lat' dir='ltr'>haud</span> <span class='ocrx_word' id='word_1_615' title='bbox 1195 5009 1303 5078; x_wconf 89' lang='lat' dir='ltr'>dubie</span> <span class='ocrx_word' id='word_1_616' title='bbox 1319 5023 1352 5078; x_wconf 90' lang='lat' dir='ltr'>et</span> <span class='ocrx_word' id='word_1_617' title='bbox 1368 5009 1567 5079; x_wconf 87' lang='lat' dir='ltr'>mirabatur</span> <span class='ocrx_word' id='word_1_618' title='bbox 1581 5023 1616 5080; x_wconf 91' lang='lat' dir='ltr'>et</span> <span class='ocrx_word' id='word_1_619' title='bbox 1631 5011 1793 5096; x_wconf 89' lang='lat' dir='ltr'>amabat,</span> <span class='ocrx_word' id='word_1_620' title='bbox 1817 5021 1857 5076; x_wconf 93' lang='lat' dir='ltr'>ut</span> <span class='ocrx_word' id='word_1_621' title='bbox 1872 5030 1928 5076; x_wconf 86' lang='lat' dir='ltr'>res</span> <span class='ocrx_word' id='word_1_622' title='bbox 1943 5019 2081 5094; x_wconf 87' lang='lat' dir='ltr'>osten-·</span> 
     </span>
     <span class='ocr_line' id='line_1_48' title="bbox 59 5106 2062 5211; baseline -0.003 -31"><span class='ocrx_word' id='word_1_623' title='bbox 59 5111 342 5211; x_wconf 88' lang='lat' dir='ltr'>phiam&#39;impetus</span> <span class='ocrx_word' id='word_1_624' title='bbox 364 5115 554 5198; x_wconf 85' lang='lat' dir='ltr'>inseverat,</span> <span class='ocrx_word' id='word_1_625' title='bbox 580 5115 681 5184; x_wconf 86' lang='lat' dir='ltr'>facile</span> <span class='ocrx_word' id='word_1_626' title='bbox 704 5115 955 5183; x_wconf 90' lang='lat' dir='ltr'>accenderunt:</span> <span class='ocrx_word' id='word_1_627' title='bbox 990 5119 1030 5183; x_wconf 90' lang='lat' dir='ltr'>nt</span> <span class='ocrx_word' id='word_1_628' title='bbox 1080 5110 1144 5178; x_wconf 87' lang='lat' dir='ltr'>dit.</span> <span class='ocrx_word' id='word_1_629' title='bbox 1183 5106 1262 5179; x_wconf 86' lang='lat' dir='ltr'>Etsi</span> <span class='ocrx_word' id='word_1_630' title='bbox 1280 5111 1375 5178; x_wconf 91' lang='lat' dir='ltr'>enim</span> <span class='ocrx_word' id='word_1_631' title='bbox 1389 5109 1571 5181; x_wconf 90' lang='lat' dir='ltr'>Platonica</span> <span class='ocrx_word' id='word_1_632' title='bbox 1586 5112 1758 5204; x_wconf 91' lang='lat' dir='ltr'>quaedam</span> <span class='ocrx_word' id='word_1_633' title='bbox 1774 5109 1920 5193; x_wconf 80' lang='lat' dir='ltr'>refutat,</span> <span class='ocrx_word' id='word_1_634' title='bbox 1946 5121 2062 5176; x_wconf 90' lang='lat' dir='ltr'>tamen</span> 
     </span>
     <span class='ocr_line' id='line_1_49' title="bbox 59 5203 2063 5310; baseline -0.005 -26"><span class='ocrx_word' id='word_1_635' title='bbox 59 5239 128 5286; x_wconf 83' lang='lat' dir='ltr'>curn</span> <span class='ocrx_word' id='word_1_636' title='bbox 144 5220 292 5288; x_wconf 88' lang='lat' dir='ltr'>venisset</span> <span class='ocrx_word' id='word_1_637' title='bbox 306 5212 482 5300; x_wconf 84' lang='lat' dir='ltr'>Athenas,</span> <span class='ocrx_word' id='word_1_638' title='bbox 508 5239 597 5310; x_wconf 91' lang='lat' dir='ltr'>quae</span> <span class='ocrx_word' id='word_1_639' title='bbox 618 5230 703 5284; x_wconf 84' lang='lat' dir='ltr'>tune</span> <span class='ocrx_word' id='word_1_640' title='bbox 726 5228 825 5283; x_wconf 89' lang='lat' dir='ltr'>erant</span> <span class='ocrx_word' id='word_1_641' title='bbox 847 5211 1028 5282; x_wconf 87' lang='lat' dir='ltr'>doctrinae</span> <span class='ocrx_word' id='word_1_642' title='bbox 1078 5211 1208 5280; x_wconf 87' lang='lat' dir='ltr'>multas</span> <span class='ocrx_word' id='word_1_643' title='bbox 1224 5213 1328 5280; x_wconf 89' lang='lat' dir='ltr'>abeo</span> <span class='ocrx_word' id='word_1_644' title='bbox 1341 5212 1544 5296; x_wconf 89' lang='lat' dir='ltr'>sententias,</span> <span class='ocrx_word' id='word_1_645' title='bbox 1570 5212 1678 5282; x_wconf 90' lang='lat' dir='ltr'>multa</span> <span class='ocrx_word' id='word_1_646' title='bbox 1696 5203 1903 5280; x_wconf 84' lang='lat' dir='ltr'>ornamenta</span> <span class='ocrx_word' id='word_1_647' title='bbox 1920 5221 2063 5276; x_wconf 91' lang='lat' dir='ltr'>mutua-</span> 
     </span>
     <span class='ocr_line' id='line_1_50' title="bbox 59 5309 2064 5407; baseline -0.003 -24"><span class='ocrx_word' id='word_1_648' title='bbox 59 5319 306 5404; x_wconf 89' lang='lat' dir='ltr'>domicilium,·</span> <span class='ocrx_word' id='word_1_649' title='bbox 330 5342 369 5388; x_wconf 87' lang='lat' dir='ltr'>ac</span> <span class='ocrx_word' id='word_1_650' title='bbox 391 5316 645 5407; x_wconf 87' lang='lat' dir='ltr'>disputationes</span> <span class='ocrx_word' id='word_1_651' title='bbox 670 5317 890 5387; x_wconf 89' lang='lat' dir='ltr'>eruditorum</span> <span class='ocrx_word' id='word_1_652' title='bbox 917 5315 1029 5402; x_wconf 80' lang='lat' dir='ltr'>degn·</span> <span class='ocrx_word' id='word_1_653' title='bbox 1078 5325 1148 5384; x_wconf 89' lang='lat' dir='ltr'>tur.</span> <span class='ocrx_word' id='word_1_654' title='bbox 1199 5309 1340 5384; x_wconf 89' lang='lat' dir='ltr'>Dicitur</span> <span class='ocrx_word' id='word_1_655' title='bbox 1352 5315 1477 5394; x_wconf 91' lang='lat' dir='ltr'>etiam,</span> <span class='ocrx_word' id='word_1_656' title='bbox 1508 5327 1547 5384; x_wconf 90' lang='lat' dir='ltr'>ut</span> <span class='ocrx_word' id='word_1_657' title='bbox 1562 5311 1813 5403; x_wconf 84' lang='lat' dir='ltr'>gratitudinem</span> <span class='ocrx_word' id='word_1_658' title='bbox 1829 5335 1929 5381; x_wconf 91' lang='lat' dir='ltr'>suam</span> <span class='ocrx_word' id='word_1_659' title='bbox 1946 5311 2064 5378; x_wconf 91' lang='lat' dir='ltr'>decla·</span> 
     </span>
     <span class='ocr_line' id='line_1_51' title="bbox 60 5408 2065 5514; baseline -0.003 -29"><span class='ocrx_word' id='word_1_660' title='bbox 60 5431 185 5507; x_wconf 81' lang='lat' dir='ltr'>stasset,</span> <span class='ocrx_word' id='word_1_661' title='bbox 214 5420 361 5514; x_wconf 88' lang='lat' dir='ltr'>propius</span> <span class='ocrx_word' id='word_1_662' title='bbox 374 5419 530 5511; x_wconf 87' lang='lat' dir='ltr'>aspicere</span> <span class='ocrx_word' id='word_1_663' title='bbox 544 5431 706 5488; x_wconf 87' lang='lat' dir='ltr'>naturam</span> <span class='ocrx_word' id='word_1_664' title='bbox 721 5429 881 5510; x_wconf 89' lang='lat' dir='ltr'>cuperet,</span> <span class='ocrx_word' id='word_1_665' title='bbox 914 5429 948 5488; x_wconf 90' lang='lat' dir='ltr'>et</span> <span class='ocrx_word' id='word_1_666' title='bbox 964 5440 1025 5507; x_wconf 89' lang='lat' dir='ltr'>pe-</span> <span class='ocrx_word' id='word_1_667' title='bbox 1077 5425 1191 5494; x_wconf 78' lang='lat' dir='ltr'>rerat,</span> <span class='ocrx_word' id='word_1_668' title='bbox 1223 5414 1502 5494; x_wconf 79' lang='lat' dir='ltr'>aram-Platoni,</span> <span class='ocrx_word' id='word_1_669' title='bbox 1532 5429 1573 5486; x_wconf 92' lang='lat' dir='ltr'>ut</span> <span class='ocrx_word' id='word_1_670' title='bbox 1593 5408 1718 5484; x_wconf 87' lang='lat' dir='ltr'>heroas</span> <span class='ocrx_word' id='word_1_671' title='bbox 1735 5409 1863 5484; x_wconf 86' lang='lat' dir='ltr'>Graeci</span> <span class='ocrx_word' id='word_1_672' title='bbox 1889 5413 2065 5494; x_wconf 86' lang='lat' dir='ltr'>colebant,</span> 
     </span>
    </p>
   </div>
   <div class='ocr_carea' id='block_1_7' title="bbox 0 0 2312 5815">
    <p class='ocr_par' dir='ltr' id='par_1_7' title="bbox 0 0 2312 5815">
     <span class='ocr_line' id='line_1_52' title="bbox 0 0 2312 5815; baseline 0 0"><span class='ocrx_word' id='word_1_673' title='bbox 0 0 2312 5815; x_wconf 95' lang='lat' dir='ltr'> </span> 
     </span>
    </p>
   </div>
  </div>
 </body>
</html>
