4646 5824
184 242 257 316 ιιι
756 229 921 318 usca.
966 233 1042 316 os
1071 201 1644 322 branucmunster.
1777 163 1780 172 ¹
2148 243 2225 320 ras

190 412 293 501 dicit,
312 411 392 492 iore
409 425 451 484 ot
464 408 603 486 etiamsi
619 409 875 505 aliqantisper
887 409 1045 506 quiescet
1059 437 1181 506 peres·
1231 411 1396 486 doram
1433 413 1618 500 morse,
1660 415 1751 508 puae
1783 405 1911 484 ιιιωιιι
1942 413 2229 508 'appellationum

193 531 290 598 tum,
309 516 436 599 idest,
461 527 502 586 nt
515 535 648 606 poenae
663 511 895 596 differantur,
926 527 968 586 ut
991 514 1097 590 multi
1116 513 1181 588 diu
1230 513 1524 606 significationem
1539 515 1808 608 igriorsreruut:
1823 515 1911 608 quid
1925 517 1971 588 sit
1983 517 2113 608 grstia
2133 518 2230 600 tides,

194 618 302 690 stulta
322 615 491 691 servitute
507 616 628 692 laxam
648 615 790 686 frenum
815 615 991 700 omuibus,
1004 616 1181 712 cupidita·
1233 615 1458 706 imtilicstio,
1489 617 1578 712 quid
1600 615 1740 689 intersit
1760 616 1855 688 iuter
1875 617 1986 710 legem
2010 614 2228 709 set-Evange-

195 721 310 804 tibus,
334 733 452 790 tamen
469 729 563 786 certo
572 717 708 809 poenas
721 729 901 806 secuturas
923 740 1006 790 esse.
1055 715 1182 792 Restat
1232 717 1343 805 lium,
1367 719 1658 813 iuterprseceptn
1676 732 1711 790 et
1726 717 1989 810 promissiones.
2031 717 2114 790 Has
2129 743 2231 790 voces

194 819 496 911 igituriudiciurn
521 813 712 910 posthanc
734 817 852 890 vitam.
911 813 1019 912 Apud
1036 816 1180 892 Esaiam
1231 820 1303 911 tegi
1317 823 1412 914 apud
1425 820 1578 900 Panium
1592 819 1708 902 scitis,
1734 820 1835 890 cuius
1848 833 1923 892 tota
1939 821 2229 916 oratioSibyllae

196 920 383 1014 copitezb.
399 920 544 1010 legitur:
572 917 684 992 Vetus
697 941 798 990 error
811 919 912 997 abiit.
962 917 1181 994 Haecverbs
1232 921 1331 994 iuliis
1344 923 1472 994 similis
1486 935 1557 1006 est,
1583 921 1653 994 nisi
1669 922 1784 992 lector
1803 922 1850 992 sd
1872 917 2019 1013 phrasin
2034 919 2231 996 ffiraicam

196 1038 435 1118 prorsussunt
449 1019 694 1114 suppositicia,
716 1045 796 1094 oum
811 1020 851 1092 in
869 1046 911 1094 eo
932 1021 1011 1096 loco
1033 1022 1183 1098 illustris
1232 1023 1448 1097 assuefactus
1462 1026 1519 1096 sit.
1570 1019 1619 1098 Et
1629 1022 1768 1114 cognita
1786 1016 1924 1114 phrasi,
1955 1023 2072 1096 facilis
2094 1039 2155 1096 est
2176 1026 2232 1094 di-

196 1125 357 1198 delinitio
371 1125 453 1199 lidei
466 1125 702 1196 contineatur:
730 1117 876 1214 Aperite
897 1138 1035 1216 portas,
1062 1137 1102 1198 ut
1123 1123 1183 1198 in·
1234 1123 1403 1198 iudicatio
1419 1126 1614 1198 multarum
1634 1125 1868 1196 maximarum
1890 1125 2233 1200 controversiarum.

196 1226 599 1320 gradiaturgeusiusta‚
631 1225 834 1296 custodiens
858 1225 981 1312 iidem,
1015 1249 1106 1320 quae
1130 1239 1183 1298 est
1234 1223 1327 1298 Cum
1344 1227 1454 1320 igitur
1467 1244 1607 1300 necesse
1619 1228 1666 1299 sit
1679 1226 1719 1296 in
1733 1221 1892 1298 Ecclesia
1903 1251 2111 1298 sermonem
2135 1229 2230 1297 diri-

196 1329 361 1420 cogitatio
383 1329 502 1412 firma,
528 1341 562 1398 tc
577 1349 698 1420 pacem
714 1340 935 1400 servaturum
949 1351 1024 1400 esse
1037 1351 1183 1420 speren-
1234 1353 1342 1412 num,
1367 1331 1497 1422 figuras
1514 1343 1549 1402 et
1563 1324 1710 1422 phrasin
1723 1327 1938 1420 intelligere,
1969 1331 2139 1402 studium
2162 1328 2233 1400 lin-

196 1433 291 1503 tibus
312 1431 352 1500 in
367 1445 411 1502 te.
464 1427 581 1518 Quam
596 1427 712 1500 dulcis
726 1430 923 1504 consolatio
942 1443 1016 1516 est,
1049 1443 1086 1502 et
1101 1454 1183 1524 per·
1234 1427 1507 1523 guseEbrsicae
1521 1429 1756 1502 necessarium
1770 1441 1833 1502 est.

196 1533 316 1626 spicua
342 1531 426 1602 fidei
450 1531 641 1622 descriptio
665 1543 813 1602 testatur
838 1531 944 1602 iidem
977 1553 1070 1617 esse,
1108 1557 1183 1604 non
1335 1531 1410 1604 Nec
1425 1534 1567 1606 iudiciis
1584 1527 1778 1626 prophanis
1792 1531 1838 1602 ab
1852 1525 1920 1602 hs:
1933 1530 2118 1604 sententia
2129 1553 2231 1602 men·

195 1649 334 1710 tanturn
349 1648 391 1706 ut
409 1635 598 1710 daemones
616 1633 786 1718 credunt,
819 1658 952 1727 poenas
973 1634 1076 1704 snalis
1099 1658 1183 1727 pro-
1235 1646 1287 1704 tes
1314 1633 1393 1728 pias
1418 1635 1550 1706 abduci
1570 1634 1691 1704 v'elim.
1745 1630 1787 1704 Si
1808 1656 1882 1710 uon
1901 1656 2027 1706 sumus
2044 1631 2233 1724 Epicurei,

192 1737 327 1832 positas
343 1757 432 1808 esse:
465 1737 525 1806 sed
543 1735 646 1807 illum
662 1757 862 1820 assensum,
898 1759 970 1829 quo
990 1733 1182 1828 acquiesci·
1235 1737 1296 1806 sed
1329 1759 1411 1808 vere
1432 1735 1621 1809 statuimus
1643 1745 1822 1806 aeternam
1843 1747 1996 1806 rnmrtem
2016 1728 2231 1806 architecta·

114 1855 117 1862 “
193 1861 274 1910 mus
287 1837 326 1910 in
344 1835 655 1931 promissionibus,
688 1849 726 1908 et
740 1835 927 1910 statuimus
940 1861 1007 1908 nos
1019 1837 1131 1930 recipi
1147 1851 1183 1910 et
1235 1835 1358 1908 tdcem
1376 1863 1510 1925 mrum,
1535 1852 1572 1910 et
1585 1833 1678 1908 hanc
1693 1831 1899 1906 qucrlesia
1915 1835 2129 1928 patefactam
2146 1859 2231 1922 esse,

195 1939 369 2014 exaudiri.
417 1937 539 2012 Lectio
554 1937 662 2029 igitur
680 1936 718 2008 in
737 1937 899 2010 lontibus
921 1937 1096 2010 illustrior
1118 1951 1183 2014 est.
1235 1935 1275 2008 in
1308 1939 1496 2012 eductione
1530 1937 1656 2034 populi
1682 1933 1867 2010 Israelitici
1899 1957 1941 2008 ex
1967 1933 2158 2032 Aegypto,
2198 1952 2231 2010 et

194 2043 265 2116 Sed
283 2041 409 2113 omitto
425 2035 517 2112 banc
538 2040 781 2132 exemplorum
804 2039 1069 2126 recitationem,
1101 2065 1183 2114 cum
1235 2040 1367 2114 deiude
1380 2041 1531 2116 mortuis
1543 2042 1583 2112 iu
1599 2041 1710 2111 vitam
1724 2036 1913 2108 revocatis:
1947 2049 1983 2109 et
2004 2040 2230 2110 voluntatem

86 2189 89 2196 ·
170 2143 328 2218 Psalmi
368 2142 469 2212 vobis
506 2141 546 2212 in
583 2139 791 2236 quotidiana
830 2142 1032 2234 precatione
1071 2143 1183 2214 mults
1235 2141 1334 2216 illius
1358 2157 1521 2216 aeternos
1546 2140 1676 2216 mentis
1699 2141 1936 2233 quaerendam
1968 2162 2043 2210 esse
2076 2163 2158 2212 non
2193 2141 2230 2210 in

86 2253 89 2260 '
195 2246 353 2338 exempla
369 2243 540 2328 offerant,
568 2267 658 2338 quae
673 2245 865 2316 ostendunt
880 2243 1076 2336 plurimum
1092 2243 1183 2316 lueis
1233 2239 1466 2339 Philosophia
1480 2257 1544 2318 aut
1556 2239 1724 2316 humanis
1732 2239 1890 2320 iudiciis‚'
1898 2242 1960 2310 sed
1974 2239 2013 2310 in
2026 2241 2103 2312 illis
2117 2255 2231 2312 aeter·

195 2349 375 2431 accedere,
418 2371 497 2418 cum
517 2342 671 2419 Ebruica
694 2345 799 2419 lectio
825 2345 1029 2438 inspicitur:
1070 2358 1111 2420 ut
1144 2345 1184 2416 in
1235 2347 1293 2418 uis
1308 2349 1476 2435 decmtis,
1500 2370 1590 2440 quae
1612 2358 1667 2418 tot
1684 2341 1789 2416 editis
1808 2342 2019 2414 testimoniis
2041 2343 2229 2436 proposita

195 2449 356 2522 Psalmo:
383 2444 542 2538 Exurgat
556 2461 642 2534 etc,
672 2446 757 2517 item
775 2447 814 2518 iu
826 2445 986 2518 Psalmo:
1011 2445 1091 2518 Nisi
1106 2443 1182 2520 Do·
1235 2463 1337 2535 sunt,
1357 2463 1392 2521 et
1407 2468 1498 2544 qsrae
1512 2447 1608 2518 filius
1622 2443 1879 2516 resurrectione
1900 2467 1963 2516 sus
1987 2445 2229 2516 confirmavit:

156 2581 158 2586 ·
194 2551 314 2622 minus
336 2549 574 2622 aedificaverit
597 2550 744 2620 domurn
769 2562 851 2636 eta,
890 2548 955 2620 ubi
977 2549 1065 2644 quid
1089 2547 1185 2622 dicat
1235 2573 1375 2622 necmsa
1397 2564 1467 2636 est,
1503 2571 1571 2621 uos
1592 2550 1733 2620 decusa
1754 2545 1879 2618 diviua
1898 2569 1940 2616 ex
1960 2569 2129 2618 sermone
2151 2547 2229 2630 Dei,

194 2654 386 2744 interpres,
431 2649 496 2720 filii
512 2645 542 2743 ⁸)
573 2672 818 2735 excussorum,
876 2669 982 2720 nemo
1013 2649 1184 2742 suspicari
1235 2677 1341 2746 quern
1366 2647 1565 2744 Prophetae
1592 2663 1626 2722 et
1652 2645 1817 2740 Apostoli
1849 2647 1963 2718 literis
1995 2651 2229 2731 mandarunt,

194 2768 311 2848 potest
325 2755 401 2824 sinc
420 2748 571 2824 Ebraica
584 2750 747 2822 lectione.
798 2747 946 2824 Constat
959 2751 1086 2843 igitur,
1118 2776 1183 2824 ne-
1235 2753 1390 2830 discere
1444 2753 1518 2826 Nec
1545 2751 1627 2824 lieet
1647 2772 1760 2823 novas
1777 2750 1823 2818 de
1844 2745 1922 2820 Deo
1945 2749 2157 2840 opiniones,
2196 2763 2228 2820 et

194 2857 340 2928 cessaria
356 2877 430 2925 esse
442 2854 584 2944 linguae
598 2849 772 2924 Ebraicae
783 2853 919 2950 studia,
943 2867 984 2926 ut
995 2855 1112 2926 fontes
1124 2855 1183 2928 in·
1235 2881 1329 2926 nova
1356 2853 1504 2927 numina
1533 2855 1684 2944 lingere,
1722 2863 1763 2922 nt
1791 2851 1971 2922 linxerunt
1991 2845 2144 2922 Ethnici
2167 2839 2228 2922 seu

193 2959 282 3052 spici
297 2956 449 3050 possint:
470 2956 566 3050 quod
582 2979 684 3048 saepe
699 2955 738 3026 in
750 2953 850 3026 omni
867 2956 1091 3028 enarratione
1106 2954 1183 3028 beri
1236 2953 1406 3049 Orpheus
1423 2969 1459 3028 et
1473 2954 1671 3028 Hesiodus:
1696 2953 1758 3024 sed
1780 2975 1821 3023 er
1845 2950 1956 3043 ipsius
1968 2947 2036 3022 Dei
2059 2973 2226 3024 sermone

193 3055 416 3132 necessest.
1235 3060 1444 3130 discendum
1459 3075 1530 3142 est,
1557 3055 1672 3150 qualis
1684 3053 1741 3137 sit,
1768 3055 1949 3146 quomodo
1961 3053 2122 3142 agnosci,
2146 3053 2226 3146 qui·

1235 3161 1302 3232 bus
1326 3159 1452 3232 officiis
1473 3159 1546 3230 coli
1566 3155 1666 3230 velit.
1734 3151 1828 3224 Vere
1858 3153 1966 3244 igitur
1987 3149 2152 3226 Ecclesia
2176 3167 2227 3226 est

1235 3262 1462 3353 grammatica
1475 3259 1651 3350 interpres
1665 3254 1780 3326 divini
1794 3255 1987 3346 sansonis,
2019 3259 2121 3348 qrsod
2139 3279 2224 3328 'cnm

1235 3365 1285 3436 its
1305 3363 1371 3450 sit,
1410 3361 1636 3456 perspicuum
1656 3371 1709 3430 est
1729 3357 1959 3429 necessariam
1983 3380 2057 3431 esse
2080 3358 2225 3448 linguae

1233 3461 1460 3560 propheticae
1476 3461 1733 3553 cognitionem,
1758 3457 1802 3528 iis
1816 3457 2040 3549 praesertim,
2069 3461 2155 3552 qni,
2186 3469 2224 3528 ut

1234 3566 1332 3654 diri,
1369 3569 1531 3638 custodes
1556 3577 1640 3636 sunt
1660 3558 1844 3632 doctrinae
1863 3559 2043 3644 coelestis,
2076 3575 2115 3632 et
2135 3582 2223 3656 qnos

1234 3668 1298 3742 alii
1312 3667 1531 3740 indoctiores
1546 3667 1591 3738 de
1607 3661 1695 3736 locis
1710 3659 1871 3736 obscuris
1888 3662 2095 3736 couniunt.

1336 3765 1495 3863 Exposui
1507 3789 1607 3838 veras
1621 3779 1658 3838 et
1672 3760 1886 3837 necessarias
1899 3785 2021 3836 caenas
2031 3763 2222 3836 discendae

293 3206 377 3282 Diri
402 3213 446 3281 dc
464 3211 594 3283 literis:
629 3233 725 3280 nunc
748 3206 864 3279 dicam
888 3211 1125 3282 communiter
1138 3209 1183 3281 de

194 3312 356 3384 oratione
376 3309 574 3400 Ecclesiae,
604 3335 693 3406 quae
714 3313 753 3380 in
775 3311 889 3382 literis
909 3307 1125 3407 propheticis
1149 3327 1183 3383 et

156 3445 159 3454 ⁴
194 3415 396 3504 apostolicis
418 3429 522 3490 extat.
579 3409 657 3486 Etsi
681 3427 912 3486 monumenta
926 3413 1182 3506 Apostolorum

194 3514 330 3587 Graece
347 3516 476 3608 scripta
492 3531 594 3602 sunt,
621 3529 739 3586 tamen
764 3539 844 3586 cum
867 3539 1006 3609 semper
1029 3517 1183 3589 adscitae

191 3617 335 3708 linguae
364 3619 517 3690 reserant
547 3617 702 3712 aliquem
735 3615 838 3710 quasi
863 3641 1005 3690 succum
1032 3620 1184 3706 nativae,

194 3721 351 3789 sermoni
378 3715 516 3791 Gracco
543 3719 674 3790 multae
699 3732 783 3790 sunt
808 3711 953 3811 phrases
984 3735 1019 3794 et
1051 3721 1183 3812 figurae

191 3817 364 3892 Ebraicae
379 3819 572 3892 admixtae:
599 3843 690 3916 qnae
703 3833 744 3890 ut
758 3833 850 3890 recte
863 3835 899 3892 et
913 3823 1034 3893 dextre
1048 3821 1182 3894 intelli·
1234 3871 1286 3942 lin
1390 3869 1563 3944 Ebmim
1655 3865 1935 3956 „nlmpud
1958 3859 2124 3936 homine,
2144 3865 2221 3935 1523.

192 3937 339 4012 gantur,
378 3923 493 3995 studia
529 3925 668 4014 linguae
690 3915 862 3992 Ebraicac
886 3921 925 3992 in
946 3917 1105 3998 Ecclesia
1122 3947 1182 3994 co-
1234 3895 1375 4046 ΜΨ
1407 3975 1447 4044 ui
1466 3889 1665 4044 doclrffnffg,
1687 3959 1868 4040 Ecclesia„
1889 3981 2010 4038 mm
2053 3989 2133 4039 „011
2156 3967 2220 4036 du.
2305 3967 2306 4042 ι

191 4026 298 4095 lenda
322 4039 415 4100 sunt.
466 4023 590 4096 Toties
613 4022 700 4094 dicit
715 4019 863 4093 Paulus:
897 4021 1038 4096 iusticia
1054 4023 1182 4096 Deiin
1234 4075 1268 4146 b.
1319 3999 1433 4146 ffl-
1506 4075 1515 4092 ·
1603 4069 1682 4143 Η·
1773 4067 1782 4086 ·
1840 4091 1875 4138 m
1944 4019 2026 4138 ,ι’
2128 4067 2218 4142 enm,
2305 4053 2306 4066 ¹

192 4123 389 4218 Evangelio
407 4127 574 4218 patefacta
596 4139 657 4198 est.
710 4121 789 4196 Hoc
808 4125 941 4198 dictum
965 4153 1067 4200 aures
1082 4127 1182 4199 Lati·
1232 4091 1326 4250 ἐξ
1344 4201 1382 4248 er
1398 4087 1655 4248 &dmm
1671 4091 2127 4243 Ἐοῗξωοὲἓωὲωρῖ
2147 4183 2219 4242 stu·

191 4253 258 4298 nae
275 4230 323 4300 ita
340 4229 534 4321 accipiunt,
560 4243 600 4300 ut
616 4229 644 4298 si
659 4227 850 4298 diceretur:
879 4227 1183 4302 iusticiaAlesan-
1233 4201 1342 4350 (μβ
1488 4277 1530 4348 fi,
1557 4275 1584 4348 it
1649 4193 1773 4344 vultu:
1798 4271 1870 4344 im„
1891 4271 1944 4344 15„
2045 4221 2215 4344 ’wart

193 4331 250 4400 dri
265 4328 472 4401 Macedonis
495 4332 634 4424 cognita
657 4345 708 4400 est
730 4329 769 4397 in
792 4327 974 4420 puniendo
997 4333 1182 4422 proditore
1232 4302 1409 4454 „wael”
1431 4301 1596 4450 ”³13⁸
1650 4295 1796 4448 minP
1846 4293 2099 4446 vultfflin
2113 4370 2218 4444 mini·

192 4431 306 4502 Darii.
358 4432 418 4502 Sic
443 4431 551 4524 igitur
574 4429 824 4502 intellexerunt
848 4433 973 4520 multi,
1005 4433 1180 4506 iusticiam
1233 4401 1710 4572 δῑξίῗοίἕὲἑῃῶωᾚηω
1728 4399 2131 4568 Εῷῑῃηψηωῑοώ,
2159 4472 2215 4544 Fi.

105 4521 119 4540 ‘
191 4535 258 4606 Dei
276 4533 479 4626 patefactam
499 4557 590 4620 esse,
615 4557 685 4625 qua
700 4529 798 4602 Deus
813 4545 864 4604 est
881 4533 994 4607 iustus
1017 4537 1122 4606 iudex
1148 4549 1195 4636 et¹
1233 4584 1408 4656 delium
1446 4595 1564 4654 amem
1603 4580 1812 4670 interpretes
1843 4577 2004 4668 linguam
2031 4574 2213 4648 Μαίη
2305 4597 2306 4664 ἦ

192 4637 339 4754 vinde&
367 4661 447 4754 eum
472 4635 583 4756 lqnge.
600 4633 698 4754 iliud
715 4631 862 4756 El’raica
886 4631 1024 4730 phmis
1046 4636 1181 4758 ἀμφ’
1233 4687 1339 4756 etiarn
1350 4708 1450 4756 senes
1468 4683 1672 4754 didicerunt
1716 4679 1800 4774 quia
1813 4679 2018 4750 iudicabant
2033 4679 2212 4752 lectionem

192 4751 263 4823 cet,
289 4737 474 4822 videlicet,
499 4753 676 4808 rustrcram
693 4731 761 4806 Der
786 4739 992 4828 patefactam
1019 4763 1109 4826 esse,
1143 4743 1179 4810 sd
1232 4783 1423 4858 Ebnioem
1438 4729 1691 4858 consulenda&

192 4855 260 4925 est,
293 4840 605 4930 approbationem,
639 4861 708 4930 qua
731 4837 827 4910 Deus
849 4864 915 4911 nos
936 4843 1080 4930 recipit,
1118 4867 1181 4914 seu

191 4941 299 5011 iustos
317 4941 539 5034 pronunciat.
576 4937 623 5012 Et
638 4963 737 5009 error
751 4939 945 5012 foecundus
962 4960 1032 5028 est,
1057 4969 1098 5014 ex
1115 4937 1180 5015 hac

191 5042 264 5132 ipsa
279 5039 558 5116 hallucinatione
571 5043 703 5114 multae
719 5041 827 5112 falsae
840 5043 1027 5136 opiniones
1049 5071 1180 5141 sequu-

189 5157 244 5214 tae
256 5159 350 5221 sunt.
386 5145 547 5218 Profecto
562 5145 799 5238 deplorandae
816 5160 900 5217 sunt
914 5149 1108 5258 multorum
1123 5173 1178 5221 se-

1706 4803 1798 4866 esse,
1822 4777 2123 4874 utllieronymus,
2146 4777 2212 4873 Ly·

1232 4909 1359 4974 canos,
1389 4885 1600 4978 Burgersis:
1636 4898 1672 4956 et
1696 4897 1821 4954 nostro
1843 4896 2001 4974 tempore
2019 4879 2211 4958 Gelasium,

1232 4987 1516 5082 Complntensis,
1555 4985 1772 5065 Wesselus,
1819 4980 1964 5076 Capito,
2002 4977 2211 5074 liudolphus
2305 4997 2306 5070 ι

1231 5087 1409 5182 Agricola,
1435 5107 1470 5164 et
1487 5090 1591 5162 multi
1604 5088 1677 5161 alii.
1698 5083 1847 5158 ,Verum
1860 5085 1923 5156 alii
1938 5084 2055 5174 ignari
2067 5085 2210 5175 linguae,
2305 5103 2306 5170 ι

1230 5191 1396 5284 utHugo,
1420 5207 1455 5264 et
1468 5191 1600 5262 similes
1614 5186 1729 5272 multi,
1756 5187 1876 5282 quales
1890 5203 1973 5258 sunt
1988 5181 2208 5280 interpretes?
2305 5217 2306 5272 ι

187 5325 374 5342 ·-···-·-···
826 5357 827 5362 ,
886 5291 889 5298 ’
971 5299 974 5306 ’
1227 5295 1366 5386 lignum
1384 5293 1657 5378 finduntclave,
1683 5304 1826 5361 etseras
1843 5289 2009 5388 aperiunt
2024 5287 2206 5388 securibus,
2305 5343 2306 5354 ι

221 5415 249 5480 ὃ)
270 5413 340 5470 cod·
360 5415 529 5472 Mnaseas.
540 5418 621 5484 W,
975 5459 981 5466 ,
1226 5411 1267 5470 ut
1289 5396 1329 5466 in
1351 5393 1541 5490 proverbio
1564 5392 1707 5468 dieitur.
1758 5387 1833 5478 Nec
1856 5414 1921 5484 ego
1944 5391 1989 5464 de
2010 5390 2204 5486 etiannum
