4616 5816
78 305 145 384 ⁴⁰⁵
344 382 410 402 ,.
622 294 1556 384 uuunuuunttneuonuuuaav,
1661 406 1666 416 Ι
2026 319 2109 396 m

77 501 151 552 rum
168 475 357 552 cruciatus.
409 471 464 548 lta
477 471 545 546 sub
559 485 700 568 tempus
721 473 850 548 excidii
865 474 988 568 populi
1005 471 1067 546 lo-
1113 470 1273 546 utillum
1288 473 1335 542 ad
1354 487 1516 546 aeternae
1533 477 1735 554 foelicitatis
1756 467 1873 558 sedern
1887 479 1973 562 ltine
1984 501 2104 564 ,trans-

75 579 181 664 dsici,
205 574 304 650 Deus
327 574 520 671 Apostolos
540 587 576 648 et
597 589 737 648 nocue
757 601 858 664 snos,
883 577 973 648 slio's
994 577 1065 648 alio
1113 575 1227 646 letum
1252 595 1326 646 esse
1347 599 1421 646 non
1445 579 1664 663 dubitamus,
1692 583 1740 655 its
1762 609 1827 658 nos
1844 613 2006 684 quinque,
2035 595 2101 668 ubi

73 703 160 765 caso,
185 681 315 771 partim
329 681 374 750 sd
393 698 430 750 se
446 679 688 765 transferebat,
712 679 842 770 partim
860 699 901 749 es
917 679 963 750 iis
977 677 1065 750 locis
1112 675 1264 746 miseriis
1278 669 1385 746 huius
1401 679 1495 750 vitae
1508 683 1681 772 perfuncti
1698 684 1848 768 erimus,
1880 692 2005 766 eodem
2020 719 2103 787 per·

71 783 282 867 abducebat,
306 803 372 874 per
386 797 478 875 quse
493 779 555 850 illa
572 774 751 852 horrenda
765 794 952 874 tempestas
969 779 1063 852 itura
1113 791 1282 848 venturos
1303 801 1375 850 esse
1392 780 1541 862 sumus,
1565 785 1724 858 obicum
1741 813 1802 870 eo,
1829 791 1978 886 aliisque
1999 819 2101 887 prae.

72 899 151 957 erat.
203 879 254 956 Et
272 882 419 956 luerunt
434 877 520 952 haec
537 877 786 974 semperhsud
800 883 950 953 obscura
966 882 1062 952 indi·
1112 877 1336 950 mittissimis
1352 904 1392 951 ac
1413 883 1643 956 sanctissimis
1659 888 1805 960 virisde
1819 893 1924 963 rebus
1939 898 2100 972 coelesti·
2216 927 2217 930 ¹
2252 875 2255 883 s

72 987 119 1058 cia
140 985 374 1056 maximarum
391 983 631 1055 calamitatum
652 983 956 1074 impendentium,
982 1007 1061 1053 eum
1111 982 1188 1064 bus,
1210 981 1256 1050 de
1272 979 1409 1052 infinita
1424 984 1583 1058 bonitate
1597 1013 1638 1058 ae
1654 991 1825 1080 sapientia
1843 989 1921 1078 Dei,
1946 1011 1981 1068 et
1997 1023 2100 1090 pree·

71 1087 154 1158 boni
178 1099 286 1180 atque
306 1085 359 1178 pii
379 1081 551 1176 paulutiiu
575 1106 640 1156 suo
661 1086 813 1179 quisque
834 1087 906 1156 isto
931 1085 1062 1156 sublati
1111 1082 1212 1172 cipue
1233 1083 1276 1151 de
1300 1077 1368 1153 hoc
1390 1085 1622 1158 inenarrabili
1649 1091 1818 1162 beneficio
1842 1095 1970 1185 ipsius,
2001 1105 2098 1194 quod

71 1201 166 1274 sunt,
190 1208 239 1258 nc
254 1199 393 1258 tantum
409 1187 568 1258 dolorem
587 1198 751 1277 caperent
767 1211 809 1256 es
825 1188 928 1258 ruina
952 1199 1062 1256 etva·
1110 1180 1243 1253 Filium
1272 1206 1374 1254 suum
1399 1209 1463 1276 pro
1486 1189 1593 1259 nobis
1618 1194 1860 1283 peccatoribus
1883 1200 2099 1272 redimendis

70 1289 182 1362 stitate
202 1305 344 1374 mensu,
375 1311 466 1358 neve
490 1287 529 1358 iu
552 1288 648 1379 ipsos
672 1311 815 1383 quoqne
837 1289 955 1382 aliqua
979 1311 1061 1379 pars
1110 1283 1276 1368 tradidit,
1300 1289 1637 1376 commentabimur,
1657 1317 1818 1388 quaeque
1833 1321 1929 1385 nuuc
1945 1303 2099 1376 tenebris

73 1415 188 1463 eornm
214 1390 388 1461 fluctuum
413 1389 642 1461 redundaret.
693 1389 775 1460 Non
799 1403 937 1461 tantum
962 1390 1057 1460 enim
1109 1381 1216 1458 huius
1232 1387 1346 1456 carnis
1362 1389 1524 1475 involuti,
1539 1394 1687 1464 obscure
1703 1398 1847 1468 acvelut
1862 1414 2098 1490 pertransen-

71 1515 129 1583 per
142 1492 357 1562 deiectiones
373 1491 477 1572 solis,
500 1503 560 1561 ant
585 1490 711 1575 lunae,
738 1513 801 1582 per
813 1491 934 1564 stellas
949 1491 1059 1561 crini·
1109 1505 1191 1556 uum
1205 1489 1400 1570 cernimus,
1426 1514 1466 1560 ea
1483 1507 1567 1591 tunc
1588 1496 1781 1566 clarissima
1797 1499 1835 1567 in
1851 1501 1930 1572 luce
1952 1525 2026 1574 nun
2044 1507 2099 1576 ri-

72 1607 137 1673 tas,
162 1615 228 1684 per
242 1593 425 1662 columnas
446 1591 539 1682 ignis
555 1591 593 1660 in
609 1595 688 1660 aire
706 1594 883 1678 volantes,
909 1617 973 1687 per
988 1592 1058 1662 alia
1108 1588 1269 1660 debimus
1284 1604 1440 1675 tantum,
1465 1595 1524 1662 sed
1544 1607 1578 1664 et
1593 1596 1631 1665 in
1648 1583 1831 1668 aeternum
1846 1601 1892 1671 iis
1906 1602 1944 1672 in
1961 1627 2097 1678 summa

71 1695 103 1764 id
124 1713 235 1784 genus
256 1706 411 1778 ostenta,
435 1693 571 1762 mundo
594 1692 739 1762 criticam
754 1695 854 1764 Deos
878 1715 1058 1786 praenun-
1107 1689 1245 1760 laeticia
1260 1703 1295 1760 et
1311 1692 1500 1764 foelicitate
1517 1698 1752 1784 perfruemur.
1793 1699 1978 1776 Praeclare
1992 1706 2099 1780 divus

73 1793 147 1879 ciat,
169 1796 232 1864 sed
248 1808 283 1866 et
298 1817 362 1884 per
374 1806 577 1864 sauctorum
591 1816 734 1863 suorum
752 1796 946 1875 interitum,
970 1815 1058 1888 quos
1106 1787 1327 1862 Beroardus:
1355 1791 1474 1878 Mors,
1498 1796 1637 1890 inquit,
1661 1799 1853 1891 impiorum
1870 1806 2018 1895 pessima
2035 1821 2097 1892 est,

71 1919 146 1966 curn
160 1895 262 1967 velut
276 1895 434 1965 triticum
450 1907 586 1985 separat
608 1895 812 1990 colligitque
828 1895 868 1964 in
880 1890 1055 1966 horreum
1106 1913 1259 1984 quorum
1275 1907 1310 1964 et
1324 1896 1490 1966 nativitas
1505 1900 1608 1984 mala,
1634 1910 1669 1970 et
1684 1903 1753 1974 vits
1772 1905 1882 1992 peior.
1928 1905 1998 1978 Sed
2015 1933 2098 2000 prs-

71 2019 184 2080 suum‚
209 1995 384 2085 significet
405 2017 442 2066 se
464 1996 571 2087 paulo
592 2009 674 2087 post
696 1996 863 2067 incendio
889 1997 1055 2068 daturum
1106 1993 1199 2064 cioca
1216 2017 1311 2064 mors
1325 2010 1375 2066 est
1389 2009 1602 2083 sanctorum,
1623 2001 1729 2092 plane
1743 2003 1903 2098 inquam,
1927 2010 2098 2100 preciosa,

71 2117 138 2168 esse
153 2097 283 2189 paleas
1105 2105 1146 2164 ut
1161 2119 1251 2187 quae
1265 2109 1300 2166 et
1324 2097 1404 2168 finis
1426 2098 1588 2170 laborum
1605 2116 1674 2187 est,
1699 2115 1734 2174 et
1749 2105 1917 2178 victoriae
1931 2128 2097 2184 consum·

160 2195 352 2270 Debebunt
365 2197 477 2287 igitur
492 2199 616 2268 saltem
631 2191 718 2268 haec
737 2199 893 2290 exempla
909 2199 954 2268 sd
972 2223 1055 2292 pos-
1105 2195 1235 2279 matio,
1268 2197 1455 2290 editusque
1473 2201 1636 2274 et‘iaous
1658 2207 1702 2274 sd
1728 2206 1837 2278 vitam
1857 2233 1896 2282 sc
1919 2225 2096 2286 aeternsso
2142 2249 2146 2256 ·

72 2299 251 2370 nitentium
273 2319 438 2370 revocare
461 2295 640 2378 homines,
666 2301 788 2369 sinon
808 2300 915 2390 plane
933 2323 1055 2370 escor-
1105 2297 1335 2368 securitatem.
1386 2297 1482 2375 Dixi.
1680 2289 1694 2308 ⁸

73 2405 144 2479 des,
169 2415 202 2472 et
217 2401 352 2470 obsessi
368 2425 387 2468 s
404 2399 534 2470 Satarm
547 2413 674 2470 esseut·
720 2399 790 2470 Sed
806 2401 956 2470 nimium
973 2425 1054 2470 vere

73 2502 154 2572 dixit
172 2499 315 2586 Esaias,
341 2501 407 2572 ista
430 2525 503 2570 non
519 2502 642 2572 ‘cssmri
665 2524 686 2570 a
707 2504 859 2586 mundo,
884 2503 1053 2572 enuntio
1107 2530 2096 2570 -···-····-·-----·—···---—---...

73 2603 207 2672 esitium
231 2626 358 2687 suum,
393 2616 426 2672 et
448 2603 594 2696 quidem
616 2597 788 2672 horribile
810 2615 916 2696 atque
942 2617 1051 2674 aeter·

72 2727 161 2788 num,
177 2699 352 2788 homines,
372 2727 446 2772 non
459 2727 558 2779 secus
573 2727 613 2774 ac
629 2702 692 2796 qui
704 2703 803 2774 rabie
815 2705 943 2774 conciti
959 2705 1053 2776 ferro
1109 2666 1282 2795 Q
1771 2761 1772 2764 ,
1903 2697 2068 2776 a¹¹·11539·

73 2828 108 2872 ac
120 2805 272 2895 propriis
288 2805 455 2874 dentibus
471 2805 603 2874 viscera
625 2827 688 2874 sna
712 2805 886 2890 lacerant,
909 2819 943 2876 et
958 2819 1053 2876 totus

72 2908 215 2976 mundus
231 2905 473 2976 tristissimum
490 2905 729 2998 spectaculum
744 2919 795 2977 est
809 2907 874 2977 ista
891 2907 1053 2978 conside-
1383 2881 1460 2968 De
1493 2883 1698 3001 (impleo
1726 2902 1808 2980 dic.

73 3008 167 3078 null·
220 3007 278 3076 pli
300 3031 384 3076 ΜΟ
405 3001 467 3128 hil
483 3007 650 3126 ‘xfmplh
672 3005 778 3076 ΜΕΝ
800 3030 897 3102 ΨΜ
923 3009 1053 3078 Μὴ·
1171 3053 1278 3110 Prodiit
1297 3053 1363 3114 haec
1382 3058 1470 3114 oratio
1492 3059 1574 3115 simul
1592 3049 1658 3118 ¹curu
1678 3063 1748 3120 allas
1774 3065 1899 3136 „Oratio
1919 3071 1939 3132 Ι.
1957 3073 2041 3132 lonas
2060 3079 2093 3135 dc

5 3145 6 3148 =
74 3121 181 3194 mant,
206 3131 250 3178 ac
270 3108 367 3178 velut
390 3131 410 3176 e
434 3133 634 3201 propinquo
657 3128 753 3200 spem
777 3132 876 3179 suam
892 3123 1052 3180 contem·
1204 3125 1482 3208 ssoottsusotegtots.
1518 3130 2093 3217 Dedmsuercrtpusvtsovvtossnte,

73 3208 222 3298 piantur,
251 3209 374 3278 vident
397 3209 467 3277 iam
495 3223 637 3300 portum
660 3210 927 3304 tranquillitatis
950 3225 1053 3304 atque
1203 3212 1305 3316 {isim
1327 3197 1841 3326 '‘3⁸¹3‘’blf⁰sslgf¹⁰mffl¹¹²¹thl⁰ff
1857 3238 1892 3248 ··
1910 3211 1968 3266 ···”
2003 3213 2093 3272 vissa.

73 3323 223 3381 edernae
237 3311 372 3396 salutis,
394 3311 434 3380 in
448 3335 554 3404 quem
571 3323 607 3381 et
620 3310 690 3402 ipsi
704 3335 746 3381 es
763 3305 830 3382 huc
844 3311 1052 3383 turbulento
1139 3377 1141 3380 .
1203 3302 1279 3412 spol
1292 3304 1367 3388 cist.
1379 3287 1649 3410 titytf‘pftlslqh,
1670 3273 1963 3406 tssheltshlill’jt'
1980 3280 2093 3421 ''Q‘'

73 3413 151 3482 mari
165 3411 339 3484 foeliciter
353 3411 425 3502 siut
438 3413 643 3503 ingressuri.
676 3409 811 3486 Vident
826 3426 950 3485 centra
965 3409 1051 3486 hor·-
1203 3417 1234 3454 ¹¹¹
1247 3399 1362 3462 sm·
1380 3401 1414 3458 Τ·
1428 3403 1463 3462 ¹¹·
1483 3424 1511 3478 Ρ·
1524 3404 1585 3464 ⁵9⁵·
1601 3419 1627 3462 ⁸²
1638 3409 1711 3480 spus
1723 3409 1852 3468 ffifflf‘l·
1870 3412 1904 3470 T·
1918 3413 1953 3472 ¹¹·
1968 3437 1995 3492 e·
2007 3391 2092 3478 Μ’

74 3515 190 3585 reodss
214 3513 389 3606 procellas
417 3527 451 3585 et
475 3509 690 3610 charybdes,
721 3537 810 3608 quae
831 3513 960 3606 impios
979 3515 1051 3587 sint

74 3615 302 3708 absorpturae,
326 3615 409 3685 illos
424 3627 582 3702 monent,
607 3613 798 3709 multisque
812 3639 893 3687 cum
908 3611 1051 3712 lachry-

35 3843 38 3858 .
73 3716 1051 3900 Etuzlttlffilizssgfftsiffi:stmffifflffffgr'gffffialffi
1100 3767 1294 3836 Bosortoe
1328 3761 1510 3840 liberatus
1547 3769 1606 3842 stt
1628 3775 1800 3866 periculo
1831 3780 1873 3849 ist
1905 3777 2114 3856 obsidione·

74 3915 141 3998 sea
150 3922 256 3991 surdo
273 3931 416 4006 canunt,
437 3945 552 4015 neque
567 3922 605 3992 id
620 3933 772 4006 tanturn,
797 3943 919 3992 verum
935 3935 970 3992 et
985 3946 1049 4013 pro
1105 3867 1398 3967 'mmmm'
1435 3875 1600 3970 ΜΨ
1631 3897 1727 3947 me
1759 3875 2019 3957 l⁰ne⁸ll⁸⁸lm⁰
2051 3895 2092 3959 el

5 4101 8 4120 ν
73 4021 172 4108 urstis
190 4021 432 4094 saevissimum
453 4024 597 4109 odinum
630 4023 890 4114 persecutiones
914 4036 949 4094 et
971 4024 1049 4094 dira
1371 3979 1500 4046 lamen
1523 3971 1635 4068 ναίω
1660 3979 1824 4053 ΝΜΟ·

74 4123 234 4214 supplicis
256 4123 498 4211 lucrifaciunt,
523 4125 608 4197 tslia
633 4128 782 4220 σῶστρα
805 4127 961 4197 reddunt
982 4121 1049 4196 ho·
1101 4103 1213 4208 Quod
1235 4119 1349 4190 facere
1371 4121 1486 4193 solent
1509 4117 1566 4208 hi,
1591 4125 1654 4216 qui
1677 4127 1733 4196 vel
1757 4131 1852 4221 apud
1875 4155 1935 4204 eos
1953 4117 2090 4221 dicunt,

73 4223 175 4294 mines
190 4226 335 4307 sanctis,
359 4227 593 4298 reddiderunt
612 4241 645 4298 et
666 4223 905 4298 antechristo
926 4227 1049 4298 salutis
1099 4241 1253 4314 quorum
1270 4223 1315 4292 de
1328 4223 1511 4294 voluntste
1528 4225 1656 4295 incerti
1670 4241 1772 4313 sunt,
1798 4233 1855 4302 vel
1869 4257 2009 4306 cansam
2021 4241 2090 4310 du·

74 4327 190 4399 autori.
226 4327 309 4398 Non
323 4327 433 4416 igetur
447 4328 586 4412 mirum,
611 4327 641 4398 si
658 4327 709 4397 ira
724 4339 759 4398 et
777 4331 901 4422 poenis
917 4329 1049 4398 divinis
1099 4322 1196 4392 biam
1213 4335 1247 4392 et
1263 4345 1388 4416 parum
1405 4326 1543 4396 firmam
1560 4341 1689 4416 agunt,
1716 4331 1885 4406 velnulla
1899 4335 2006 4410 officii
2026 4364 2090 4412 ne,

74 4423 212 4500 inundat
227 4425 287 4500 hic
301 4431 469 4503 mundus.
511 4423 613 4500 Nihil
629 4429 724 4498 enirn
739 4445 811 4500 tsm
827 4453 970 4502 ssevsrrn
987 4443 1049 4500 sut
1099 4425 1257 4495 cessitate
1271 4426 1401 4510 coacti,
1426 4439 1564 4498 tanturn
1580 4427 1620 4502 lx
1636 4425 1721 4525 aspi
1743 4429 1873 4518 οὐσίας
1891 4438 2009 4512 ociose
2031 4443 2089 4514 lu-

75 4520 233 4600 horn'bile
254 4530 402 4620 cogitari
424 4545 558 4623 potest,
582 4532 677 4625 quod
701 4551 776 4600 non
801 4532 867 4604 ista
888 4532 1049 4625 impietas
1099 4529 1489 4612 dunt,utauditon1m
1514 4529 1797 4605 benevolentiam
1820 4536 1924 4610 initio
1943 4542 2088 4614 dicendi

75 4626 170 4720 l⁰¹¹l⁸
181 4645 358 4724 mimi·
482 4625 484 4628 Ι
1099 4629 1170 4699 sibi
1190 4629 1340 4700 sollicite
1361 4644 1396 4700 et
1414 4645 1592 4718 accurate,
1617 4635 1662 4703 ad
1685 4633 1721 4702 id
1738 4635 1917 4712 elaborato
1940 4644 2086 4716 exordio

1101 3559 1343 3632 Declamatio
1365 3567 1513 3656 scripto
1534 3562 1665 3638 o‘l's'to
1685 3567 1929 3664 Winslsems‘o,
1956 3579 1998 3650 to
2018 3545 2093 3674 quo

1100 3666 1290 3734 recitatur
1324 3659 1504 3757 distorto,
1552 3668 1729 3762 ammodo
1760 3669 1967 3770 Guelfsss
1998 3679 2092 3753 Des-d

163 4733 232 4806 Sed
255 4733 379 4804 desino
395 4733 495 4828 queri
512 4734 559 4832 de
578 4733 749 4826 pravitate
765 4734 911 4816 mundi,
936 4731 1050 4822 cuius,
1098 4745 1283 4815 venentur,
1310 4731 1345 4802 id
1362 4753 1426 4822 rgo
1442 4733 1690 4824 inpraesentia
1707 4739 1847 4828 penitus
1864 4746 2086 4833 praetermit.
2213 4779 2215 4784 π

77 4831 155 4904 sicot
167 4836 345 4907 serissime
357 4835 491 4906 dictum
507 4849 571 4921 est,
593 4859 633 4905 ea
648 4847 700 4906 est
715 4851 853 4920 naurs,
878 4850 921 4908 ut
933 4859 1048 4933 neque
1099 4846 1188 4918 tere,
1210 4846 1245 4904 et
1259 4833 1356 4910 iusta
1370 4833 1505 4906 Atticas
1520 4835 1613 4925 leges
1627 4834 1718 4909 ἄνευ
1731 4839 1947 4916 παθῶνκαὶ
1959 4869 2086 4942 npoos·

76 4933 150 5004 vitia
162 4959 241 5024 sua,
266 4961 333 5008 nec
346 4937 502 5026 remedia
515 4937 608 5008 terre
621 4939 746 5029 possit.
782 4933 839 5007 Ad
857 4933 1047 5012 Doctum
1097 4929 1198 5028 plor
1216 4935 1380 5026 protinus
1393 4937 1438 5006 ab
1463 4939 1538 5028 ipsa
1552 4961 1591 5010 re
1605 4939 1761 5030 incipere
1777 4943 1963 5032 cunstitui,
1988 4951 2084 5040 quod

77 5031 254 5111 Sebsldusu
274 5041 400 5124 redeo,
431 5039 478 5109 de
497 5061 568 5134 qne
591 5035 680 5110 mihi
703 5035 791 5109 base
814 5037 974 5112 instituta
997 5055 1049 5112 est
1097 5050 1139 5108 ut
1171 5034 1317 5120 faciam,
1360 5037 1494 5129 duplici
1526 5041 1666 5112 cutione
1697 5043 1868 5116 adducor.
1925 5043 2085 5122 Ρήπιιιπι

77 5139 196 5227 uratia,
219 5143 320 5214 cuius
341 5141 522 5228 interibis,
546 5141 611 5213 etsi
628 5141 890 5236 nobisquidem
914 5144 1048 5214 ludum
1098 5140 1193 5233 quod
1217 5133 1307 5208 nsihi
1330 5141 1545 5230 persuadeo,
1568 5165 1630 5212 vos
1648 5139 1922 5234 Adulescentes,
1945 5160 2017 5220 tam
2032 5151 2087 5222 tas

78 5259 111 5306 ae
127 5241 316 5331 rumorem
337 5243 511 5328 attulerit,
536 5244 599 5336 qui
620 5245 754 5334 optimo
771 5241 867 5332 viro,
887 5245 1048 5315 lidelissia
1097 5235 1253 5312 scre‘his
1270 5235 1488 5312 scholasticis
1508 5243 1702 5330 umida,
1727 5264 1833 5338 quaro
1857 5264 1895 5320 es
1920 5251 2016 5323 stit'd
2040 5255 2086 5327 ad

77 5344 270 5432 normico,
297 5341 443 5416 homine
463 5344 546 5416 utili
568 5345 607 5414 in
628 5341 695 5416 bac
708 5339 832 5418 schola
854 5348 970 5418 orbati
987 5369 1049 5417 su·
1096 5341 1277 5438 publicato
1295 5337 1456 5424 scholae,
1481 5365 1522 5414 ac
1536 5359 1688 5440 vestram
1702 5345 1904 5436 utilitatem,
1927 5369 2002 5425 oen
2017 5356 2087 5426 mi.

78 5461 157 5530 tuus,
179 5461 293 5518 tamen
309 5445 345 5516 id
361 5468 428 5515 uos
441 5445 599 5622 §icissiro
618 5447 793 5518 conmlari
810 5449 926 5536 ddlrst,
951 5449 1048 5543 quod
1098 5469 1170 5517 nus
1189 5443 1358 5531 ulntsri,
1387 5467 1501 5539 quan
1524 5445 1620 5518 uasti
1640 5447 1791 5520 consilia
1817 5449 1981 5528 instituta
2004 5477 2089 5528 esse·
2149 5469 2156 5481 '

117 5547 284 5619 llrsssrr.
309 5551 416 5620 Orsa.
475 5575 524 5622 or..
553 5549 619 5621 xl.
1426 5547 1479 5622 80
2067 5558 2072 5570 “
