4616 5816
209 292 288 374 ns
616 273 777 360 ouon
822 273 897 356 ns:
932 273 1080 354 vnn
1109 267 1424 354 nononrm
1458 265 1823 354 scsrcooan
2154 279 2226 362 sn

213 495 260 546 ne
275 465 361 562 quid
377 473 506 534 sereret
518 456 750 530 certaminum
773 453 813 526 in
830 448 967 542 schola,
992 477 1094 547 saepe
1110 451 1202 525 reci-
1253 445 1341 544 quid
1361 447 1408 519 sit
1431 438 1546 544 ἐρήμη
1565 439 1669 544 δίκη,
1693 447 1849 548 denique
1870 448 1933 546 qui
1947 450 2095 525 luissent
2110 456 2229 545 gradus
2296 499 2297 544 p

213 591 310 656 tans,
343 561 475 658 hospiti
499 561 611 632 multa
634 558 889 630 dissimulanda
914 579 1007 646 esse,
1030 570 1071 629 ut
1087 553 1202 628 Grac-
1251 563 1410 622 veterum
1429 546 1678 622 Romanomm
1696 552 1921 624 iudiciomm.
1980 553 2023 624 ln
2042 552 2230 648 Theologia
2296 557 2297 604 l

210 699 275 750 cus
292 693 412 741 versus
427 665 558 758 inquit:
1252 651 1340 746 quid
1364 651 1632 740 desideraverit,
1662 655 1809 724 memini
1833 651 1904 727 huc
1927 657 2080 726 scribere
2102 656 2231 753 Iosqui-

339 767 424 843 ξένον
444 763 478 828 δὲ
497 765 585 846 σιγᾶν
605 765 744 844 κρεῖττον
764 755 785 842 ἢ
804 753 990 841 κεκραγέναι.
1253 775 1340 822 num
1371 751 1664 844 Groningensem·
1689 747 1825 842 senem,
1855 758 1984 849 pietate
2014 773 2048 829 et
2069 763 2232 849 gravitate

214 875 474 950 Consulebatur
490 891 592 960 saepe
610 868 653 935 ab
672 863 926 936 eruditioribus
940 873 975 931 et
990 851 1202 928 inPhiloso·
1254 855 1501 940 excellentem,
1533 880 1569 926 sc
1592 856 1850 930 adolescentem
1879 848 2080 930 interfuisse
2109 885 2233 934 sermo-

213 975 297 1074 phia
313 988 346 1045 et
360 975 399 1042 in
414 971 493 1041 aliis
517 969 663 1054 artibus.
713 965 832 1036 Multa
856 987 897 1033 er
914 959 1105 1039 Aristotele
1121 982 1201 1028 ver·
1253 951 1798 1048 nibusRodolphietWesseli,
1824 961 2005 1054 inquibus
2020 964 2233 1054 deplorarint

213 1081 311 1153 tebat
327 1089 362 1146 et
376 1071 673 1164 interpretabatur
693 1068 737 1138 iis
756 1067 818 1160 qui
835 1065 909 1136 eius
928 1061 1118 1133 sententias
1133 1060 1203 1130 sci·
1252 1053 1430 1128 Ecclesiae
1452 1059 1632 1146 tenebras,
1663 1071 1698 1130 et
1723 1055 2016 1152 reprehenderint
2038 1062 2234 1158 prophana-

214 1183 444 1254 scitabantur.
496 1171 609 1242 Nemo
636 1182 721 1238 tunc
738 1169 877 1237 viderat
899 1167 1010 1236 libros
1027 1160 1202 1234 Aristote-
1253 1160 1387 1229 tionem
1402 1159 1441 1228 in
1456 1157 1597 1241 Missis,
1622 1173 1657 1230 et
1675 1163 1904 1233 coelibatum:
1933 1163 2023 1234 ltem
2039 1167 2232 1258 disputave-

212 1285 258 1353 lis
273 1283 317 1350 de
334 1277 559 1348 animalibus.
611 1269 734 1364 ltaque
748 1281 948 1360 pergratum
969 1279 1043 1336 erat
1058 1265 1132 1333 eius
1148 1265 1204 1334 os·
1253 1261 1328 1330 rint
1350 1261 1394 1329 de
1415 1259 1554 1330 iusticia
1576 1261 1676 1348 fidei,
1702 1263 1789 1355 quid
1812 1265 1857 1335 sit
1872 1268 1968 1357 quod
1990 1265 2125 1338 Paulus
2141 1271 2234 1342 toties

213 1385 331 1455 ficium
356 1376 594 1458 doctioribus,
627 1373 656 1441 si
680 1373 822 1464 quando
851 1369 1005 1461 aliquem
1028 1367 1202 1456 insignem
1255 1361 1408 1431 inculcat
1428 1356 1593 1432 homines
1615 1363 1684 1432 fide
1706 1365 1818 1435 iustos
1843 1389 1936 1450 esse,
1965 1391 2041 1436 non
2063 1372 2233 1460 operibus.

213 1487 331 1556 locum
351 1482 439 1550 inde
461 1475 682 1570 proferebat,
713 1484 754 1542 ut
775 1493 855 1540 cum
877 1472 920 1538 de
941 1468 1202 1538 immortalitate
1255 1461 1440 1533 Scribebat
1465 1459 1672 1558 losquiuus,
1703 1481 1822 1558 aperte
1843 1466 2003 1537 reiecisse
2027 1491 2088 1539 eos
2114 1470 2236 1544 Mona.

213 1585 392 1657 humanae
405 1581 544 1651 animae
558 1577 815 1666 disputaretur,
837 1571 923 1666 quid
938 1571 1100 1640 sensisset
1116 1563 1203 1637 Ari·-
1255 1557 1404 1634 chorum
1420 1564 1645 1656 opinionem,
1671 1591 1760 1660 quae
1781 1567 1881 1656 fingit
1896 1563 2060 1639 homines
2077 1576 2235 1663 operibus

214 1686 372 1768 stoteles‚
387 1711 391 1718 ·
404 1703 529 1770 magna
553 1702 632 1747 cum
656 1673 890 1744 admiratione
915 1685 1055 1762 excepta
1069 1683 1121 1739 est
1140 1669 1204 1738 illa
1255 1664 1366 1734 iustos
1382 1687 1471 1734 esse:
1499 1663 1586 1736 ltem
1602 1669 1822 1738 sensisseeos
1838 1671 1882 1738 de
1895 1663 2063 1740 humanis
2080 1677 2235 1746 traditio·

214 1787 406 1870 sententia,
430 1783 566 1875 prolata
591 1801 632 1846 ex
652 1777 745 1846 libro
770 1777 814 1844 de
830 1773 1053 1864 generatione
1067 1771 1204 1840 anima·
1255 1766 1379 1851 nibus,
1404 1789 1522 1835 errare
1544 1791 1619 1852 eos,
1654 1769 1717 1862 qui
1741 1769 1916 1859 affingunt
1940 1771 2010 1841 illis
2034 1775 2235 1864 opinionem

212 1892 321 1962 lium:
353 1907 452 1956 mens
474 1875 687 1952 extrinsecus
710 1876 861 1962 accedit,
891 1897 965 1943 non
989 1871 1146 1942 nascitur
1162 1895 1204 1942 ex
1255 1868 1389 1952 cultus,
1415 1881 1450 1938 et
1470 1891 1543 1938 non
1568 1891 1669 1960 posse
1684 1871 1812 1940 violari
1837 1871 2006 1945 iudicant.
2058 1872 2161 1946 Nihil
2176 1880 2235 1948 fin-

213 1989 362 2062 materia
385 2007 583 2077 corporum.
645 1977 831 2050 interdum
860 1975 994 2069 aliquid
1025 1997 1065 2042 ex
1091 1967 1203 2043 Arato
1255 1991 1317 2060 go,
1344 1991 1428 2038 nam
1445 1963 1532 2038 haec
1550 1971 1624 2038 iere
1644 1973 1688 2040 ad
1702 1974 1848 2042 verbum
1866 1967 1935 2042 huc
1949 1975 2092 2067 scripsit
2104 1975 2236 2073 losqui-

215 2095 260 2164 de
286 2093 451 2186 syderum
473 2084 610 2178 positu,
636 2094 717 2153 ortu
740 2091 775 2150 et
796 2099 922 2148 occasu
946 2074 1113 2147 studiosis
1134 2075 1205 2144 im·
1254 2091 1333 2140 nus.
1383 2063 1437 2137 Ac
1450 2070 1533 2140 satis
1548 2073 1715 2142 credibile
1731 2087 1799 2158 est,
1824 2097 1905 2142 eum
1919 2075 2237 2173 diligenterdispu-

214 2193 399 2288 patiebat,
598 2269 600 2274 k
1255 2185 1344 2240 tasse
1359 2169 1402 2239 de
1418 2171 1578 2240 doctrina
1594 2167 1815 2254 Christiana,
1836 2178 2041 2266 praesertim
2057 2205 2138 2250 cum
2156 2197 2236 2255 esset

316 2291 390 2363 Nec
413 2289 533 2357 deerat
556 2284 633 2354 eius
658 2280 812 2351 officium
837 2275 1095 2370 professoribus
1116 2272 1204 2344 alia·
1254 2269 1636 2354 familiarisWesselo,
1656 2276 1836 2345 cuiusfuit
1851 2299 2028 2347 summum
2045 2279 2235 2371 ingenium:

214 2421 295 2470 rum
325 2389 606 2482 disciplinarum.
671 2381 778 2452 Forte
807 2379 981 2450 inciderat
1011 2376 1202 2468 disputatio
1254 2369 1298 2441 ad
1329 2373 1424 2464 quod
1457 2373 1711 2463 amplissimam
1742 2377 1979 2446 eruditionem
2014 2381 2052 2449 in
2077 2387 2235 2457 omnibus

212 2501 307 2570 inter
335 2489 537 2577 Theologos
566 2499 599 2555 et
621 2482 894 2554 Iurisconsultus
922 2483 965 2548 de
993 2475 1061 2548 hoc
1090 2478 1202 2546 dicto:
1255 2471 1454 2564 disciplinis
1476 2475 1658 2562 adiunxit,
1691 2489 1726 2546 et
1749 2475 1906 2548 Graecae
1929 2493 1963 2549 et
1985 2476 2237 2555 Ebraicaelin-

213 2599 361 2670 Frustra
377 2603 491 2663 servat
506 2585 759 2675 Evangelium,
793 2583 856 2674 qui
874 2603 948 2650 non
965 2591 1080 2649 servat
1094 2601 1203 2647 cano·
1254 2595 1344 2664 guae
1371 2574 1619 2662 cognitionem.
1677 2575 1736 2647 Ad
1761 2573 1846 2648 haec
1878 2581 2086 2653 exercitatus
2113 2588 2180 2659 fuit
2202 2590 2236 2658 in

213 2725 277 2774 nes
292 2696 531 2792 Synodorum.
590 2685 670 2756 Hoc
685 2707 765 2755 cum
782 2683 853 2784 alii·
865 2683 909 2750 ad
926 2680 1202 2750 confirmandam
1255 2675 1507 2745 certaminibus
1527 2677 1721 2766 religionis.
1785 2677 1925 2749 Lutetia
1953 2685 2078 2772 pulsus
2101 2705 2237 2782 propser

213 2797 500 2894 superstitionem
532 2788 571 2857 in
601 2785 808 2858 ceremoniis
840 2785 1107 2876 detorquerent,
1141 2779 1203 2848 alii
1255 2789 1387 2845 taxatas
1420 2779 1706 2868 superstitiones,
1743 2780 1840 2850 venit
1872 2779 2064 2854 Basileam:
2102 2790 2153 2858 ibi
2177 2815 2236 2882 pro

213 2895 384 2995 τὸρητὸν
404 2917 477 2966 esse
494 2891 617 2962 durius
635 2899 883 2982 quererentur,
917 2897 951 2953 et
968 2882 1206 2972 mitigandum·
1257 2875 1425 2948 Wesselo
1445 2879 1610 2948 dixerunt
1633 2877 1806 2950 Basilium
1837 2879 2085 2975 Groningum3
2121 2914 2237 2961 narra.

214 3005 334 3096 aliqua
347 2990 823 3088 interpretationedicerent,
845 2980 1202 3075 Rodolphusinquit:
1254 2980 1386 3070 batque
1417 2975 1581 3070 Capnion
1612 3003 1693 3048 eum
1727 2977 1981 3071 Theologiam,
2022 2984 2175 3062 Graecas
2206 3008 2237 3064 es

214 3106 258 3177 ln
274 3103 481 3174 universum
495 3091 636 3163 inlunis
652 3087 941 3180 interpretatione
957 3085 1107 3154 multum
1118 3106 1202 3174 pro·
1254 3075 1423 3148 Ebraicas
1439 3079 1559 3148 literas
1583 3083 1705 3150 eodem
1723 3093 1880 3172 tempore
1896 3087 2084 3158 tradidisse
2108 3095 2236 3165 studio·

215 3209 314 3278 desse
329 3199 566 3291 cognitionem
586 3187 818 3263 historiarum
842 3201 877 3257 et
899 3185 1136 3278 antiquitatis:
1163 3207 1204 3253 ac
1255 3181 1320 3264 sis,
1348 3180 1379 3248 si
1403 3175 1568 3272 quicum
1593 3183 1717 3252 audire
1742 3185 1933 3276 cupierant.
1991 3187 2079 3258 lude
2103 3217 2179 3264 cnm
2202 3197 2236 3264 in

214 3301 418 3402 praesertim
434 3295 612 3368 Ecclesiae
625 3287 790 3362 historias
810 3302 845 3360 et
858 3301 992 3358 veteres
1005 3285 1204 3356 contentio·
1254 3279 1437 3370 Belgicum
1456 3281 1635 3367 rediisset,
1667 3307 1769 3374 saepe
1790 3286 1877 3354 adiit
1895 3310 2012 3356 senem
2030 3287 2236 3388 Rodolphus

115 3455 117 3460 .
161 3445 166 3464 s
214 3431 277 3480 nes
300 3407 427 3476 debere
449 3413 553 3468 notas
578 3418 650 3465 esse
670 3393 857 3476 omnibns,
890 3387 1081 3481 exquibus
1102 3385 1220 3476 saepe'
1254 3395 1341 3450 natu
1357 3381 1494 3466 minor,
1520 3385 1580 3450 sed
1602 3383 1640 3450 in
1662 3385 1773 3454 literis
1797 3385 1934 3456 Latinis
1950 3403 1984 3459 et
2002 3388 2147 3466 Graecis
2163 3421 2236 3468 eru·
2296 3395 2297 3478 l

213 3510 287 3605 peti
302 3506 415 3600 possit
428 3497 670 3590 interpretatio
686 3507 843 3564 veterum
859 3491 1047 3562 dictorum.
1085 3486 1204 3582 Syno-
1255 3483 1380 3566 ditior,
1413 3496 1447 3552 et
1471 3484 1623 3572 flagrans
1654 3487 1771 3555 studio
1796 3483 2033 3586 Christianae⁸
2052 3495 2234 3572 doctrinae.

214 3614 252 3685 di
266 3625 422 3697 veteres,
446 3600 581 3696 inquit,
606 3597 779 3667 vocabant
799 3591 963 3664 Canones
985 3603 1122 3660 tantum
1145 3611 1204 3657 ar·
1257 3583 1367 3676 ldque
1383 3583 1456 3674 ipse
1471 3605 1572 3676 saepe
1587 3588 1631 3654 de
1646 3589 1884 3678 sepraedicat,
1910 3613 1945 3658 se
1960 3597 2055 3684 quod
2067 3600 2235 3692 reliquum

213 3697 817 3786 ticulosdoctrinaediiudicatosin
834 3693 1006 3786 Synodis,
1033 3713 1108 3759 non
1130 3701 1203 3757 tra·
1255 3699 1343 3756 esset
1365 3686 1510 3770 aetatis,
1543 3685 1797 3757 collocaturum
1822 3711 1895 3760 esse
1918 3691 2088 3765 iusseras
2110 3701 2236 3772 literas:
2296 3695 2297 3752 l

214 3815 367 3886 ditiones
392 3811 436 3878 de
460 3799 685 3874 ceremoniis:
716 3821 781 3864 nec
809 3793 958 3863 dubium
989 3813 1081 3870 esse,
1114 3789 1203 3882 quin
1256 3786 1317 3878 qui
1332 3785 1362 3852 si
1377 3786 1534 3870 vixisset,
1566 3782 1658 3856 haud
1687 3789 1794 3857 dubie
1824 3791 1995 3881 egregiam
2015 3821 2158 3888 operam
2172 3799 2235 3871 Ες.
2296 3787 2297 3868 l

213 3913 301 3988 haec
331 3912 487 4005 primum
521 3901 629 3972 fuerit
661 3896 834 3968 sententia
868 3888 975 3962 huius
1002 3891 1106 3972 dicti,
1142 3892 1203 3958 sed
1255 3887 1380 3956 clesiae
1396 3901 1568 3957 navasset.
1621 3887 1835 3982 Quanquam
1853 3905 1887 3960 et
1909 3893 1969 3962 illa
1987 3901 2103 3968 studia
2122 3899 2235 3972 Eccle.
2296 3893 2297 3972 l

213 4029 335 4110 postea
352 4033 469 4082 errore
482 4009 711 4097 depravatum
727 4021 812 4068 esse.
851 3987 1204 4075 Verumest,Evan-
1256 3987 1326 4056 siae
1343 3989 1570 4077 profuerunt,
1603 3993 1698 4082 quod
1721 3987 2035 4067 nostroshomines
2055 4004 2101 4070 ad
2121 4004 2235 4074 melio.
2296 3997 2297 4028 ³

215 4116 345 4208 gelium
361 4137 436 4182 non
451 4106 581 4178 servari
596 4104 640 4173 ab
657 4101 718 4185 iis,
744 4099 806 4192 qui
821 4095 1204 4186 aspernanturdecrcta
1255 4110 1328 4157 rem
1345 4089 1501 4156 discendi
1519 4091 1690 4158 rationem
1707 4093 1895 4162 revocavit.
1935 4093 1972 4162 ld
1989 4103 2153 4172 meritum
2169 4129 2234 4174 non
2296 4147 2297 4176 ;

215 4231 339 4289 contra
362 4213 652 4288 Samosatenum,
683 4197 933 4275 antherium,
959 4191 1204 4262 autMacedo-
1256 4202 1306 4258 est
1320 4189 1397 4258 leve
1414 4191 1627 4265 ducendum.
1680 4191 1750 4261 Sed
1765 4196 1871 4262 redeo
1887 4197 1931 4263 ad
1946 4191 2143 4275 historiam.
2296 4183 2297 4190 ἵ

214 4318 316 4389 nium
345 4316 452 4383 iacta:
494 4331 578 4378 nam
610 4302 865 4373 vetustissimae
898 4295 1035 4390 Synodi
1060 4307 1204 4385 propter
1355 4287 1445 4359 Cum
1464 4291 1512 4359 ita
1531 4291 1962 4387 viveretHeydelbergae,
1986 4315 2026 4372 ut
2050 4306 2234 4376 eruditiss:
2296 4321 2297 4364 t

214 4414 472 4492 controversias
495 4411 699 4497 dogmatum
729 4399 1032 4480 convocabantur,
1065 4396 1204 4463 nonde
1256 4392 1359 4461 bonis
1386 4392 1552 4460 omnibus
1583 4388 1808 4464 charissimus
1835 4411 1941 4482 esset,
1973 4425 2048 4471 non
2070 4407 2181 4476 solum
2201 4407 2234 4474 in
2296 4415 2297 4478 ξ

215 4517 426 4595 ceremoniis
440 4507 673 4581 cumulandis.
726 4500 1204 4590 Quamindignavoxesset,
1255 4493 1422 4562 noticiam
1439 4491 1537 4560 venit
1553 4491 1661 4564 Ducis
1678 4491 1832 4564 Palatini
1849 4494 2027 4594 Philippi,
2053 4511 2114 4576 sed
2140 4509 2233 4579 etiam
2296 4503 2297 4554 l

215 4625 352 4703 dicere,
382 4611 517 4698 Christi
541 4609 646 4678 fidem
674 4603 841 4673 inutilem
873 4613 906 4672 ct
933 4601 1076 4667 inanem
1109 4619 1204 4680 esse,
1254 4593 1493 4662 familiaritate
1510 4593 1585 4664 eius
1598 4593 1768 4687 Princeps
1785 4597 1976 4670 delectatus
1989 4617 2040 4674 est
2048 4655 2061 4692 ,
2089 4633 2128 4678 ac
2144 4631 2233 4699 saepe
2296 4673 2297 4684 ,

215 4728 292 4800 sine
313 4715 557 4792 observatione
584 4705 745 4778 omnium
776 4703 910 4772 rituum
941 4693 1204 4769 humanorum?
1256 4695 1398 4764 eumad
1415 4715 1536 4782 graves
1557 4696 1829 4768 deliberationes
1848 4695 2024 4779 adhibuit.
2075 4705 2233 4804 Cumque,
2296 4781 2297 4786 ἵ

213 4827 347 4900 Lucem
371 4833 406 4891 et
424 4816 534 4885 vitam
557 4823 735 4880 aeternam
755 4805 796 4873 in
808 4801 986 4871 mentibus
1002 4793 1203 4868 inchoatam
1255 4809 1296 4866 ut
1317 4795 1375 4880 fit,
1405 4797 1538 4865 mentio
1562 4797 1741 4866 interdum
1762 4799 1935 4873 incideret
1955 4819 2112 4878 veterum
2133 4813 2233 4902 impe·
2296 4841 2297 4850 ¹

216 4923 394 5017 extingui,
428 4919 458 4989 si
481 4915 606 5006 aliqua·
620 4906 769 4979 ridicula
791 4903 989 4974 ceremonia
1011 4901 1205 4996 negligere·
1256 4897 1411 4980 riorum,
1442 4919 1482 4964 ac
1503 4885 1715 4988 Rodolphus
1738 4922 2029 4979 commemoraret
2052 4913 2108 4979 vel
2131 4911 2233 4982 Grae-
2296 4891 2297 4894 Ἴ

215 5027 296 5100 tur?
347 5019 531 5100 Addebat,
556 5013 643 5083 tales
655 5011 743 5079 ritus
765 5029 866 5098 saepe
882 5005 958 5074 sine
973 5003 1048 5073 ullo
1065 5013 1204 5093 peccato
1257 5021 1314 5068 cas
1331 4993 1514 5081 historias,
1537 4999 1592 5066 vel
1606 4997 1804 5084 Romanas,
1831 4999 2000 5098 Princeps
2022 5024 2056 5081 et
2071 5013 2157 5082 verti
2172 5010 2232 5081 sihi

215 5128 333 5201 omitti
356 5147 467 5218 posse.
514 5113 592 5186 llac
612 5126 684 5182 tam
706 5111 826 5179 dextra
847 5104 1135 5198 interpretatione
1151 5103 1206 5170 ia·
1258 5099 1369 5168 multa
1390 5121 1465 5168 non
1479 5094 1592 5167 solum
1616 5123 1657 5168 er
1671 5095 1848 5187 historiis,
1874 5108 2053 5179 sedetiam
2073 5112 2233 5184 exPoitis

216 5231 282 5304 cile
299 5225 465 5297 satisfecit
478 5217 656 5290 omnibus.
709 5211 819 5302 Saepe
844 5221 878 5277 ct
899 5207 937 5275 in
956 5205 1037 5276 lure
1052 5205 1149 5275 civili
1166 5225 1205 5271 ea
1259 5200 1380 5285 iussit,
1404 5211 1439 5270 et
1454 5200 1576 5291 petivit
1590 5200 1657 5269 sibi
1675 5203 1812 5272 contexi
1830 5203 2002 5298 integram
2017 5215 2139 5284 seriem
2156 5237 2232 5308 qua.

215 5353 305 5426 quae
330 5329 374 5394 ab
397 5319 556 5392 historiis
579 5315 730 5408 petenda
756 5323 857 5388 sunt,
884 5307 1079 5396 explicabat
1095 5307 1207 5373 inter·
1259 5317 1342 5373 tuor
1373 5295 1685 5388 monarchiarum,
1715 5318 1755 5375 ut
1776 5307 1938 5377 ordinem
1969 5336 2088 5384 rerum
2118 5316 2233 5385 melius

217 5423 450 5519 rogantibus,
476 5433 517 5490 ut
531 5413 650 5486 locum
670 5416 713 5484 de
736 5410 855 5482 usuris
874 5406 1090 5477 centesimis:
1119 5402 1208 5474 ltem
1261 5403 1402 5488 videre,
1429 5414 1464 5473 et
1483 5401 1700 5476 incrementa
1715 5417 1821 5500 atque
1843 5407 2108 5500 inclinationes,
2130 5431 2159 5488 et
2174 5411 2232 5485 ho·
