4646 5824
216 291 295 368 699

217 463 319 542 bibet
333 489 416 558 ergo
432 462 633 538 societatem
644 459 861 533 detensionis
874 461 1004 556 impiae
1016 463 1211 552 doctrinae,

217 585 260 644 ut
282 570 484 642 societatem
499 563 701 660 parricidii,
733 577 767 635 et
781 563 953 634 similium
966 567 1150 638 scelernm.

319 686 442 778 Quare
464 683 600 756 etiamsi
618 683 868 772 gubematocea
890 682 1070 772 negligant
1086 683 1214 756 Eccle-

218 794 330 877 siam,
354 802 394 860 nt
407 811 508 880 saepe
521 785 690 856 omnibus
705 784 880 852 aetatibus
892 784 1132 873 neglexerunt,
1157 797 1212 857 ta·

219 915 301 964 men
323 889 452 984 privati
476 888 617 971 audire,
642 884 827 976 amplecti,
851 885 1028 956 illustrare
1047 883 1212 976 Evange-

218 995 328 1078 lium,
358 1004 451 1062 recte
474 1011 662 1080 agnoscere
683 999 718 1056 et
742 985 907 1056 invocare
924 983 1062 1070 Deum,
1095 1012 1212 1059 mores

216 1120 301 1166 suus
316 1117 399 1164 vera
416 1091 545 1186 pietate
562 1111 680 1178 regere
694 1087 840 1158 debent.

320 1209 504 1283 Omnibus
518 1221 553 1277 et
566 1204 715 1295 singulis
728 1199 814 1274 haec
829 1207 994 1276 mandata
1011 1231 1083 1278 esse
1098 1208 1214 1278 mani-

178 1316 181 1323 ’
217 1319 345 1386 testum
361 1327 423 1396 est,
446 1310 532 1404 quia
546 1308 639 1377 filins
655 1305 719 1376 Dei
735 1331 836 1398 saepe
851 1308 1005 1380 inculcat
1019 1304 1082 1378 has
1099 1333 1213 1396 voces,

831 283 988 368 DECL.
1020 283 1098 366 DE
1127 287 1311 368 mero
1345 287 1529 369 Mosrs
1559 311 1646 373 ero.

2175 299 2242 376 700
2300 369 2301 372 ,

1361 463 1467 558 Legis
1484 463 1648 558 ambigua
1672 465 1765 540 dicta
1787 453 1832 540 de
1845 465 1924 544 Deo
1943 472 2037 564 apud
2053 463 2244 560 Platonem,
2300 459 2301 546 ἶ

1262 564 1503 655 Aristotelem,
1527 567 1747 656 Ciceronem,
1771 583 1807 641 et
1820 573 1920 650 alios.
1955 571 2096 662 Fateor,
2113 572 2242 646 bosin—
2300 567 2301 610 l

1262 670 1387 762 geniis,
1412 670 1587 757 doctrina,
1612 672 1796 764 sapientia,
1819 674 2021 768 eloquentia
2037 679 2244 752 excelluisse.
2300 683 2301 706 ¹

1263 773 1333 844 Sed
1349 773 1393 841 de
1410 769 1475 842 Dei
1497 773 1682 844 vuluntate
1705 797 1770 844 cnr
1789 777 1980 846 nouandis
2004 777 2122 870 ipsum
2136 779 2244 852 Deum

1263 897 1299 942 se
1313 873 1604 965 patefacientem'?
1640 871 1716 945 Cur
1736 897 1810 945 non
1833 877 1935 947 audis
1958 879 2071 949 filium
2097 881 2247 965 missum,

1262 987 1303 1045 ut
1326 997 1490 1044 arcanam
1513 975 1732 1046 voluntatem
1757 977 1862 1046 nobis
1887 980 2064 1071 exponet?
2109 981 2161 1052 lta
2189 983 2246 1053 etsi

1264 1089 1347 1146 sunt
1369 1069 1534 1144 homines
1559 1077 1674 1162 dotti,
1706 1078 1899 1170 sapientes,
1930 1081 2159 1174 eloquentes,
2191 1083 2248 1176 qni

1264 1199 1360 1245 nnnc
1385 1178 1507 1246 orbem
1530 1189 1705 1248 terrarum
1735 1181 1950 1270 gubernant,
1984 1195 2101 1252 tamen
2125 1186 2169 1252 de
2191 1209 2247 1252 vo-

1263 1278 1399 1347 luntate
1421 1275 1506 1362 Dei,
1540 1303 1615 1347 non
1645 1273 1833 1350 hominnm
1862 1281 2014 1368 iudicia,
2042 1285 2104 1354 sed
2134 1309 2247 1353 vocem

218 1441 309 1512 qnae
334 1413 617 1504 complectuntur
634 1430 774 1492 omnes,
800 1421 840 1477 ut
857 1411 949 1498 apud
969 1407 1138 1478 loannem
1156 1412 1213 1478 di·
1264 1379 1329 1449 ”²3
1357 1379 1593 1456 mmmmm·
1653 1377 1694 1450 ld
1724 1405 1803 1450 ‘¹¹¹¹'
1830 1384 2032 1475 ’aelii'ilffl‘
2063 1386 2248 1478 Pfflicll’iat

217 1522 327 1590 citor:
360 1515 421 1587 Sic
440 1513 540 1584 Deus
556 1510 679 1580 dilexit
693 1509 888 1594 mundum,
912 1523 954 1580 ut
973 1509 1086 1580 filium
1108 1535 1211 1582 snum

217 1619 443 1708 unigenitum
467 1612 627 1696 dederit,
668 1622 709 1680 nt
731 1610 850 1678 omnis
878 1611 1026 1681 credens
1054 1613 1092 1680 in
1118 1636 1212 1697 eom,

217 1745 292 1790 non
305 1731 442 1812 pereat,
461 1716 520 1784 sed
538 1707 667 1782 habeat
683 1711 791 1781 vitam
813 1724 1005 1786 aeternam.
1046 1711 1119 1803 Qui
1137 1737 1211 1784 non

217 1823 349 1906 credit,
373 1819 443 1888 iam
457 1815 631 1887 indicatus
644 1825 708 1886 est.

321 1933 380 2009 An
406 1959 486 2007 curn
507 1931 640 2002 Paulus
662 1927 801 2002 Romae
829 1929 1120 2018 concionaretur,
1152 1956 1212 2002 ex-

217 2029 433 2137 pectandum
452 2035 523 2105 tuit
544 2031 768 2104 auditoribus
782 2033 960 2102 decretum
979 2032 1130 2104 Senatus
1151 2049 1213 2106 aut

217 2139 396 2216 Neronis?
430 2137 507 2210 lmo
523 2159 590 2205 vor
600 2133 667 2206 Dei
680 2155 811 2202 sonans
823 2129 1122 2226 perApostulnm,
1146 2161 1211 2206 au·

218 2246 348 2316 dienda
366 2255 400 2312 et
416 2237 656 2330 amplectenda
671 2235 759 2320 luit,
785 2234 923 2306 etiamsi
939 2260 1061 2306 omnes
1083 2239 1212 2326 guber-

218 2361 361 2418 natores
384 2340 502 2414 audiri
526 2362 602 2408 eam
627 2331 885 2428 prohibebant,
911 2337 974 2430 qni
997 2337 1211 2427 religionum

218 2447 451 2520 mutationem
471 2440 678 2514 indicabant
703 2460 911 2528 magnarum
938 2439 1154 2509 seditionum
1179 2455 1212 2511 et

219 2549 491 2641 dissipationum
508 2565 647 2613 causam
664 2541 751 2611 sore.
798 2537 852 2608 lta
867 2539 931 2608 etsi
947 2543 1143 2630 optandum
1161 2557 1212 2611 est

218 2651 335 2742 Reges
368 2663 403 2720 et
429 2645 623 2740 Episcopus
656 2663 781 2710 ornares
812 2642 992 2710 communi
1025 2643 1145 2713 animo
1179 2659 1213 2714 et

217 2751 399 2825 communi
430 2743 580 2817 consilio
609 2767 710 2813 veros
741 2739 808 2812 Dei
839 2737 992 2812 honores
1017 2743 1212 2830 restituere,

219 2959 410 3028 obscurum
429 2952 493 3030 sit,
519 2947 651 3018 multos
676 2945 903 3037 pertinaciter
925 2946 1079 3035 agnitam
1097 2973 1213 3040 oppu-

219 3081 327 3150 gnare
351 3053 551 3134 veritatem,
583 3063 617 3118 et
638 3041 842 3117 manifestos
859 3048 1048 3116 defendere
1072 3050 1212 3124 abusus.

220 3159 318 3248 Quid
343 3152 471 3225 horum
500 3151 684 3246 Synodus,
719 3147 875 3232 ludicia,
909 3149 1065 3234 decreta,
1099 3151 1213 3219 reior-

222 3260 415 3330 matiunem
430 3250 643 3346 expectatis?
677 3247 795 3337 Quid,
820 3249 977 3344 inquam,
1003 3252 1215 3341 expectatis?

222 3361 396 3452 Quisnam
421 3352 583 3447 promisit
606 3353 711 3424 nobis
726 3346 962 3435 hodiernum,
987 3355 1121 3422 nedum
1137 3378 1214 3422 cra-

219 3465 353 3533 stinum
372 3457 491 3527 diem?
522 3453 641 3526 Hodie
656 3453 686 3521 si
702 3477 821 3521 vocem
837 3451 912 3520 eins
928 3453 1123 3541 audieritis,
1148 3479 1215 3524 no-

221 3565 284 3636 lite
301 3562 477 3632 obdurare
493 3555 599 3625 corda
614 3568 739 3628 vestra,

326 3675 441 3749 Audis
463 3671 651 3761 Evangelii
671 3693 811 3756 vocem,
842 3670 939 3740 iuxta
964 3666 1057 3742 hanc
1079 3684 1114 3742 te
1138 3670 1213 3762 ipse

222 3783 407 3854 reformes:
433 3773 507 3863 Age
525 3773 801 3865 poenitentiam,
827 3772 940 3840 abiice
955 3772 1071 3853 idola,
1099 3773 1215 3866 incipe

222 3908 341 3956 veram
356 3877 424 3950 Dei
439 3873 717 3958 invocationem,
737 3885 772 3941 et
787 3873 936 3942 emenda
950 3897 1076 3945 mores.

324 3995 422 4068 Haec
437 4009 488 4065 est
505 4017 586 4062 vera
602 3987 779 4060 Ecclesiae
794 3989 1010 4074 reformatio,
1033 4013 1113 4060 cnm
1131 4015 1215 4061 voce

223 4097 409 4189 Evangelii
432 4095 563 4185 singuli
583 4113 838 4162 removeamur.
889 4087 970 4160 Non
987 4115 1067 4161 cum
1090 4107 1217 4182 puten-

224 4221 275 4278 tes
308 4215 342 4272 et
368 4199 542 4289 sapientes
568 4191 676 4264 huius
709 4193 835 4262 mundi
862 4190 1054 4265 instituunt
1079 4195 1216 4265 incusas

226 4303 503 4392 conciliationes.
561 4292 610 4366 Et
640 4295 788 4364 miscent
817 4295 985 4386 dogmata
1015 4295 1216 4366 adulterina

225 4410 328 4480 veris.

326 4507 495 4578 Normam
512 4525 620 4572 unam
644 4498 839 4590 simplicem
856 4509 889 4566 et
906 4497 1127 4590 perspicuam
1147 4513 1218 4568 tra-

225 4612 317 4686 didit
352 4609 515 4678 aeternns
548 4601 671 4684 Peter,
707 4601 769 4693 qui
804 4600 906 4670 iussit
938 4599 1055 4668 audiri
1088 4599 1218 4668 hlium:

160 4777 168 4788 .
225 4715 344 4786 Huius
362 4707 437 4778 voci
458 4705 681 4795 obtempera,
714 4726 778 4770 nec
804 4701 1013 4772 deterrearis
1037 4701 1122 4770 ullis
1149 4697 1218 4771 hu·

225 4816 341 4887 manis
356 4808 507 4880 iudiciis·
1140 4873 1141 4877 ,

325 4926 451 5022 Qualis
466 4919 551 4994 haec
564 4931 616 4989 est
631 4919 807 4989 amentia?
834 4931 987 5012 quantus
1001 4919 1126 4990 furor?
1152 4945 1220 5010 pu-

227 5053 301 5109 tare
317 5035 446 5103 lrnstra
461 5025 608 5094 missum
626 5043 698 5090 esse
716 5021 754 5090 in
771 5036 881 5094 terras
898 5020 1011 5092 lilium
1027 5020 1121 5091 Dei?
1146 5019 1220 5092 Pu-

227 5156 301 5210 tare
317 5137 447 5204 irnstra
463 5124 577 5198 Derim
593 5123 676 5192 inde
698 5145 811 5216 usqne
828 5125 873 5192 ab
891 5121 994 5194 initio
1012 5125 1132 5213 generi
1151 5120 1220 5192 hn-

228 5259 335 5310 nrano
358 5257 394 5302 se
410 5225 634 5320 patefecisse?
675 5222 735 5295 Sic
751 5237 867 5294 autem
884 5225 1040 5295 sentiunt
1057 5225 1130 5309 illi,
1156 5225 1219 5317 qni
1239 5225 1242 5230 ’

229 5361 309 5411 cum
326 5331 442 5403 nolint
458 5328 580 5398 audire
597 5325 866 5396 concionantem
878 5323 1084 5412 bitumini,
1109 5350 1220 5418 quae-

230 5449 314 5514 runt
329 5430 517 5503 hominum
537 5425 733 5516 opiniones.
1207 5452 1211 5464 ·

1235 1467 1241 1528 Ι
1262 1475 1373 1562 Deos,
1397 1503 1604 1551 moveamur
1615 1481 1691 1552 eius
1703 1483 1891 1570 mandatis,
1915 1499 1948 1554 et
1964 1485 2177 1578 incipiamus
2190 1511 2247 1555 an-

1262 1581 1340 1649 dire
1354 1575 1610 1672 Evangelinm,
1634 1585 1871 1676 expendamus
1892 1586 1979 1680 quid
1997 1611 2079 1658 vere
2104 1589 2245 1670 dicatur,

1263 1683 1486 1754 conseramus
1501 1683 1744 1754 doctrinarum
1763 1705 1901 1773 genera,
1922 1687 2107 1758 videamus
2124 1701 2246 1782 quanta

1262 1784 1309 1852 sit
1329 1779 1565 1875 prophanatio
1587 1808 1717 1854 coenae
1732 1783 1900 1871 Domini,
1925 1799 2099 1881 qnantum
2124 1789 2246 1859 erroris

1263 1884 1301 1954 in
1320 1885 1399 1953 aliis
1420 1885 1517 1955 falsis
1533 1885 1707 1972 cultibus,
1729 1886 1758 1954 si
1780 1888 1981 1974 audiemus,
2007 1891 2124 1960 aderit
2140 1889 2247 1984 Spiri-

1262 1999 1319 2056 tus
1334 1997 1495 2072 sanctos,
1517 2009 1557 2055 ac
1570 1989 1675 2058 ducet
1692 2009 1758 2057 nus
1772 1988 1809 2056 in
1825 2013 1966 2057 omnem
1980 1991 2177 2066 veritatem.

1365 2085 1436 2157 Nec
1452 2102 1571 2180 putate
1586 2089 1703 2159 locum
1719 2111 1791 2160 esse
1807 2087 1958 2182 Spiritui
1975 2103 2117 2178 sancto,
2143 2094 2247 2162 donec

1262 2189 1388 2258 ardent
1411 2202 1552 2280 pectora
1567 2187 1755 2280 Evangelii
1777 2191 1879 2276 odio,
1903 2213 1970 2262 nec
1992 2193 2165 2278 audiunt,
2190 2217 2247 2262 nec

1262 2289 1481 2360 meditantur
1503 2291 1630 2382 scripta
1655 2285 1861 2383 prophetica
1886 2305 1921 2363 et
1945 2295 2158 2384 apostolica,
2189 2317 2246 2362 nec

1262 2392 1451 2462 conferunt
1474 2414 1601 2482 genera
1625 2391 1878 2463 doctrinarum.
1937 2391 2043 2463 Fides
2065 2417 2108 2464 ex
2132 2395 2246 2464 auditu

1262 2505 1312 2561 est
1330 2492 1429 2561 verbi
1444 2487 1523 2572 Dei,
1547 2505 1586 2562 ut
1601 2491 1731 2562 Paulus
1748 2492 1878 2586 inquit,
1898 2517 1971 2564 non
1988 2495 2162 2566 illucescit
2177 2496 2246 2564 ani-

1263 2617 1346 2678 mas,
1371 2593 1440 2661 nisi
1460 2593 1603 2678 audias,
1636 2593 1704 2663 nisi
1729 2593 1909 2665 mediteris
1933 2593 2187 2686 Evangelium,
2217 2613 2245 2665 et

1261 2717 1342 2766 cum
1358 2694 1480 2764 andire
1497 2707 1530 2764 et
1547 2717 1663 2764 amare
1678 2695 1845 2786 coeperis,
1868 2695 1967 2765 Deos
1982 2699 2126 2788 augebit
2142 2699 2245 2767 lucem

219 2880 259 2926 ac
276 2868 367 2924 recte
392 2850 581 2920 emendare
599 2839 796 2929 Ecclesiae,
820 2859 937 2916 tamen
960 2869 1041 2914 cum
1066 2847 1212 2916 minime
1261 2810 1343 2916 tiae
1363 2795 1509 2879 menffl’
1551 2819 1613 2865 ⁸¹¹⁰
1639 2793 1776 2886 spirim
1805 2809 1837 2864 ¹²
1869 2809 1965 2887 '²8⁸¹
1996 2812 2031 2868 ⁰¹
2059 2800 2246 2877 adiuvabit,

1262 2910 1351 2966 srcut
1374 2896 1627 2988 scriptumest:
1653 2895 1812 2967 Habenti
1831 2897 1986 2968 dabitur.
2037 2895 2088 2970 Et
2109 2903 2153 2970 ad
2169 2896 2247 2968 Phi-

1263 2999 1441 3088 lippenses
1463 2997 1645 3068 scribitur:
1677 2997 1776 3068 Deus
1798 3012 1850 3068 est
1868 3000 1930 3092 qui
1954 2999 2060 3071 elficit
2083 3002 2122 3069 in
2140 3001 2246 3081 nobis,

1264 3113 1304 3169 nt
1325 3099 1493 3184 velimus,
1519 3111 1555 3170 et
1576 3113 1616 3168 ut
1639 3099 1879 3190 perficiamus,
1903 3123 2047 3192 eaquae
2072 3103 2141 3194 ipsi
2159 3115 2246 3191 grata

1264 3213 1357 3272 sunt.
1407 3197 1502 3270 Cum
1526 3200 1616 3270 velle
1644 3200 1799 3290 coeperis
1829 3215 1862 3270 et
1889 3199 1989 3270 amas
2008 3198 2245 3293 Evangelium,

1264 3301 1328 3371 etsi
1343 3296 1518 3370 humanae
1534 3301 1730 3372 infirmitati
1745 3301 1889 3370 difficile
1902 3317 1964 3383 est,
1991 3304 2165 3374 sustinere
2180 3325 2246 3371 cer-

1265 3403 1397 3473 tamina
1410 3403 1604 3486 doctrinae,
1630 3415 1663 3472 et
1680 3402 1842 3470 diabolus
1856 3404 1952 3472 varie
1970 3419 2151 3495 oppugnat
2167 3404 2245 3494 pios,

1266 3517 1384 3575 tamen
1413 3503 1527 3572 aderit
1550 3500 1646 3572 Deus
1676 3527 1716 3572 ac
1743 3516 1839 3592 reget
1863 3519 1898 3574 et
1927 3505 2063 3576 iuvabit
2091 3506 2244 3575 militiam

1264 3618 1378 3683 tuam,
1402 3617 1443 3674 ut
1458 3605 1503 3674 sit
1526 3603 1591 3674 tibi
1606 3618 1643 3675 et
1656 3599 1834 3674 Ecclesiae
1856 3605 2034 3676 salutaris:
2056 3609 2137 3678 vult
2158 3607 2244 3675 enim

1265 3705 1382 3798 aliqua
1406 3705 1474 3774 sibi
1498 3719 1595 3794 grata
1618 3705 1656 3773 in
1679 3727 1804 3794 genere
1821 3700 1978 3776 humano
1995 3707 2090 3789 fieri,
2115 3709 2188 3777 vult
2206 3707 2243 3776 ab

1267 3809 1384 3898 aliqua
1403 3821 1502 3897 parte
1524 3807 1713 3890 celebrari,
1735 3829 1781 3875 ne
1798 3819 1913 3878 totum
1934 3831 2043 3896 genus
2060 3805 2244 3880 humanum

1265 3907 1394 3977 frustra
1419 3907 1602 3978 conditum
1624 3909 1687 3989 sit,
1720 3921 1754 3978 et
1777 3921 1889 3978 totum
1913 3923 1994 3980 ruat
2013 3909 2050 3978 in
2072 3923 2243 3981 aeternnm

1266 4009 1425 4080 exitium.

1368 4104 1465 4180 Proh
1495 4111 1618 4192 dulor,
1652 4112 1802 4181 maxima
1834 4131 1916 4202 pars
1946 4112 2083 4202 generis
2108 4105 2243 4182 humani

1265 4213 1350 4282 facit
1366 4213 1502 4302 ingrata
1521 4209 1619 4297 Deo,
1644 4226 1679 4282 et
1701 4214 1799 4282 omni
1822 4235 1949 4303 genere
1969 4215 2139 4283 scelerum
2164 4213 2241 4279 iram

1268 4315 1342 4384 eius
1363 4313 1496 4398 irritat,
1530 4309 1719 4403 Epicurei,
1743 4311 1940 4398 Haeretici,
1972 4310 2242 4392 Mahometistae,

1269 4414 1406 4498 lndaei,
1444 4410 1630 4484 horrendis
1652 4415 1877 4484 contumeliis
1905 4413 2040 4496 Deum,
2079 4429 2114 4487 et
2141 4415 2240 4483 filium

1269 4519 1343 4586 eius
1357 4514 1552 4586 Dominum
1575 4529 1735 4586 nostrum
1754 4514 1867 4586 lesum
1883 4511 2064 4586 Christum
2088 4517 2240 4596 afficiunt,

1268 4619 1397 4687 deinde
1415 4617 1555 4710 tyranni
1573 4615 1713 4687 iniustis
1729 4617 1832 4686 bellis
1852 4632 1886 4688 et
1902 4618 2067 4687 caedibus
2082 4617 2240 4708 dissipant

1269 4715 1461 4799 Ecclesiae,
1488 4741 1611 4807 magna
1630 4743 1710 4809 pars
1726 4713 1911 4798 hominnm
1929 4719 2113 4791 obscoenis
2133 4716 2240 4788 libidi-
2300 4763 2301 4792 ,

1269 4821 1375 4890 nibus
1402 4835 1434 4892 et
1464 4819 1541 4888 aliis
1566 4820 1660 4888 vitiis
1677 4818 1790 4893 Deum
1804 4821 1965 4890 offendit.
2300 4819 2301 4892 l

1370 4920 1440 4992 Sed
1472 4946 1516 4990 ne
1548 4921 1721 4991 universa¹
1744 4915 1932 4996 hominum
1967 4938 2093 4994 natma
2126 4933 2237 5015 peren,
2300 4993 2301 5000 χ

1269 5020 1364 5093 Dens
1382 5037 1497 5092 tomen
1517 5023 1655 5114 aliquos
1670 5024 1843 5112 excerpit,
1874 5023 2037 5095 videlicet
2063 5019 2237 5094 Ecclesiam

1270 5149 1387 5210 suam,
1414 5149 1502 5216 qnae
1525 5124 1558 5192 ei
1580 5138 1676 5212 grata
1699 5123 1800 5209 lacit,
1825 5124 1943 5204 audit,
1969 5127 2109 5196 invocat
2128 5126 2238 5216 ipsum,
2300 5167 2301 5212 ,

1271 5227 1421 5296 celebrat
1457 5225 1589 5310 lilium,
1640 5227 1755 5294 studet
1786 5248 1980 5316 propagare
2014 5239 2049 5296 et
2081 5226 2237 5297 illustrare
2300 5219 2301 5294 l

1271 5323 1514 5416 Evangelium,
1540 5327 1631 5416 regit
1645 5349 1760 5396 mores
1774 5349 1855 5397 snos
1871 5351 1915 5395 ne
1930 5342 2081 5400 noceant
2097 5329 2179 5412 aliis,
2201 5347 2236 5391 ne

1270 5429 1432 5518 polluant
1446 5423 1650 5500 Ecclesiam.
