4704 5826
183 309 260 386 939
445 299 451 310 ’
750 283 909 368 DECL.
943 281 1017 364 DE
1049 277 1361 362 nocibilia
1395 277 1660 360 Anauon.
2153 276 2232 356 utu

180 477 375 578 petulantia
394 471 577 554 ludamus,
602 463 778 556 fingendis
792 463 901 536 variis
914 433 977 534 aut
991 474 1172 532 monstro-
1232 457 1327 530 cium
1341 469 1395 528 est
1408 457 1523 530 oratio
1540 457 1707 528 derebus
1722 453 1841 528 bonis.
1888 449 1938 529 Et
1950 455 2057 529 simol
2073 449 2229 544 hirsuta

182 589 230 656 sis
257 579 508 676 opinionibus,
540 573 600 640 sed
624 569 698 641 Deo
726 592 791 662 pro
816 591 879 638 sna
898 567 996 648 lnce,
1025 561 1175 634 rectrice
1232 559 1481 651 coniungenda
1503 571 1673 646 sunt,¹ut
1691 558 1786 632 neus
1806 560 1972 632 conditor
1996 561 2137 652 generis
2162 555 2231 628 hu·

182 689 295 768 vitae,
321 679 450 774 gratias
473 697 646 764 agamus,
666 687 700 741 et
727 693 832 739 rrsrrm
855 670 949 739 vitae
973 668 1017 736 ad
1043 688 1177 736 ornan·
1230 662 1350 749 mani,
1374 675 1409 732 et
1432 663 1513 732 fons
1536 661 1730 754 sapientiae
1751 674 1866 732 servet
1887 681 1928 732 ac
1952 677 2051 753 regat
2073 685 2159 746 nos,
2191 675 2232 733 ut

184 791 266 859 dam
290 785 355 858 Dei
379 780 551 872 gloriam,
581 787 615 844 et
644 777 689 843 ad
725 773 972 843 illustrandam
998 765 1178 840 Ecclesiae
1231 766 1386 836 libenter
1406 763 1500 835 inter
1522 787 1590 834 nos
1611 777 1646 834 et
1670 763 1746 856 ipse
1769 775 1947 847 emmor,
1972 763 2046 835 imo
2069 777 2111 835 ut
2133 763 2245 834 lilius·
2338 779 2339 802 ¹

184 889 407 970 doctrinam,
454 877 541 952 haec
579 875 744 948 coelestia
783 875 879 944 dona
910 871 1178 944 transieramus.
1230 865 1420 959 Deionis,
1445 862 1895 955 utunuminipsosimns.

185 991 280 1066 Dixi,
368 979 567 1057 LausDeo.
1334 965 1424 1040 Cum
1441 981 1558 1038 autem
1575 989 1677 1058 saepe
1692 961 1752 1038 laic
1763 967 1809 1036 de
1825 964 2112 1038 consideratione
2123 981 2232 1037 natu-

481 1113 489 1124 ·
1231 1093 1293 1140 rae
1316 1067 1452 1140 dictum
1481 1069 1548 1154 sit,
1586 1083 1621 1139 et
1643 1067 1841 1160 amplitudo
1868 1069 2068 1159 argumenti
2091 1083 2233 1160 superet

190 1191 1179 1231 Μ
1232 1171 1397 1243 omnium
1439 1171 1648 1261 angelorum
1684 1183 1720 1240 et
1751 1163 1939 1240 bominum
1972 1173 2230 1264 eloquentiam,

1232 1289 1320 1345 tunc
1337 1273 1432 1342 enirn
1447 1287 1572 1342 natura
1590 1271 1720 1342 rectius
1732 1283 1982 1364 cognoscetur,
2015 1293 2096 1343 cum
2113 1271 2153 1341 in
2169 1273 2231 1342 illa

199 1371 266 1444 No.
286 1367 370 1440 120.
1003 1380 1032 1423 ⁸·
1060 1357 1155 1424 1⁵⁵⁰·
1233 1374 1376 1446 coelesti
1389 1369 1522 1446 schola.
1554 1371 1674 1444 ideam
1690 1371 1850 1444 universi
1862 1374 1982 1466 operis
1995 1375 2158 1446 ostendet
2174 1397 2233 1444 ar-

198 1463 370 1497 *m
1233 1472 1428 1561 chitectus,
1453 1475 1540 1545 alias
1561 1477 1605 1545 de
1628 1474 1697 1545 alia
1720 1487 1821 1567 parts
1841 1475 2011 1549 dicemus.
2063 1471 2117 1546 Ac
2133 1499 2232 1546 nunc

342 1609 348 1626 ‘
412 1596 486 1680 Do
514 1593 725 1678 dootrma
753 1599 952 1674 anatum.
1234 1579 1398 1670 alloquar
1421 1578 1679 1662 adolescentes,
1710 1597 1841 1672 eosque
1864 1578 1910 1646 ad
1933 1577 2101 1648 discenda
2127 1578 2231 1647 initia
2342 1589 2343 1592 ’

1234 1680 1417 1752 doctrinae
1446 1680 1662 1750 anatomicac
1691 1673 1919 1754 adhortabor.
1977 1674 2090 1750 Cuius
2113 1681 2231 1751 studia
2343 1771 2344 1794 Χ

258 1785 288 1836 “’
310 1767 709 1906 fnannin.l·.¹l:
732 1767 829 1892 nii
845 1765 1181 1891 ravennii-all:
1235 1782 1451 1877 uirumque
1471 1781 1617 1870 iuvant·
1643 1793 1705 1852 av
1727 1779 1899 1866 ruvo
1923 1779 2082 1874 rvfeeo
2100 1783 2146 1900 5¹⁸
2162 1777 2233 1853 hu·

289 1871 330 1974 lit.
349 1937 373 1980 r,
392 1917 416 1970 5.
436 1945 469 1954 -
502 1909 536 1970 lu
551 1909 641 1964 select.
659 1907 737 1960 liccl.
750 1907 779 1958 iu
799 1905 899 1973 scripta
914 1914 969 1958 est:
992 1903 1118 1975 „Oratio
1134 1921 1181 1958 re·
1234 1907 1340 1954 mano
1357 1905 1484 1973 genere
1500 1883 1678 1976 praeclare
1696 1895 1889 1954 meremur·
1941 1881 2038 1953 Haec
2053 1907 2152 1952 enlm
2175 1907 2233 1954 81·

291 1987 370 2042 tillia
385 2005 400 2038 Ι
414 1985 450 2036 D·
468 1981 559 2035 heob-
576 1976 700 2032 MiliCblss
716 1974 750 2028 de
769 1975 862 2028 lindio
884 1974 1024 2030 dominae
1044 1976 1183 2028 flumini·
1234 1985 1368 2078 pientia
1384 1999 1420 2056 et
1435 1987 1596 2056 moribus
1612 1983 1711 2055 utilis
1726 1996 1797 2070 est,
1822 1997 1857 2056 et
1880 1983 1925 2054 ad
1941 1986 2112 2055 tuendam
2133 1986 2233 2054 vale·

291 2053 371 2114 cae.''
408 2051 569 2106 Accuralius
585 2067 612 2101 m
629 2043 737 2097 brtord.
753 2061 808 2099 stc:
1235 2087 1419 2174 tudinem,
1455 2101 1491 2158 et
1518 2089 1563 2156 ad
1592 2085 1822 2178 depellendos
1849 2085 1993 2157 morbos
2022 2087 2231 2159 necessaria.

193 2199 1183 2292 oratioracttataaD.1acobobritannio,noer.
1236 2188 1358 2277 Quare
1381 2203 1415 2259 et
1438 2191 1500 2258 illa
1520 2202 1654 2260 vetusta
1679 2201 1714 2259 et
1735 2187 1877 2280 sapiens
1898 2187 2092 2282 antiquitas
2122 2184 2233 2259 huius
2345 2181 2346 2196 ¹

192 2327 292 2394 ortis
320 2313 514 2404 medicae,
561 2314 601 2380 t‘n
634 2311 924 2378 renunciatione
960 2305 1106 2404 gradus
1134 2311 1184 2381 D,
1237 2290 1786 2362 doctrinaestudiosissimaluit.
1830 2285 1968 2362 Multae
1982 2303 2086 2376 sunt,
2109 2304 2149 2362 ut
2164 2292 2233 2359 sci-

193 2423 306 2498 Punli
333 2417 514 2504 Vndinus',
543 2414 715 2484 Doctoris
737 2419 811 2480 ort.
832 2407 953 2496 med,
994 2408 1183 2482 dcatndio
1237 2389 1838 2486 21⁸2d⁰clrl¹¹³⁰l>l¹y⁵i⁰³⁰l³³rl⁰⁸·
1885 2387 2232 2485 3¹⁰fdl³qu³0d³m
2346 2445 2347 2452 κ

247 2525 442 2598 doctrinae
470 2517 718 2588 anatomicos.
775 2509 1008 2608 Witeberpue
1032 2535 1132 2584 anno
1237 2496 1365 2566 usitate
1380 2489 1564 2564 inscbolis
1580 2496 1772 2564 traduntur
1787 2491 2047 2580 declamantis,
2072 2495 2116 2564 de
2134 2505 2232 2564 cerlo

480 2623 531 2693 M,
545 2619 593 2688 ῃ,
611 2619 653 2688 ι,
679 2613 741 2686 dfe
761 2613 797 2688 6,
811 2615 901 2686 Nou,
1237 2619 1386 2666 numero
1418 2597 1613 2689 primarum
1639 2596 1870 2688 qualitatum,
1912 2593 2044 2690 quibus
2068 2595 2233 2666 miranda

1238 2699 1410 2790 sapientia
1430 2695 1527 2768 Deus
1547 2698 1777 2786 vagabundae
1802 2695 1971 2768 materiae
1994 2696 2097 2790 quasi
2119 2711 2232 2768 melas

193 2785 282 2868 Ideo
304 2787 441 2882 generis
462 2783 607 2855 humani
632 2783 864 2866 consociatio,
889 2783 1098 2856 admiranda
1120 2785 1186 2857 Dei
1239 2801 1490 2886 circumdedit,
1515 2802 1560 2868 de
1574 2801 1672 2883 1000,
1698 2799 1742 2868 de
1764 2811 1886 2880 motu,
1911 2799 1956 2870 de
1978 2811 2161 2892 temporo,
2187 2801 2232 2869 de

196 2895 368 2991 sapientia
393 2891 552 2960 instituta
576 2899 645 2968 est,
671 2885 793 2954 otalii
818 2885 906 2954 alios
928 2883 1062 2956 deDeu
1087 2887 1186 2982 et]‹le
1239 2903 1449 2994 corporibus
1465 2902 1596 2981 mixtis,
1621 2899 2100 2972 dediffereotiimuaomm,
2134 2897 2234 2971 Haec

195 3023 316 3072 rerum
333 3010 461 3064 natnra
478 2993 655 3071 doceant,
673 2999 708 3055 et
724 2988 800 3056 vult
813 2985 909 3056 Deos
929 2988 1071 3076 publice
1093 2991 1187 3060 inter
1239 3003 1511 3097 qualiacumque
1531 3002 1674 3072 exordia
1696 3002 1862 3092 cognosci
1882 3025 2022 3076 nocem
2043 3015 2106 3075 cot,
2160 3001 2234 3074 Sed
2349 2997 2350 3000 ’

195 3100 359 3173 homines
375 3117 501 3163 sonare
517 3087 696 3160 doctrinae
713 3112 852 3172 vocem,
881 3088 1019 3156 landari
1044 3114 1100 3160 res
1121 3093 1186 3160 bo·
1239 3107 1410 3174 tradenda
1427 3119 1510 3175 oum
1527 3104 1673 3188 ordine,
1698 3115 1734 3174 ot
1756 3127 1831 3174 non
1852 3104 2055 3174 mimum
2076 3105 2233 3196 praesti.

197 3227 262 3274 nae
288 3215 322 3270 ct
345 3193 539 3286 vituperari
561 3190 687 3260 malas:
715 3190 791 3258 vult
809 3190 912 3260 rectis
934 3188 1076 3260 iudiciis
1099 3217 1187 3264 con·
1238 3207 1316 3296 gigo
1336 3207 1499 3276 inanium
1522 3205 1824 3298 disputationum,
1849 3206 2131 3300 qualesfoeront
2148 3207 2233 3276 illae

198 3299 433 3376 seruientibus
447 3299 520 3386 regi
542 3315 651 3384 genus
668 3287 882 3376 humanum,
917 3313 990 3408 ⁰.⁰¹¹
1011 3295 1088 3362 vuli
1111 3296 1187 3364 ⁸3¹¹·
1239 3321 1373 3380 veteres
1393 3311 1438 3378 de
1462 3305 1658 3378 Democriti
1682 3307 1828 3389 atomis,
1851 3321 1886 3379 et
1905 3308 2039 3378 multae
2063 3323 2233 3396 recentes,

198 3409 299 3500 gulos
325 3403 501 3493 dispertoe
530 3421 569 3466 ³⁶
599 3394 757 3487 Ρῑῑιόῑῑῑθ8
777 3393 997 3462 ⁶⁰m¹¹¹l¹¹¹⁵⁰i
1025 3397 1187 3488 llf⁰l³rl³⁸
1239 3433 1285 3480 an
1309 3423 1423 3480 totum
1446 3409 1688 3498 distinguatur
1711 3432 1730 3478 a
1753 3407 1914 3500 partibus
1934 3409 2042 3480 simul
2069 3413 2233 3502 sumptis,

198 3509 405 3602 opiniones,
454 3519 603 3594 quarum
644 3496 794 3564 vitlem
830 3496 951 3590 (lbfflll
991 3499 1186 3581 veritatem,
1239 3511 1392 3584 stallae.
1440 3511 1580 3582 Accidit
1598 3511 1693 3580 enim
1708 3524 1742 3580 et
1756 3509 1794 3580 in
1810 3505 1879 3582 hoc
1894 3533 2022 3602 genere
2037 3512 2235 3599 doctrinae,

198 3611 314 3684 Deum
331 3601 544 3676 contumelia
559 3599 686 3677 allicit,
710 3609 744 3664 οἱ
760 3597 1024 3668 dislrflclifflflffl
1048 3601 1187 3688 generis
1238 3613 1465 3704 ingeniorum
1485 3613 1659 3698 vanitate,
1683 3625 1725 3684 ut
1740 3611 1871 3682 relicus
1891 3613 2050 3684 materiis
2071 3637 2235 3684 necessa-

197 3711 347 3786 hnmaui
360 3707 445 3777 facit
464 3701 652 3772 inlinitum.
703 3695 833 3768 Coetus
851 3699 960 3788 igitur
975 3699 1185 3773 discentium
1238 3717 1321 3800 riis,
1346 3718 1431 3809 quia
1443 3716 1659 3786 videbamur
1674 3737 1748 3783 eoa
1762 3727 1886 3799 norae,
1910 3717 2037 3808 procul
2053 3719 2234 3810 quaesitae

198 3829 234 3886 el
250 3809 455 3883 docentium
471 3802 623 3874 inslllull
639 3814 720 3869 sttnt
729 3851 741 3882 ,
766 3815 802 3871 el
819 3801 953 3892 publici
968 3825 1187 3892 congressus,
1239 3819 1311 3888 sint
1327 3817 1497 3908 argutiae,
1523 3817 1796 3887 admirationem
1812 3815 1992 3909 pariturae
2008 3833 2153 3910 propter
2165 3843 2233 3890 no.

198 3941 273 3988 non
290 3914 403 3982 solum
419 3911 462 3978 ad
479 3904 665 3976 innuenda
682 3901 829 3981 iudicia,
855 3905 915 3971 sed
932 3903 1039 3972 ‘liam
1056 3909 1099 3975 ud
1116 3907 1187 3977 fre·
1238 3919 1400 4004 vitatem,
1441 3942 1523 3988 cum
1552 3941 1675 3988 revera
1705 3918 1810 4006 longe
1830 3917 1950 4003 ⁸maior
1978 3919 2024 3990 sit
2045 3921 2232 4012 sapientia,

200 4019 356 4090 ualidam
376 4026 410 4082 ei
430 4003 684 4079 cohercendum
707 4004 932 4092 ingeniorum
952 4007 1184 4094 peltllalillatn
1238 4021 1427 4090 mediocris
1451 4019 1688 4090 consideratio
1711 4041 1850 4106 rerum,
1876 4043 1964 4113 quos
1983 4019 2079 4091 Deus
2101 4022 2142 4091 in
2166 4047 2233 4093 no.

199 4135 236 4192 et
259 4116 460 4186 vanitatem.
513 4106 561 4179 Ut
584 4110 692 4196 igitur
717 4107 876 4174 iuniores
897 4106 1041 4180 videant
1064 4124 1098 4180 et
1123 4135 1186 4180 au·
1238 4135 1318 4192 tura
1332 4123 1510 4206 condidit,
1535 4123 1573 4190 in
1590 4121 1721 4216 qnibns
1737 4120 1893 4214 conspici
1908 4143 2008 4192 suam
2023 4123 2233 4216 sapientiam

199 4226 317 4304 diaut,
350 4239 438 4309 quae
468 4210 710 4280 doctrinarum
738 4231 883 4298 genera,
908 4231 999 4300 quae
1027 4226 1119 4283 artes
1152 4228 1187 4284 et
1240 4223 1371 4309 voluit,
1402 4247 1508 4317 quarn
1537 4224 1618 4295 illae
1638 4225 1831 4294 verborum
1855 4223 2117 4313 cavillationes,
2145 4253 2234 4321 qua-

199 4325 260 4420 qni
280 4319 427 4390 artifices
450 4313 582 4384 iudicio
600 4310 780 4379 seniorum
802 4309 1015 4398 probentur,
1043 4333 1118 4384 mos
1136 4330 1187 4388 est
1238 4350 1319 4396 rum
1337 4326 1438 4398 nulla
1455 4325 1559 4395 estin
1579 4327 1650 4396 vita
1666 4323 1814 4400 utilitas.

120 4421 126 4430 ⁸
198 4423 263 4496 lias
293 4415 489 4492 testimonii
520 4413 632 4484 nostri
659 4411 946 4481 coadunationes
971 4415 1112 4503 publice
1134 4418 1187 4486 sa·
1342 4425 1427 4498 Mor
1446 4443 1563 4498 autem
1578 4451 1619 4496 ex
1642 4427 1714 4496 illis
1736 4425 1890 4498 exordiis
1909 4421 2064 4524 physicis
2080 4429 2233 4500 ducatur

199 4549 288 4600 cece.
338 4519 457 4593 ‘Simul
476 4515 581 4586 etiam
603 4513 642 4631 io
663 4509 719 4582 his
741 4514 984 4600 congressibus
1012 4511 1188 4589 habentur
1240 4529 1406 4599 iuventus
1423 4530 1717 4620 adaspectionem
1733 4524 1884 4600 humani
1907 4531 2084 4622 corporis,
2109 4545 2233 4604 tatuos

200 4629 399 4704 orationes,
424 4642 500 4688 non
516 4617 614 4685 inam
636 4616 890 4732 ostentatione,
917 4617 977 4683 sed
1001 4633 1043 4689 nt
1066 4621 1189 4690 iunio-
1240 4631 1353 4721 ipsos,
1379 4631 1442 4725 qui
1462 4645 1555 4703 certe
1577 4631 1807 4724 praecipuum
1831 4653 1921 4723 opus
1943 4631 1983 4701 in
2007 4629 2074 4704 hac
2096 4633 2232 4704 visibili

198 4755 256 4803 res
275 4721 563 4802 commonebant,
588 4739 739 4835 quirum
755 4729 886 4786 ”llum
902 4721 1058 4807 ⁶⁰8⁰l¹l⁰
1083 4745 1188 4814 “pe-
1240 4745 1366 4803 natura
1387 4721 1528 4812 snmus,
1554 4755 1743 4823 agnoscere
1761 4732 1983 4826 incipiamus.
2032 4729 2081 4806 ln
2105 4757 2232 4829 quam-

197 4834 306 4905 tenda
336 4828 397 4912 sit,
431 4845 520 4918 quae
548 4841 736 4908 opiniones
758 4819 946 4908 fugiendae
966 4823 1057 4907 tint,
1090 4842 1131 4897 nt
1153 4839 1188 4896 el
1240 4834 1294 4904 vis
1312 4835 1462 4905 dulcedo
1481 4835 1693 4928 cognitionis
1708 4857 1772 4926 per
1788 4855 1862 4905 sese
1875 4833 2003 4908 invitat
2018 4835 2114 4908 bona
2131 4838 2232 4928 iuge-

197 4932 296 5008 Deus
323 4941 418 5001 recte
439 4923 654 5002 celebretur.
688 4933 722 4988 ct
742 4916 828 4990 haec
850 4915 1036 4994 hominum
1060 4941 1187 4998 natura
1240 4935 1320 5021 nia,
1354 4949 1471 5007 tamen
1496 4951 1531 5006 et
1556 4937 1721 5006 utilitatis
1743 4937 1990 5026 magnitudine
2012 4961 2232 5022 moveamur,

197 5036 361 5128 copulata
375 5027 515 5120 legibus
530 5037 564 5095 et
577 5023 670 5092 veris
683 5022 819 5093 actibus
834 5039 1071 5098 conservetur.
1105 5027 1188 5099 Non
1241 5061 1331 5136 quae
1345 5039 1490 5131 quidem
1507 5039 1546 5106 iu
1564 5051 1752 5130 conspecto
1767 5053 1831 5113 est.
1878 5035 1987 5111 Ratio
2002 5042 2157 5112 tuendae
2171 5067 2232 5114 va-

196 5139 305 5229 igitur
320 5130 510 5204 convenire
526 5150 563 5198 se
584 5126 750 5196 iuventus
766 5123 811 5195 ad
829 5125 971 5198 inutilia
992 5132 1187 5220 spectacula
1241 5139 1411 5210 latudinis
1431 5163 1505 5209 non
1530 5153 1645 5232 potest
1660 5139 1821 5234 quotidie
1837 5161 1879 5210 ex
1892 5141 2112 5213 medicorum
2130 5165 2234 5238 prae.

195 5255 231 5313 et
246 5240 291 5309 ad
306 5236 410 5306 ludos
426 5229 619 5306 existimet,
645 5228 705 5297 sed
724 5228 770 5296 ad
791 5221 976 5343 honestam
999 5245 1034 5301 et
1055 5233 1188 5304 saluta·
1241 5241 1380 5333 scriptis
1394 5243 1488 5333 peti,
1510 5243 1570 5310 sed
1588 5238 1707 5336 aliqua
1731 5265 1772 5311 ax
1793 5253 1893 5333 parte
1915 5243 2064 5333 singulis
2087 5259 2233 5340 propter

194 5365 271 5414 rem
287 5330 672 5412 wmmoneloctiunem.
722 5324 928 5446 thrpdem
943 5331 1127 5427 intemplo
1144 5337 1188 5406 ad
1241 5343 1449 5437 quotidiana
1480 5344 1636 5435 pericula
1669 5357 1859 5414 notasses
1891 5345 2012 5426 debet,
2055 5349 2231 5443 adquam

195 5463 294 5516 aram
316 5435 568 5517 convenimus,
592 5432 678 5525 quia
700 5428 938 5520 gratissimum
953 5428 1031 5506 Deo
1054 5437 1188 5510 sacrili-
1241 5447 1519 5536 cognoscendam
1528 5447 1684 5537 proiecto
1694 5467 1834 5517 necesse
1847 5459 1900 5518 est
1911 5447 2106 5520 multorum
2121 5475 2232 5521 mem-
