4688 5826
67 275 130 352 ιιι
539 219 542 224 ’
689 191 863 340 ιιιιοιζ
901 257 981 338 nu
1013 253 1448 373 emansorem·
1685 331 1687 336 ,
2002 259 2079 336 ιιι

69 452 195 518 etrecta
209 439 267 512 vis
280 435 670 534 inquiritetp'atelscit.
722 434 855 526 Qniin·
866 459 916 508 ee'
925 435 1044 510 studio
1077 427 1381 509 'Mathematioem
1437 431 1508 505 Sed
1532 431 1567 504 'et
1585 427 1673 504 haec
1699 433 1782 527 pies
1810 459 1892 506 curu
1918 425 2080 530 Pbysi'cis

68 552 146 620 bene
165 542 365 623 assuefacti,
399 537 475 622 tear
497 541 571 612 sibi
589 553 823 631 paraverunt,
853 539 1045 610 revocandi
1091 538 1336 627 coniungenda
1351 547 1415 608 est.
1467 531 1555 606 lude
1571 535 1666 606 enim
1682 537 1778 610 velut
1795 561 1836 608 er
1850 539 1948 610 fonte
1962 539 2079 630 plera-

68 646 173 721 omnia
191 647 236 718 ad
251 638 477 724 methodum,
501 666 592 737 quae
609 641 808 733 intelligere
829 643 1044 716 auttradere
1092 639 1214 736 quein
1232 635 1393 734 Physicis
1417 638 1593 710 oriuntur.
1641 635 1691 710 Et
1710 640 1889 711 barbaries
1904 641 2080 734 quaedam

68 751 135 822 aliis
154 747 322 839 copiunt,
354 741 393 816 hi
410 759 545 816 nomnt
565 743 670 816 etiam
686 743 725 816 in
743 743 1045 836 disputationibus
1092 755 1160 827 est,
1186 757 1227 812 ut
1251 737 1345 811 nihil
1370 741 1468 814 alind
1493 740 1627 825 dicam,
1663 755 1887 813 contemnere
1901 742 1982 812 illas
1998 742 2080 834 pnl-

68 850 234 941 religionis
249 849 443 919 informare
460 842 668 938 methodos,
694 847 857 917 evolvere
868 847 1045 930 intricata,
1091 839 1283 916 chen-imas
1298 855 1406 930 artes,
1431 846 1475 913 de
1490 843 1646 914 motibus
1660 846 1844 939 syderum,
1870 867 1961 939 quae
1974 843 2081 914 nobis

68 954 218 1044 dissipata
231 943 461 1036 contrahere,
485 949 646 1020 obscuris
663 961 700 1020 et
720 949 895 1040 ambiguis
915 950 1045 1019 addere
1091 969 1204 1016 annos
1241 961 1276 1018 et
1315 937 1513 1037 temporum
1555 945 1762 1015 discrimina
1793 947 2001 1032 conficiunt,
2043 957 2080 1016 et

68 1059 186 1127 lumen.
861 1083 864 1088 ·
1091 1051 1224 1120 multas
1246 1071 1302 1118 res
1323 1049 1493 1118 maximas
1507 1061 1671 1118 venturas
1683 1049 1920 1134 denunciant,
1944 1069 2081 1140 nosque
2154 1089 2155 1094 ι

151 1153 284 1243 Magna
308 1165 344 1222 ct
368 1151 511 1243 copiosa
533 1151 695 1224 doctrina
718 1154 763 1222 ad
789 1151 936 1224 alteram
957 1173 1044 1236 rem,
1090 1151 1228 1222 utiliter
1241 1157 1400 1226 mobent.

68 1258 199 1340 scilicet,
232 1255 277 1324 ad
304 1253 527 1324 formandam
555 1254 753 1325 orationem
774 1278 867 1348 opus
893 1267 964 1337 est,
1004 1265 1045 1323 nt
1193 1299 1267 1370 Nec
1297 1324 1360 1390 ego
1386 1301 1511 1390 ignom
1541 1297 1638 1370 ,qiud
1669 1299 1852 1370 dominae
1876 1323 1986 1390 genu,
2007 1323 2081 1372 ωε

67 1371 185 1532 §ciffi
190 1379 271 1527 ¹1³¹:
267 1355 1045 1537 tn{ngsseffifflffffiffifflssnamhssffi
1091 1397 1377 1524 Philosophiam,
1410 1397 1509 1472 aliud
1530 1396 1776 1491 Theologiam.
1833 1400 1908 1472 Nec
1930 1425 1993 1492 ego
2019 1401 2082 1472 illa

68 1581 234 1651 paremus,
262 1581 338 1627 non
353 1557 491 1628 minore
506 1559 805 1652 studioopumt·
844 1558 1046 1652 Noepomt
1091 1522 1139 1580 rta
1161 1505 1302 1575 misceri
1327 1503 1428 1588 volo,
1461 1503 1921 1574 utconsunditmultaiurs
1938 1526 2083 1598 coquus,

69 1657 142 1732 haec
163 1659 370 1748 contingere
393 1659 456 1744 iis,
490 1660 554 1752 qui
575 1685 650 1732 uon
670 1663 861 1732 assuefiunt
878 1661 917 1730 in
931 1661 1046 1752 pluri·
1092 1609 1153 1680 ⁸²d
1177 1606 1339 1728 idiuvari
1362 1601 1585 1728 Thi⁰¹⁰gum
1609 1605 1691 1723 ‘'⁰i0
1714 1603 1753 1674 ³¹¹
1775 1605 1981 1724 ⁰⁰⁰⁰¹¹⁰i⁰i³
2008 1629 2083 1724 'ni'

67 1763 122 1834 ω
147 1754 400 1852 Philosophiae
428 1762 608 1851 partibus,
631 1763 687 1832 'in
722 1765 853 1857 quibu·
884 1763 946 1858 qui
971 1785 1044 1832 non
1092 1706 1204 1828 thoda.
1257 1708 1497 1828 Multaetsam
1513 1721 1667 1828 rprrtuarr
1686 1701 2082 1826 eumexPhrlosopbra
2122 1839 2134 1858 ό

68 1877 272 1946 exercentur,
300 1859 902 1952 etiamsiattigeruntDialecticam,
929 1877 1044 1935 menen
1092 1833 1232 1882 meme
1263 1825 1340 1880 ω’
1408 1809 1448 1881 ⁸¹
1476 1833 1555 1902 ΨΜ
1587 1804 1669 1878 hum
1696 1823 1853 1880 mmmm
1881 1833 1955 1878 ⁰⁰¹¹
1976 1804 2083 1878 habet

69 1979 186 2036 „upum
206 1965 370 2034 „mmm
386 1965 566 2057 quandam
586 1959 747 2035 methodi
768 1979 1046 2061 consequuntur·
1093 1916 1217 1994 fidem,
1243 1913 1273 1981 is
1295 1911 1496 1982 consideret
1518 1911 1743 2028 indoctorum
1768 1905 2023 2030 ζΠιεοΙοςίξιιιι,
2050 1922 2084 1978 et

68 2065 129 2136 N„
153 2065 215 2134 ,pi
244 2065 387 2155 „epm
422 2063 549 2134 ,qim
578 2079 612 2136 ,t
631 2061 832 2159 sophistico
860 2067 1045 2158 colligum,
1093 2017 1409 2108 apudsereputet‚
1435 2037 1481 2082 an
1499 2014 1662 2104 expedire
1680 2025 1853 2082 existimet
1873 2014 2084 2082 orbrterra-

71 2192 160 2260 mam
177 2167 248 2238 iffi,
299 2163 463 2260 Cumque
485 2189 523 2234 se
544 2168 692 2238 artifices
714 2165 963 2240 methodicae
980 2193 1047 2260 pu·
1093 2143 1172 2189 rum
1191 2117 1297 2188 talem
1322 2117 1570 2185 confusaneam
1592 2109 1849 2205 sophisticam,
1882 2113 2084 2204 ambiguam

70 2282 146 2352 tent,
170 2281 291 2340 tamen
314 2265 371 2334 via
394 2269 577 2353 deerrarit,
610 2281 645 2340 et
671 2285 773 2351 sunt,
799 2283 839 2342 ut
854 2271 1046 2343 Homerico
1093 2216 1325 2307 Th⁸⁰¹⁰3i³m
1357 2213 1480 2287 invehi
1509 2217 1546 2342 ἔῃ
1578 2211 1781 2334 pedem·
1839 2210 1888 2286 Et
1921 2216 2084 2286 i⁰d⁰⁰²⁰⁸

1093 2345 1180 2392 voco
1204 2343 1279 2390 non
1300 2320 1417 2388 solnm
1441 2319 1547 2389 rudes
1569 2317 1771 2397 literarum,
1804 2331 1844 2388 ut
1875 2329 1958 2388 sunt
1983 2315 2084 2386 Ana.

17 2417 18 2468 1
71 2371 162 2440 ”dm
193 2381 295 2448 Μ’
337 2360 575 2440 mamm·
647 2369 760 2442 P⁰ff⁰
796 2395 871 2443 ⁰⁰¹¹
909 2386 1047 2498 niumm
1093 2424 1284 2515 baptistae,
1306 2424 1364 2490 sed
1381 2419 1750 2510 etiamillosineptos‚
1777 2417 1929 2512 quicum
1946 2417 2084 2508 magni-

72 2485 198 2562 P¹⁰P¹²¹
219 2464 447 2555 'mmmm’
477 2493 540 2541 ’ω
569 2481 610 2541 ¹¹¹
630 2469 733 2543 mm
754 2487 856 2546 '⁰⁰³²
878 2469 1049 2574 dmm
1093 2510 1156 2596 bce
1171 2523 1417 2608 declamitant,
1442 2537 1559 2594 tamen
1576 2522 1662 2592 certi
1677 2515 1768 2590 nibil
1784 2521 1927 2606 dicunt,
1953 2520 2084 2613 etquia

71 2565 355 2741 (lympanum,
373 2593 473 2741 1⁰⁹¹„
488 2568 801 2666 ²⁸tphss⁰⁸⁰phi³3
828 2577 890 2646 ”d
910 2591 952 2647 ω
967 2592 1048 2647 ³⁰¹⁰
1094 2630 1138 2697 ad
1155 2621 1362 2695 methodum
1388 2649 1461 2694 non
1485 2636 1570 2693 sunt
1590 2621 1792 2707 assuefacti,
1820 2635 1854 2691 et
1867 2622 1952 2716 quia
1968 2623 2085 2692 fontes

91 2699 150 2758 ιιι,
180 2692 287 2746 enam
309 2697 371 2742 mu
388 2685 420 2742 ta
445 2675 655 2744 assumenda
686 2691 769 2750 sunt
798 2674 983 2768 Theologo
1007 2701 1047 2747 ex
1093 2753 1212 2798 mum
1244 2751 1317 2796 mn
1341 2727 1425 2797 mis
1447 2739 1586 2808 mem,
1617 2738 1801 2815 propterea
1825 2724 1908 2817 quia
1933 2747 2013 2794 mm
2044 2721 2084 2792 in

17 2809 19 2866 ἶ
71 2768 230 2869 Ρὴβὴίἣ
261 2773 681 2863 ΠΜΜΜΨΙΜΜ
700 2779 855 2868 padum
874 2780 983 2865 τώδ’
1009 2794 1048 2848 m
1092 2825 1325 2920 Philosophia
1345 2853 1420 2897 non
1446 2829 1517 2897 sint
1537 2825 1710 2905 instituti,
1744 2847 1819 2894 non
1839 2824 2085 2896 satisvideant

17 2869 20 2952 ³.
73 2869 133 2993 ᾤ’
162 2877 223 2970 qni
248 2875 400 2945 mudum
417 2877 617 2948 dominnm
641 2889 831 2970 expetunt'
863 2903 937 2950 ¹¹⁰⁰
964 2881 1049 2950 Μὴ
1094 2945 1154 3002 aut
1197 2932 1256 3000 uid
1275 2925 1415 2999 Theolo
1441 2929 1472 2998 ia
1515 2929 1708 3000 robteatur'
1739 2941 1800 2998 aut
1864 2941 2083 2998 atenuscum

18 3003 20 3078 ι
72 2991 109 3046 nt
135 3003 239 3069 pauca
275 2979 454 3068 quaedam
483 3001 687 3070 excerpere,
728 2984 788 3052 scd
816 3005 873 3052 ars
898 2983 1049 3072 integra,
1095 2957 1327 3124 Phisswpbh
1348 2951 1555 3102 congeniis.
1702 2980 1713 3012 2
1814 2951 1863 3020 Ψ]

73 3095 225 3171 qnantum
250 3077 329 3148 fieri
354 3090 484 3170 potest,
519 3083 761 3169 cognoscenda
786 3097 851 3159 est.
910 3083 1046 3174 Magno

73 3179 292 3252 instrumento
313 3180 502 3250 destitutus
525 3194 577 3252 est
601 3177 823 3274 Theologns,
850 3185 1049 3278 quineseit
1195 3177 1296 3254 Nihil
1311 3207 1400 3274 opus
1418 3175 1540 3252 esthic
1554 3196 1687 3253 veteres
1704 3179 1785 3250 illos
1798 3201 2000 3260 recensere,
2021 3175 2084 3272 qui

74 3279 139 3350 illas
156 3281 412 3352 emditissimas
434 3282 712 3373 disputationes,
752 3288 798 3358 de
828 3287 967 3369 enims,
1002 3288 1049 3356 de
1094 3286 1294 3358 doctrinam
1306 3271 1546 3356 Christianam
1561 3281 1805 3354 insulsissimis
1820 3281 1967 3372 argutiis
1983 3279 2086 3374 peni-

74 3383 233 3470 tentibus,
257 3382 432 3454 decausis
445 3383 706 3476 appetitionum
721 3400 757 3458 et
770 3387 978 3470 effandum,
1004 3390 1049 3458 de
1094 3402 1152 3460 tus
1166 3387 1375 3460 obruerunt.
1433 3381 1621 3458 Eruditam
1643 3377 1914 3474 Philosophiam
1930 3381 2086 3476 requiro,

19 3559 20 3570 2
74 3483 204 3569 noticia,
229 3485 276 3555 de
298 3483 491 3556 voluntate.
547 3481 596 3556 Et
611 3504 818 3578 arroganter
837 3489 961 3572 faciet,
985 3491 1049 3583 qni
1096 3487 1267 3560 non'illas
1282 3487 1541 3568 cavillationes,
1567 3487 1698 3580 quibus
1719 3485 1840 3556 nullae
1854 3508 1908 3554 res
1922 3483 2085 3558 subsunt.

76 3607 104 3654 se
117 3587 295 3675 profitetur
308 3585 563 3672 Dialecticuns,
586 3587 619 3657 si
640 3589 752 3662 nescit
768 3589 849 3660 illas
864 3595 1047 3661 caussnrm
1096 3591 1180 3662 ldeo
1203 3588 1278 3662 dixi
1300 3613 1412 3660 unum
1427 3589 1606 3684 quoddam
1629 3580 1882 3678 Philosophiae
1897 3607 2007 3676 genus
2020 3585 2087 3654 eli-

76 3688 282 3775 psrtitiooes,
315 3709 405 3781 quae
430 3689 621 3760 traduntur
646 3703 787 3762 mutum
817 3691 857 3762 in
871 3687 1051 3788 Physicis,
1095 3693 1248 3784 gendum
1264 3713 1357 3775 esse,
1378 3691 1595 3784 quodquam
1611 3687 1799 3758 minimum
1810 3683 1938 3758 habeat
1953 3681 2086 3779 Sophi-

77 3801 103 3856 et
116 3787 259 3879 intelligi
281 3811 357 3857 non
372 3803 519 3879 possunt
540 3789 610 3860 nisi
626 3813 645 3860 s
663 3786 834 3887 Physicis.
886 3789 1048 3864 Omnino
1094 3795 1215 3878 elices,
1239 3807 1273 3864 et
1289 3793 1417 3862 iustam
1432 3785 1638 3861 methodum
1655 3789 1820 3862 retincat:
1845 3787 1927 3860 talis
1937 3801 1988 3858 est
2000 3784 2086 3860 Ari-

77 3899 120 3958 est
134 3891 225 3962 orbis
246 3891 395 3984 qnidam
417 3890 567 3977 artium,
597 3915 670 3986 quo
693 3893 788 3964 inter
807 3915 845 3964 se
865 3895 1050 3966 devinctae
1094 3895 1231 3968 stotelis
1245 3893 1419 3966 doctrina.
1470 3893 1541 3965 Sed
1559 3888 1772 3964 huictamen
1791 3889 1935 3960 aliunde
1948 3891 2086 3960 adden·

77 3991 311 4086 copulataeque
330 4006 416 4063 sunt
438 4015 581 4078 omnes,
613 4007 653 4065 ut
676 3993 721 4064 ad
751 3994 910 4086 singulas
934 3996 1050 4090 perci-
1095 4000 1141 4068 da
1166 4010 1218 4069 est
1240 3996 1302 4066 illa
1328 3994 1623 4086 praestantissima
1647 3986 1900 4084 Philosophiae
1919 4015 2017 4084 pars,
2040 3993 2086 4062 de

79 4088 224 4179 plmdas,
255 4091 371 4164 multa
391 4115 435 4164 es
456 4092 537 4163 aliis
559 4095 691 4166 assumi
721 4109 896 4188 oporteat:
940 4121 1049 4193 quare
1097 4098 1253 4168 motibus
1270 4097 1492 4168 coelestibus.
1541 4094 1632 4166 Nam
1656 4095 1812 4188 reliquae
1829 4106 1942 4164 sectae
1960 4093 2085 4186 plenae

79 4183 234 4266 hlesiae
249 4217 342 4286 opus
355 4207 409 4268 est
423 4207 497 4266 toto
512 4195 577 4266 illo
590 4197 832 4270 doctrinarum
847 4201 946 4272 orbe.
1095 4215 1179 4272 surrt
1194 4193 1430 4290 Sophistices,
1463 4211 1497 4268 et
1514 4197 1747 4268 absurdarum
1769 4209 1802 4268 et
1819 4195 1987 4266 salsarum
2004 4195 2085 4286 opi-

160 4294 239 4368 Non
264 4295 624 4392 opinorsqnenquam
648 4299 737 4370 adeo
764 4300 939 4372 insulsum
963 4323 1048 4382 esse,
1095 4302 1267 4384 nionum,
1292 4298 1501 4394 qnaeetiam
1520 4298 1680 4370 moribus
1697 4311 1835 4370 nocent.
1886 4295 1977 4368 Nam
2003 4297 2086 4368 illae

82 4405 188 4464 utnon
210 4397 489 4483 animadvertat,
524 4423 585 4470 eos
605 4401 667 4496 qui
681 4401 844 4472 instructi
860 4415 945 4473 sunt
961 4395 1048 4470 Pbi-
1094 4397 1311 4498 hyperbolae
1340 4399 1541 4472 Stoicorum
1565 4413 1648 4470 stant
1682 4399 1832 4469 omnino
1852 4395 2085 4492 sophisticae,

81 4489 219 4584 lotophia
233 4492 379 4583 morali,
405 4501 534 4570 multas
548 4518 663 4592 partes
678 4504 860 4574 doctrinae
875 4499 1049 4576 Christia—
1094 4505 1224 4575 bonam
1242 4501 1502 4583 valetudinem,
1534 4525 1618 4594 opes
1631 4495 1667 4573 'et
1687 4501 1816 4570 similia
1836 4523 1910 4571 non
1926 4523 2000 4572 csse
2019 4502 2085 4570 bo·

81 4615 133 4663 uae
145 4597 301 4670 foelicius
317 4611 470 4670 tractare
482 4623 595 4690 posse.
647 4601 738 4673 Nam
756 4629 836 4675 cum
848 4605 959 4676 multa
976 4604 1047 4676 sint
1095 4629 1153 4680 na.
1210 4597 1526 4676 commentitiaest
1541 4619 1576 4674 et
1590 4596 1772 4688 ἀπάθεια,
1801 4603 1889 4672 falsa
1913 4617 1948 4674 et
1963 4601 2085 4694 perni-

82 4693 206 4784 similia,
229 4703 275 4770 dc
290 4700 446 4790 legibus,
467 4703 581 4796 deque
597 4703 749 4792 politicis
759 4707 938 4790 moribus,
960 4731 1046 4778 con·
1094 4708 1188 4777 ciosa
1208 4706 1332 4800 opinio
1353 4708 1398 4776 de
1417 4707 1502 4781 fato.
1557 4703 1736 4798 Epicurus
1757 4727 1830 4774 non
1851 4699 2084 4797 philosopha-

83 4797 300 4887 tractihns,'et
313 4802 436 4874 multis
450 4804 543 4874 vitae
556 4805 700 4892 officiis,
719 4808 950 4893 adiuvamur,
972 4833 1046 4878 nou
1094 4821 1173 4894 tur,
1198 4811 1257 4878 sed
1273 4821 1472 4890 scurratur,
1498 4829 1579 4880 cum
1594 4809 1743 4878 affirmat
1758 4807 1878 4878 omnia
1898 4829 1980 4877 casu
1995 4804 2085 4875 exti-

81 4897 174 4968 solum
198 4903 324 4973 ordine
356 4929 398 4974 ac
430 4899 600 4975 methodo
625 4906 665 4976 in
693 4902 945 5002 Philosophia,
984 4912 1045 4980 sed
1094 4910 1194 4982 tissa:
1219 4909 1313 4981 tollit
1325 4909 1477 5001 primam
1499 4933 1657 4994 causam,
1683 4909 1894 4981 etdissentit
1909 4909 1954 4977 in,
1967 4919 2082 4978 totum

82 4997 165 5068 etiam
185 5006 295 5074 rebus
313 5005 400 5097 ipsis
421 5003 612 5096 diligenter
634 5009 826 5101 perceptis3
858 5024 894 5082 et
922 4991 950 5080 ii
975 5033 1045 5103 qua
1092 5037 1112 5082 a
1142 5033 1225 5082 vera
1253 5005 1486 5105 Physicorum
1520 5013 1693 5084 doctrina.
1758 5010 1941 5101 fugienda
1969 5021 2020 5080 est
2048 5021 2083 5079 et

84 5113 148 5170 ”tut
180 5105 383 5191 dissimilia,
434 5109 585 5181 multum
618 5109 709 5181 lucis
742 5112 857 5182 adfert
891 5113 1045 5184 collatio.
1092 5107 1305 5197 Academia,
1331 5127 1643 5206 quaenonsersat
1667 5109 1894 5197 methodum,
1919 5123 1954 5181 et
1974 5109 2082 5183 sumit

84 5191 173 5272 Porro
192 5221 231 5278 ut
251 5208 398 5280 claudus
416 5209 528 5300 pilam
549 5225 664 5303 tenet,
696 5213 746 5284 ita
776 5209 1043 5306 Philosophiam
1091 5215 1159 5284 sihi
1192 5213 1371 5285 licentiam
1413 5214 1681 5287 immoderatam
1724 5213 1842 5287 omnia
1881 5211 2082 5286 evertendis

84 5305 226 5376 noralem
235 5322 358 5382 tractat
371 5311 419 5396 is,
444 5333 549 5405 quem
558 5308 708 5408 Physica
722 5316 931 5390 destituunt
966 5314 1042 5388 lam
1091 5317 1187 5412 quod
1210 5315 1273 5410 qui
1296 5317 1413 5388 facere
1435 5320 1598 5403 student,
1630 5318 1696 5388 hos
1725 5337 1864 5388 neccsse
1891 5328 1943 5388 est
1970 5313 2081 5384 mulsa

82 5387 238 5497 historiae,
262 5425 461 5506 temporum
474 5428 592 5488 exacta
606 5417 829 5510 supputatio,
853 5420 1043 5514 requirunt
1090 5411 1281 5513 sophistice
1308 5417 1484 5509 colligere.
1551 5417 1765 5514 Quanquam
1795 5419 1825 5490 is
1862 5417 1924 5514 qui
1955 5417 2095 5488 ducem·
