4616 5816
86 185 152 342 tos
403 267 409 274 ·
568 243 1600 372 1111111111111141111111111111
2033 285 2109 362 roe

84 437 142 510 sed
163 455 222 526 age
243 433 447 523 fidemus,
478 437 565 533 quid
589 439 646 511 1111
667 441 745 512 ,tm
768 393 921 530 tribuat,
953 466 1058 538 quem
1110 436 1225 520 virtus
1248 439 1401 508 exerceri
1425 464 1466 512 11
1487 446 1636 534 spectari
1660 448 1759 519 solet.
1812 407 2049 533 Memoribile
2070 479 2105 540 et

82 538 268 629 politicum,
300 561 407 631 quem
432 537 634 634 Principem
659 543 697 613 iu
723 541 866 635 Repub.
887 557 992 639 quem
1014 545 1059 614 iis
1112 535 1178 610 boc
1203 551 1272 624 est,
1298 544 1394 633 quod
1418 548 1568 616 eundem
1592 563 1626 619 et
1637 553 1954 640 prudentissimum
1971 563 2053 635 11111
2071 583 2105 641 11

82 639 200 734 ingenii
217 639 380 724 dotibus,
405 639 521 734 iisque
536 643 671 714 artibus
687 669 727 714 ac
742 645 932 718 virtutibus
955 671 1057 738 prae·
1110 641 1448 734 eloquentissimum,
1467 647 1663 742 tribuitque
1678 653 1710 721 ei
1725 656 1922 728 orationem
1941 663 2104 741 similiter

80 743 179 811 ditum
200 735 321 829 fingit,
356 742 488 834 quibus
514 745 670 816 civitates
696 748 735 816 in
759 771 842 838 pace
865 747 993 818 florere
1017 773 1057 818 ac
1109 743 1319 812 fluminibus
1348 738 1508 816 hibernis
1539 751 1684 822 nivibus
1714 758 1824 826 auctis
1854 761 2042 855 lluenlet'n,
2068 787 2103 845 et

79 842 253 933 gabernari
267 842 404 928 solent,
431 843 465 911 id
484 846 579 915 enirn
596 863 842 937 argumentum
860 863 982 919 nostro
998 850 1057 918 in.
1108 847 1258 935 opponit
1279 868 1319 913 ac
1341 847 1477 918 confert
1498 849 1591 920 inter
1614 876 1651 922 11
1670 857 1741 925 duo
1764 859 2014 948 perfectissima
2040 894 2101 962 ge-

78 943 184 1014 11111111
208 944 355 1035 propios
380 951 455 1015 cs‘se
478 947 628 1020 ridetur.
688 948 848 1020 Primum
874 951 1000 1022 tribuit
1023 951 1053 1020 ei
1108 967 1192 1013 11111
1210 947 1370 1032 dicendi,
1400 949 1437 1016 iu
1454 948 1619 1022 Menelao
1635 967 1669 1024 et
1687 955 1822 1050 Ulysse.
1875 962 2098 1057 Fingititem

78 1045 237 1134 ingentem
260 1067 418 1115 amorem
442 1070 522 1137 erga
553 1051 721 1140 patriam,
752 1075 832 1121 eum
857 1053 950 1120 enim
979 1065 1056 1142 post
1107 1069 1188 1114 111111
1222 1047 1294 1136 regi
1330 1063 1364 1120 et
1397 1053 1564 1124 custodiri
1598 1079 1617 1126 1
1646 1055 1832 1148 Minerva,
1865 1079 1905 1136 ut
1935 1077 2098 1150 ostendat
2196 1067 2201 1079 ’

76 1143 176 1214 Deum
196 1145 351 1235 primum
372 1149 520 1238 gradum
539 1151 695 1241 pietatis,
721 1153 872 1242 primum
896 1153 1054 1222 iusticias
1107 1147 1674 1242 1111511111111111111111111111,
1701 1160 1845 1255 eiusque
1862 1170 1993 1241 auxilio
2011 1178 2099 1246 sub-

78 1267 138 1314 g„
158 1245 296 1320 seimus,
348 1244 396 1320 Eg
410 1247 523 1320 3010„
546 1255 638 1342 apud
657 1251 827 1324 croesum
836 1307 846 1338 ‚
878 1269 918 1325 ut
936 1253 1055 1324 Hero.
1107 1248 1226 1338 nixos,
1253 1273 1308 1318 res
1331 1263 1444 1321 tantas
1460 1255 1605 1326 efficere.
1658 1259 1769 1331 Porro
1787 1289 1866 1333 curn
1883 1266 2037 1366 Cyclope
2062 1292 2097 1350 et

14 1323 15 1332 ¹
78 1348 169 1416 dotus
182 1347 307 1432 refert,
334 1350 489 1440 primum
508 1354 708 1426 foelicitatis
728 1356 876 1445 gradum
892 1355 1053 1444 adsignat
1105 1373 1184 1418 cum
1200 1353 1315 1441 procis
1332 1377 1411 1422 eum
1430 1356 1690 1448 depugnantem
1712 1363 1813 1451 sarit,
1838 1363 1905 1438 hoe
1921 1387 1990 1459 est,
2015 1402 2095 1449 cum

76 1447 136 1532 illi,
159 1448 218 1540 qui
232 1473 298 1538 pro
313 1451 424 1540 patria
440 1467 592 1524 mortem
609 1459 828 1547 oppetiisset:
853 1459 1052 1549 proximum
1105 1453 1283 1544 tyrannis,
1310 1467 1344 1524 tt
1366 1477 1445 1524 cum
1467 1459 1642 1548 seditiosis
1665 1466 1854 1559 pravisque
1878 1465 2096 1568 hominibus,

76 1549 118 1632 g,
138 1549 197 1640 qui
217 1549 606 1643 pimempmngbu,
628 1557 868 1650 praesqffimg
920 1555 1052 1648 Utjgi.
1103 1552 1255 1622 aliorum
1279 1567 1358 1625 toro
1387 1569 1421 1627 et
1451 1559 1604 1630 fortunis
1630 1561 1901 1654 insidiantibus,
1934 1601 2014 1648 cum
2038 1577 2096 1654 his

76 1649 193 1720 turille
213 1673 318 1720 arnor
338 1654 491 1742 patriae,
517 1656 555 1724 in
580 1651 646 1728 hoc
659 1659 737 1730 viro
755 1659 952 1730 effunderet
968 1683 1052 1746 sese,
1104 1653 1199 1722 enim
1215 1657 1356 1726 duobos
1376 1660 1563 1748 generibus
1584 1657 1772 1737 hominum
1787 1692 1925 1764 semper
1943 1672 2095 1755 heroicis

77 1763 102 1818 u
116 1749 284 1824 illustrior
298 1753 408 1838 fieret,
433 1755 533 1844 fingit
548 1755 655 1830 Poeta
669 1761 882 1851 multiplices
896 1761 1052 1832 occasio-
1103 1771 1137 1826 et
1154 1758 1413 1846 praestantibus
1430 1761 1516 1832 viris
1537 1763 1630 1836 lucta
1651 1791 1692 1836 11
1714 1783 1891 1845 certamen
1914 1779 1993 1856 suit.
2044 1783 2095 1862 Et

75 1873 147 1934 nes,
160 1865 194 1920 et
208 1852 305 1924 varia
321 1854 584 1946 impedimenta,
609 1861 738 1952 quibus
756 1863 831 1933 eins
844 1861 885 1932 in
900 1865 1049 1955 patriam
1103 1859 1198 1949 quod
1223 1858 1261 1928 in
1283 1859 1408 1950 primit
1429 1875 1480 1932 0⁵¹
1495 1865 1772 1956 observandum,
1798 1877 2093 1964 patientissimum

75 1952 193 2022 reditus
220 1949 485 2045 interpellatur,
522 1984 602 2030 eum
632 1963 764 2055 quibus
794 1966 962 2035 omnibus
989 1965 1051 2034 1111
1102 1981 1182 2028 eum
1204 1985 1244 2030 11
1268 1962 1482 2050 pertinacem
1501 1969 1675 2059 propositi
1700 1971 1820 2062 lingit,
1851 1980 1982 2075 quique
2004 1989 2092 2064 dom

75 2053 226 2137 consitio,
258 2056 413 2138 ratione,
448 2060 584 2130 viribus
616 2064 726 2134 animi
760 2079 915 2157 pugnat,
945 2079 979 2140 et
1009 2091 1050 2140 ιχ
1103 2081 1243 2130 cursum
1267 2085 1370 2132 suum
1392 2077 1526 2146 teneat,
1560 2082 1665 2162 atque
1687 2073 1727 2142 'id
1745 2080 1839 2166 quod
1858 2083 1944 2154 velit
1967 2111 2092 2163 111111-

74 2153 222 2224 0mnihu5
238 2150 296 2226 hi,
312 2160 454 2230 tandem
470 2162 654 2236 eluctatur,
694 2161 897 2260 Atquatem
913 2167 1048 2259 illepa.
1101 2175 1248 2252 quatur,
1280 2165 1389 2234 nullis
1411 2167 1582 2240 molestiis
1608 2195 1648 2241 ae
1676 2174 1879 2266 laboribus,
1910 2189 2091 2287 nullisque

74 2255 162 2324 triam
185 2257 276 2326 tanti
300 2258 408 2330 lacit?
441 2285 567 2353 nempe
588 2266 763 2349 steritem,
795 2283 1050 2363 angustamque
1101 2263 1324 2332 contumeliis
1354 2265 1449 2334 vinci
1484 2269 1645 2360 11111ςί11
1686 2299 1722 2345 se
1751 2281 1924 2371 patiatur,
1957 2295 2090 2380 perfert

73 2354 226 2440 insolam,
253 2371 286 2428 et
304 2373 343 2429 ut
359 2358 484 2432 Cicero
499 2367 562 2449 ait,
589 2367 627 2436 iu
643 2369 845 2459 asperrimis
860 2370 952 2439 saxis
966 2383 1049 2440 tan·-
1101 2363 1173 2447 ille,
1197 2387 1277 2432 eum
1291 2365 1359 2434 iam
1378 2369 1581 2456 perfunctus
1595 2375 1760 2463 perieulis
1775 2403 1814 2450 11
1831 2387 1938 2457 malis
1949 2392 2090 2466 videre-

14 2513 16 2546 ,
73 2479 162 2547 quam
177 2457 343 2534 nidulum
361 2461 512 2538 affixam.
562 2465 653 2539 Eius
665 2469 727 2540 ille
751 2484 850 2542 tanto
874 2471 1048 2542 desiderio
1101 2460 2089 2573 1111,1111111111οωί1111111111111111111111111,111111-

73 2571 223 2628 qtqmope
242 2574 401 2647 lenem,
425 2579 466 2637 ῃῑ
481 2567 621 2638 ¹sumum
646 2571 957 2657 ἰῃάηχρῃῃῑρῐῃ,
980 2572 1048 2642 ἰω-
1100 2567 1374 2650 neiffleliloel',
1400 2573 1603 2662 mendicus,
1628 2578 1784 2652 ludibrio
1807 2579 1950 2677 haberi,
1977 2621 2087 2688 vaptt-
2174 2666 2177 2672 .

74 2660 756 2760 11111111111ρ1111111111111111ὴὶ111.
813 2669 860 2742 Et
886 2673 1049 2744 videmus
1100 2667 1191 2752 lare,
1223 2690 1300 2738 ⁰⁸⁸²
1321 2671 1394 2762 Peli
1422 2677 1600 2765 aptotis,
1632 2679 1818 2755 irrideris
1847 2711 1908 2760 sua
1941 2697 2087 2788 familia,

75 2753 153 2828 hunc
175 2762 341 2834 affectum
367 2765 406 2836 in
429 2770 595 2840 omnihup
616 2773 754 2862 magni,
775 2796 815 2842 30
838 2775 1048 2866 praestanti.
1099 2768 1218 2838 omnia
1234 2763 1321 2840 11111
1336 2773 1380 2840 ad
1398 2783 1536 2866 tempus
1551 2780 1761 2869 dissimulat,
1785 2806 1969 2878 expectans
1986 2825 2086 2874 occa·

14 2869 16 2952 ῥ
73 2859 126 2928 bus
139 2861 223 2930 viris
233 2864 345 2934 fuisse
357 2867 583 2957 singularem.
633 2869 889 2946 Demosthenes
911 2900 991 2946 cum
1008 2875 1046 2946 in
1099 2869 1245 2954 sionem,
1269 2895 1337 2964 (1111
1353 2875 1498 2944 domum
1517 2902 1734 2972 recuperare,
1759 2889 1864 2960 rebus
1881 2897 1953 2967 suis
1967 2906 2088 2996 potiri,

14 2957 15 3044 ἶ
73 2955 217 3034 Calauria
243 2967 420 3052 exularet,
449 2972 572 3042 scribit
595 2995 632 3044 11
655 2976 815 3068 quotidie
838 2979 881 3045 ad
907 2978 1046 3048 culmen
1098 2971 1250 3064 illosque
1264 2973 1386 3046 ulcisci
1403 2991 1527 3065 posset
1580 2980 1645 3053 Est
1659 3007 1698 3054 ea
1713 2987 1827 3059 virtus
1841 2994 2030 3086 singularis
2046 3007 2086 3080 in

73 3059 134 3131 cios
147 3066 263 3134 sacelli
280 3070 323 3136 ad
338 3071 434 3161 quod
451 3074 671 3164 confugerat,
696 3080 918 3162 adscendere,
943 3093 1047 3170 atque
1098 3075 1357 3164 praestantibus
1372 3077 1476 3159 viris·
1502 3104 1576 3151 non
1592 3097 1730 3156 1111111111
1746 3113 1888 3181 magnas
1902 3113 1936 3172 et
1951 3127 2087 3180 memo-

14 3203 15 3236 ÷
73 3162 141 3232 inde
154 3167 212 3236 diu
230 3191 307 3237 earn
325 3171 514 3258 regionem,
533 3200 637 3266 quam
654 3175 948 3248 versusAtbenae
961 3179 1047 3250 sitae
1098 3175 1228 3244 rabiles
1249 3199 1304 3244 ret
1318 3177 1363 3246 ad
1379 3178 1526 3250 salutem
1545 3187 1679 3276 patriae
1702 3212 1741 3258 ac
1755 3195 1949 3270 multorum
1969 3201 2088 3280 homi.

14 3289 16 3304 ³
76 3279 177 3350 erant,
200 3255 338 3356 ingeitti
363 3273 540 3346 desiderio
561 3290 596 3346 et
616 3278 759 3360 dolore,
793 3281 907 3350 oeulis
929 3281 1046 3352 metiri
1098 3299 1204 3360 num,
1239 3301 1319 3346 cum
1344 3279 1435 3350 vilae
1458 3296 1492 3352 tt
1514 3287 1637 3378 capitis
1658 3291 1815 3380 periculo
1839 3300 1990 3396 efficere,
2024 3318 2086 3389 sed

73 3385 103 3432 11
116 3381 267 3456 spectare
279 3371 442 3456 solitum,
468 3377 525 3447 eui
551 3379 663 3466 patria
679 3381 742 3451 etsi
766 3380 902 3471 ingrata
919 3395 954 3454 et
977 3383 1046 3450 im·
1097 3375 1265 3462 iniffl'itt,
1307 3379 1559 3470 58⁰0¹¹¹i¹¹it¹¹¹n
1611 3397 1859 3484 ⁶⁰¹¹l¹1¹¹ttlittss
1901 3403 2085 3488 infamiam

73 3464 118 3554 pia
140 3491 215 3558 erga
241 3470 377 3560 ipsum,
402 3475 473 3546 vita
488 3491 607 3548 tamen
629 3480 705 3571 ipsa
720 3478 1047 3554 1111111111111111
1097 3479 1201 3548 etiam
1217 3481 1371 3570 perferre
1386 3507 1486 3574 posse
1503 3511 1543 3556 ac
1558 3493 1640 3579 pati,
1661 3507 1767 3586 atque
1784 3498 1925 3572 interim
1941 3509 2088 3586 institit*

14 3627 16 3632 .
73 3565 136 3640 tuit
180 3569 295 3642 Porro
322 3576 503 3663 proximus
528 3582 676 3668 gradus,
709 3595 749 3654 ut
769 3585 813 3652 ad
843 3585 1044 3657 institutum
1096 3592 1172 3670 tum
1190 3603 1330 3649 cursum
1352 3606 1497 3672 urgere,
1522 3589 1630 3684 idque
1654 3618 1764 3666 unum
1784 3604 1878 3692 quod
1898 3599 2086 3688 honestum

14 3687 15 3760 ]
74 3684 291 3754 revertamur,
323 3689 374 3744 est
395 3678 505 3767 pietas
534 3704 612 3770 erga
638 3697 817 3773 parentes,
847 3686 1045 3775 coniugem,
1096 3693 1131 3752 et
1144 3680 1298 3752 salutare
1314 3683 1377 3770 sit,
1400 3701 1554 3775 spectare
1570 3715 1610 3764 11
1624 3697 1734 3790 sequi.
1768 3697 1861 3773 Nota
1878 3722 2086 3788 estsenteu-

14 3843 15 3850 q
73 3767 199 3850 liberos,
219 3788 255 3843 et
270 3774 308 3842 iu
320 3774 485 3870 Principe
501 3783 686 3875 praecipue
701 3809 781 3875 erga
797 3787 891 3857 cives
906 3811 945 3856 ae
958 3786 1044 3856 sub·
1096 3781 1145 3851 tia
1159 3777 1270 3852 Ennii
1287 3783 1331 3854 de
1346 3781 1473 3858 Fabi0=

73 3868 168 3953 ditos,
204 3899 312 3964 quarn
348 3875 524 3953 Homerus
558 3908 731 3954 summam
761 3887 875 3982 Ulyssi
908 3888 1045 3962 tribuit.

73 3965 171 4055 Quam
194 3989 316 4045 sancte
343 3979 438 4048 enim
463 3984 522 4052 ille
544 4001 705 4078 parentes
726 3987 810 4058 colit
838 4013 878 4059 ac
898 4013 1045 4059 venera·

73 4072 142 4140 tur?
168 4092 303 4167 quanto
321 4102 439 4152 amore
455 4099 595 4167 natum,
622 4103 754 4181 quanto
765 4091 952 4184 coniugem
970 4115 1045 4159 am·
1096 4085 1149 4160 Ea
1173 4089 1279 4180 plane
1302 4107 1354 4165 est
1376 4091 1519 4192 Ulyssea
1541 4101 1736 4196 sapientia,
1767 4135 1836 4204 qua
1859 4141 1915 4188 res
1936 4122 2087 4202 afflictae

74 4171 229 4261 plectitur,
257 4201 362 4272 aquo
377 4207 442 4252 nec
460 4188 881 4262 consuetudineDearum
896 4192 1045 4260 immor·
1097 4205 1131 4261 11
1155 4192 1359 4284 profligatae
1383 4197 1588 4294 plerumque
1611 4204 1730 4276 fulciri
1751 4235 1791 4282 ac
1817 4227 2006 4294 sustentari
2027 4253 2086 4302 so-

74 4273 179 4344 1111111
198 4279 305 4348 avelli
323 4303 359 4350 se
377 4285 533 4378 patitur?
557 4303 688 4380 quanta
701 4316 785 4362 vero
800 4317 882 4363 cura
899 4305 933 4363 et
947 4293 1047 4364 solli·
1096 4294 1183 4365 lent.
1217 4293 1349 4366 Desino
1367 4297 1562 4394 deUlysse,
1589 4327 1694 4397 quern
1709 4307 1944 4393 Philostratus
1963 4323 2043 4402 dev

75 4373 211 4448 titudine
227 4383 338 4452 vitatn
355 4387 550 4472 sociorum,
576 4415 779 4486 quanquam
797 4395 888 4464 male
906 4419 1045 4464 meren·
1096 4419 1152 4489 μα
1173 4391 1321 4465 Homeri
1338 4413 1454 4468 vocat:
1481 4425 1563 4472 nam
1585 4407 1616 4474 si
1636 4409 1773 4499 singula
1790 4427 1951 4516 persequi
1968 4432 2085 4524 velim,

75 4473 166 4562 tium,
200 4485 345 4554 tuctur?
374 4509 480 4580 quarn
503 4513 567 4582 pro
588 4492 659 4562 illis
672 4493 814 4584 vigilat,
851 4511 885 4566 et
906 4497 1046 4566 nullum
1098 4498 1174 4568 dies
1190 4521 1244 4566 me
1262 4493 1320 4566 hic
1334 4499 1506 4571 dicentem
1524 4505 1637 4593 citius,
1661 4536 1765 4604 quam
1781 4519 1923 4594 dicendi
1939 4537 2084 4608 materia

74 4593 166 4660 genus
187 4585 366 4655 molestiae
386 4591 443 4660 vel
464 4590 596 4662 laboris
616 4611 773 4682 recusat,
799 4599 885 4668 dum
901 4599 1047 4668 illorum
1099 4599 1248 4669 deliciet.
1298 4597 1574 4678 Innumerabilia
1591 4611 1685 4680 euim
1699 4633 1782 4688 sunt
1796 4621 1833 4690 iu
1849 4620 2007 4702 Homero
2024 4662 2085 4705 ve-

75 4678 364 4758 saluticonsulat?
1099 4701 1152 4770 lut
1174 4699 1346 4770 divinitus
1375 4705 1540 4776 meditata
1562 4722 1667 4806 atque
1698 4715 1860 4809 iuventa,
1891 4753 1980 4822 quae
2010 4761 2084 4810 non

139 4866 145 4880 ,
160 4781 254 4872 Quia
277 4813 361 4859 vero
385 4815 466 4862 eum
490 4793 573 4864 11111
598 4795 713 4866 virum
730 4799 1047 4889 prudentissimum
1099 4815 1231 4871 temere
1246 4803 1290 4869 ab
1305 4801 1455 4876 lloratio
1475 4809 1637 4883 miranda
1654 4831 1734 4910 sunt
1750 4821 1859 4912 dicta,
1881 4853 1990 4924 eaque
2005 4839 2085 4910 ubi-

76 4893 103 4950 et
116 4890 451 4972 constantissimum,
477 4895 592 4966 varias
607 4897 709 4988 fingit
725 4901 944 4984 occasiones,
967 4902 1048 4995 qui·
1101 4926 1169 4996 que
1190 4903 1309 4972 omnia
1333 4905 1534 4978 incredibili
1559 4916 1730 5005 elegantia
1751 4937 1785 4994 et
1810 4931 1979 5004 suavitate
2001 4962 2087 5010 con·

77 4979 130 5053 bus
143 4985 222 5058 illae
239 4991 385 5064 virtutes
400 5008 613 5084 spectantur,
627 5001 736 5070 variis
751 5001 889 5071 casibus
904 5015 939 5072 et
953 5002 1048 5095 peri·
1100 5004 1193 5086 dita,
1231 5003 1339 5076 variis
1362 5007 1563 5096 affectibus,
1601 5015 1712 5109 ἤθεσι
1743 5035 1860 5097 tamen
1891 5036 2087 5132 praecipue,

79 5085 151 5155 culis
175 5090 297 5162 obiicit
322 5096 457 5184 ipsum,
492 5098 688 5190 inquibus
713 5115 749 5173 et
774 5103 947 5172 fortitudo
974 5105 1050 5199 eius
1100 5105 1222 5176 moltis
1238 5106 1463 5181 mirabilibus
1479 5125 1512 5184 et
1527 5116 1692 5189 iucundis
1707 5127 1843 5198 casibus
1860 5136 2001 5225 variata,
2024 5145 2088 5214 tali

77 5193 273 5276 ostenditur,
304 5209 340 5264 et
374 5197 428 5266 vis
460 5199 601 5268 consilii
632 5217 838 5296 exprompta
875 5205 1049 5277 elucescit.
1101 5229 1185 5275 vcro
1211 5231 1329 5278 rerum
1362 5213 1489 5283 ordine
1517 5233 1622 5312 atque
1652 5221 1845 5324 οἲκονομίᾳ
1867 5235 2016 5328 digesta,
2049 5262 2089 5320 nt

78 5281 197 5360 Scimus
213 5296 306 5364 enim
324 5299 506 5368 adversam
530 5303 708 5372 fortunam
725 5307 822 5376 velut
838 5327 1001 5398 campum
1017 5319 1052 5378 et
1102 5307 1203 5378 omni
1235 5303 1468 5384 humanitatis
1497 5339 1601 5390 sensu
1633 5347 1752 5394 carere
1786 5355 1887 5420 eum,
1920 5348 2088 5430 pecudem

80 5381 294 5480 Gymnasium
311 5421 402 5486 esse,
435 5400 473 5472 iu
489 5425 560 5496 quo
576 5405 630 5476 vis
652 5405 786 5498 ingenii
802 5421 908 5502 atque
924 5409 1080 5501 erimiat
1104 5431 1200 5498 esse,
1228 5433 1303 5482 non
1325 5409 1507 5487 homiuem
1530 5421 1742 5511 existimem,
1768 5433 1920 5525 quinon
1941 5440 2091 5520 Homeri

1374 5511 1459 5590 20*

1223 3937 1294 4006 Non
1309 3948 1439 4027 ponebat
1453 3954 1534 4012 enim
1551 3973 1686 4018 rumores
1702 3974 1769 4022 aute
1785 3965 1923 4038 salutem,
