<?xml version="1.0" encoding="UTF-8"?>
<!DOCTYPE html PUBLIC "-//W3C//DTD XHTML 1.0 Transitional//EN"
    "http://www.w3.org/TR/xhtml1/DTD/xhtml1-transitional.dtd">
<html xmlns="http://www.w3.org/1999/xhtml" xml:lang="en" lang="en">
 <head>
  <title>
</title>
<meta http-equiv="Content-Type" content="text/html;charset=utf-8" />
  <meta name='ocr-system' content='tesseract 3.04.00' />
  <meta name='ocr-capabilities' content='ocr_page ocr_carea ocr_par ocr_line ocrx_word'/>
</head>
<body>
  <div class='ocr_page' id='page_1' title='image "./corpusreformato23melagoog_0425.png"; bbox 0 0 4646 5824; ppageno 0'>
   <div class='ocr_carea' id='block_1_1' title="bbox 213 189 2244 334">
    <p class='ocr_par' dir='ltr' id='par_1_1' title="bbox 213 189 2244 334">
     <span class='ocr_line' id='line_1_1' title="bbox 213 189 2244 334; baseline 0.008 -16"><span class='ocrx_word' id='word_1_1' title='bbox 213 241 291 320; x_wconf 82' lang='lat' dir='ltr'>ser</span> <span class='ocrx_word' id='word_1_2' title='bbox 524 189 532 201; x_wconf 70' lang='grc'>’</span> <span class='ocrx_word' id='word_1_3' title='bbox 810 199 976 322; x_wconf 75' lang='lat' dir='ltr'>nucu</span> <span class='ocrx_word' id='word_1_4' title='bbox 1011 241 1088 320; x_wconf 84' lang='lat' dir='ltr'>nn</span> <span class='ocrx_word' id='word_1_5' title='bbox 1123 241 1272 320; x_wconf 71' lang='lat' dir='ltr'>vura</span> <span class='ocrx_word' id='word_1_6' title='bbox 1304 243 1656 326; x_wconf 77' lang='lat' dir='ltr'>avicunuan</span> <span class='ocrx_word' id='word_1_7' title='bbox 1802 318 1805 325; x_wconf 79' lang='grc'><em>,</em></span> <span class='ocrx_word' id='word_1_8' title='bbox 2179 259 2244 334; x_wconf 84' lang='lat' dir='ltr'>sse</span> 
     </span>
    </p>
   </div>
   <div class='ocr_carea' id='block_1_2' title="bbox 115 414 2248 1854">
    <p class='ocr_par' dir='ltr' id='par_1_2' title="bbox 115 414 2248 1854">
     <span class='ocr_line' id='line_1_2' title="bbox 317 414 2245 522; baseline 0.008 -30"><span class='ocrx_word' id='word_1_9' title='bbox 317 415 468 516; x_wconf 75' lang='lat' dir='ltr'>Propter</span> <span class='ocrx_word' id='word_1_10' title='bbox 495 414 588 492; x_wconf 92' lang='lat' dir='ltr'>hanc</span> <span class='ocrx_word' id='word_1_11' title='bbox 617 430 751 492; x_wconf 87' lang='lat' dir='ltr'>tantam</span> <span class='ocrx_word' id='word_1_12' title='bbox 778 441 919 492; x_wconf 70' lang='lat' dir='ltr'>cauum</span> <span class='ocrx_word' id='word_1_13' title='bbox 945 433 1094 492; x_wconf 86' lang='lat' dir='ltr'>naturae</span> <span class='ocrx_word' id='word_1_14' title='bbox 1125 426 1240 512; x_wconf 75' lang='lat' dir='ltr'>eon-t</span> <span class='ocrx_word' id='word_1_15' title='bbox 1365 415 1477 496; x_wconf 80' lang='lat' dir='ltr'>Natus</span> <span class='ocrx_word' id='word_1_16' title='bbox 1502 433 1555 493; x_wconf 90' lang='lat' dir='ltr'>est</span> <span class='ocrx_word' id='word_1_17' title='bbox 1572 417 1756 496; x_wconf 83' lang='lat' dir='ltr'>Avieenna</span> <span class='ocrx_word' id='word_1_18' title='bbox 1777 448 1873 500; x_wconf 88' lang='lat' dir='ltr'>anno</span> <span class='ocrx_word' id='word_1_19' title='bbox 1891 425 2038 502; x_wconf 86' lang='lat' dir='ltr'><strong>Domini</strong></span> <span class='ocrx_word' id='word_1_20' title='bbox 2054 431 2245 522; x_wconf 87' lang='lat' dir='ltr'>millesimo,</span> 
     </span>
     <span class='ocr_line' id='line_1_3' title="bbox 217 515 2246 624; baseline -0.003 -26"><span class='ocrx_word' id='word_1_21' title='bbox 217 525 470 598; x_wconf 70' lang='lat' dir='ltr'>siderationem</span> <span class='ocrx_word' id='word_1_22' title='bbox 506 524 739 595; x_wconf 89' lang='lat' dir='ltr'>necessariam</span> <span class='ocrx_word' id='word_1_23' title='bbox 773 547 848 594; x_wconf 86' lang='lat' dir='ltr'>esse</span> <span class='ocrx_word' id='word_1_24' title='bbox 887 523 1113 594; x_wconf 78' lang='lat' dir='ltr'>manifestum</span> <span class='ocrx_word' id='word_1_25' title='bbox 1149 537 1212 598; x_wconf 83' lang='lat' dir='ltr'>est.</span> <span class='ocrx_word' id='word_1_26' title='bbox 1234 515 1239 558; x_wconf 79' lang='lat'>²</span> <span class='ocrx_word' id='word_1_27' title='bbox 1262 523 1454 596; x_wconf 90' lang='lat' dir='ltr'>centesimo</span> <span class='ocrx_word' id='word_1_28' title='bbox 1468 525 1739 620; x_wconf 75' lang='lat' dir='ltr'>quadragesimo</span> <span class='ocrx_word' id='word_1_29' title='bbox 1761 529 1890 624; x_wconf 92' lang='lat' dir='ltr'>quinto</span> <span class='ocrx_word' id='word_1_30' title='bbox 1916 531 1957 602; x_wconf 93' lang='lat' dir='ltr'>in</span> <span class='ocrx_word' id='word_1_31' title='bbox 1985 535 2075 606; x_wconf 90' lang='lat' dir='ltr'>urbe</span> <span class='ocrx_word' id='word_1_32' title='bbox 2086 533 2246 608; x_wconf 84' lang='lat' dir='ltr'>Comma.</span> 
     </span>
     <span class='ocr_line' id='line_1_4' title="bbox 217 622 2246 733; baseline 0.004 -30"><span class='ocrx_word' id='word_1_33' title='bbox 217 628 356 703; x_wconf 83' lang='lat' dir='ltr'>Deinde</span> <span class='ocrx_word' id='word_1_34' title='bbox 376 641 411 698; x_wconf 90' lang='lat' dir='ltr'>et</span> <span class='ocrx_word' id='word_1_35' title='bbox 430 626 584 698; x_wconf 86' lang='lat' dir='ltr'>utilitate</span> <span class='ocrx_word' id='word_1_36' title='bbox 607 639 728 697; x_wconf 89' lang='lat' dir='ltr'>nostra</span> <span class='ocrx_word' id='word_1_37' title='bbox 753 649 971 696; x_wconf 88' lang='lat' dir='ltr'>moveamur.</span> <span class='ocrx_word' id='word_1_38' title='bbox 1011 627 1213 720; x_wconf 88' lang='lat' dir='ltr'>quaerenda</span> <span class='ocrx_word' id='word_1_39' title='bbox 1263 622 1532 716; x_wconf 80' lang='lat' dir='ltr'>genaeEdesre,</span> <span class='ocrx_word' id='word_1_40' title='bbox 1557 629 1602 700; x_wconf 91' lang='lat' dir='ltr'>ad</span> <span class='ocrx_word' id='word_1_41' title='bbox 1616 623 1828 722; x_wconf 82' lang='lat' dir='ltr'>Euphraten</span> <span class='ocrx_word' id='word_1_42' title='bbox 1842 631 1908 706; x_wconf 86' lang='lat' dir='ltr'>sita</span> <span class='ocrx_word' id='word_1_43' title='bbox 1935 629 1971 706; x_wconf 85' lang='lat' dir='ltr'>et</span> <span class='ocrx_word' id='word_1_44' title='bbox 1996 638 2153 710; x_wconf 82' lang='lat' dir='ltr'>subiecta</span> <span class='ocrx_word' id='word_1_45' title='bbox 2165 637 2246 733; x_wconf 87' lang='lat' dir='ltr'>Regi</span> 
     </span>
     <span class='ocr_line' id='line_1_5' title="bbox 115 723 2247 828; baseline 0.022 -66"><span class='ocrx_word' id='word_1_46' title='bbox 115 759 117 762; x_wconf 83' lang='lat'>.</span> <span class='ocrx_word' id='word_1_47' title='bbox 217 745 302 825; x_wconf 81' lang='lat' dir='ltr'>sunt</span> <span class='ocrx_word' id='word_1_48' title='bbox 324 729 416 802; x_wconf 86' lang='lat' dir='ltr'>vitae</span> <span class='ocrx_word' id='word_1_49' title='bbox 442 729 615 822; x_wconf 89' lang='lat' dir='ltr'>praesidia</span> <span class='ocrx_word' id='word_1_50' title='bbox 638 729 677 798; x_wconf 91' lang='lat' dir='ltr'>in</span> <span class='ocrx_word' id='word_1_51' title='bbox 701 723 767 798; x_wconf 86' lang='lat' dir='ltr'>hac</span> <span class='ocrx_word' id='word_1_52' title='bbox 783 741 880 800; x_wconf 90' lang='lat' dir='ltr'>tanta</span> <span class='ocrx_word' id='word_1_53' title='bbox 896 727 1064 800; x_wconf 87' lang='lat' dir='ltr'>varietate</span> <span class='ocrx_word' id='word_1_54' title='bbox 1082 751 1213 812; x_wconf 88' lang='lat' dir='ltr'>rerum,</span> <span class='ocrx_word' id='word_1_55' title='bbox 1264 727 1425 817; x_wconf 87' lang='lat' dir='ltr'>Persico,</span> <span class='ocrx_word' id='word_1_56' title='bbox 1449 752 1491 800; x_wconf 84' lang='lat' dir='ltr'>ex</span> <span class='ocrx_word' id='word_1_57' title='bbox 1514 743 1613 820; x_wconf 89' lang='lat' dir='ltr'>patre</span> <span class='ocrx_word' id='word_1_58' title='bbox 1626 732 1760 818; x_wconf 87' lang='lat' dir='ltr'>nobili,</span> <span class='ocrx_word' id='word_1_59' title='bbox 1782 735 1841 806; x_wconf 92' lang='lat' dir='ltr'>cui</span> <span class='ocrx_word' id='word_1_60' title='bbox 1863 761 1996 808; x_wconf 88' lang='lat' dir='ltr'>nomen</span> <span class='ocrx_word' id='word_1_61' title='bbox 2016 737 2197 828; x_wconf 86' lang='lat' dir='ltr'>iuitllali,</span> <span class='ocrx_word' id='word_1_62' title='bbox 2218 757 2247 814; x_wconf 86' lang='lat' dir='ltr'>et</span> 
     </span>
     <span class='ocr_line' id='line_1_6' title="bbox 218 825 2245 938; baseline -0.001 -31"><span class='ocrx_word' id='word_1_63' title='bbox 218 857 308 932; x_wconf 92' lang='lat' dir='ltr'>quae</span> <span class='ocrx_word' id='word_1_64' title='bbox 328 847 412 904; x_wconf 87' lang='lat' dir='ltr'>sunt</span> <span class='ocrx_word' id='word_1_65' title='bbox 436 832 565 925; x_wconf 89' lang='lat' dir='ltr'>partim</span> <span class='ocrx_word' id='word_1_66' title='bbox 591 831 758 902; x_wconf 85' lang='lat' dir='ltr'>alimenta</span> <span class='ocrx_word' id='word_1_67' title='bbox 786 844 990 902; x_wconf 89' lang='lat' dir='ltr'>nostrorum</span> <span class='ocrx_word' id='word_1_68' title='bbox 1012 855 1213 924; x_wconf 90' lang='lat' dir='ltr'>corporum,</span> <span class='ocrx_word' id='word_1_69' title='bbox 1264 843 1376 902; x_wconf 89' lang='lat' dir='ltr'>matre</span> <span class='ocrx_word' id='word_1_70' title='bbox 1390 825 1556 916; x_wconf 79' lang='lat' dir='ltr'><strong>Cithara,</strong></span> <span class='ocrx_word' id='word_1_71' title='bbox 1577 831 1711 906; x_wconf 77' lang='lat' dir='ltr'>Persici</span> <span class='ocrx_word' id='word_1_72' title='bbox 1725 847 1884 928; x_wconf 75' lang='lat' dir='ltr'>satrapae</span> <span class='ocrx_word' id='word_1_73' title='bbox 1898 840 1982 915; x_wconf 82' lang='lat' dir='ltr'>fitia.</span> <span class='ocrx_word' id='word_1_74' title='bbox 2010 845 2245 938; x_wconf 68' lang='lat' dir='ltr'>quotiesenim</span> 
     </span>
     <span class='ocr_line' id='line_1_7' title="bbox 219 931 2246 1036; baseline 0.005 -29"><span class='ocrx_word' id='word_1_75' title='bbox 219 937 349 1032; x_wconf 86' lang='lat' dir='ltr'>purtim</span> <span class='ocrx_word' id='word_1_76' title='bbox 363 936 528 1006; x_wconf 88' lang='lat' dir='ltr'>remedia.</span> <span class='ocrx_word' id='word_1_77' title='bbox 569 931 648 1004; x_wconf 81' lang='lat' dir='ltr'>Etsi</span> <span class='ocrx_word' id='word_1_78' title='bbox 663 951 779 1005; x_wconf 90' lang='lat' dir='ltr'>autem</span> <span class='ocrx_word' id='word_1_79' title='bbox 798 934 956 1004; x_wconf 91' lang='lat' dir='ltr'>studium</span> <span class='ocrx_word' id='word_1_80' title='bbox 974 946 1009 1004; x_wconf 90' lang='lat' dir='ltr'>et</span> <span class='ocrx_word' id='word_1_81' title='bbox 1023 934 1212 1004; x_wconf 85' lang='lat' dir='ltr'>consilium</span> <span class='ocrx_word' id='word_1_82' title='bbox 1264 935 1341 1028; x_wconf 90' lang='lat' dir='ltr'>ipse</span> <span class='ocrx_word' id='word_1_83' title='bbox 1367 933 1557 1026; x_wconf 83' lang='lat' dir='ltr'>patrissui</span> <span class='ocrx_word' id='word_1_84' title='bbox 1587 937 1769 1024; x_wconf 76' lang='lat' dir='ltr'>meminit,</span> <span class='ocrx_word' id='word_1_85' title='bbox 1802 937 2007 1036; x_wconf 80' lang='lat' dir='ltr'>Principem</span> <span class='ocrx_word' id='word_1_86' title='bbox 2033 969 2115 1016; x_wconf 90' lang='lat' dir='ltr'>eum</span> <span class='ocrx_word' id='word_1_87' title='bbox 2149 963 2246 1034; x_wconf 84' lang='lat' dir='ltr'>vocat,</span> 
     </span>
     <span class='ocr_line' id='line_1_8' title="bbox 218 1035 2246 1142; baseline 0.004 -32"><span class='ocrx_word' id='word_1_88' title='bbox 218 1063 343 1110; x_wconf 91' lang='lat' dir='ltr'>eorum</span> <span class='ocrx_word' id='word_1_89' title='bbox 359 1039 489 1130; x_wconf 90' lang='lat' dir='ltr'>probo,</span> <span class='ocrx_word' id='word_1_90' title='bbox 514 1037 577 1132; x_wconf 95' lang='lat' dir='ltr'>qui</span> <span class='ocrx_word' id='word_1_91' title='bbox 593 1059 673 1107; x_wconf 88' lang='lat' dir='ltr'>cum</span> <span class='ocrx_word' id='word_1_92' title='bbox 688 1035 838 1108; x_wconf 89' lang='lat' dir='ltr'>recitant</span> <span class='ocrx_word' id='word_1_93' title='bbox 853 1035 976 1106; x_wconf 91' lang='lat' dir='ltr'>laudes</span> <span class='ocrx_word' id='word_1_94' title='bbox 989 1035 1076 1107; x_wconf 89' lang='lat' dir='ltr'>artis</span> <span class='ocrx_word' id='word_1_95' title='bbox 1097 1035 1213 1106; x_wconf 93' lang='lat' dir='ltr'>medi·</span> <span class='ocrx_word' id='word_1_96' title='bbox 1264 1061 1355 1132; x_wconf 90' lang='lat' dir='ltr'>quae</span> <span class='ocrx_word' id='word_1_97' title='bbox 1372 1035 1561 1130; x_wconf 82' lang='lat' dir='ltr'>appellatio</span> <span class='ocrx_word' id='word_1_98' title='bbox 1582 1051 1703 1130; x_wconf 86' lang='lat' dir='ltr'>postea</span> <span class='ocrx_word' id='word_1_99' title='bbox 1724 1041 1764 1112; x_wconf 92' lang='lat' dir='ltr'>in</span> <span class='ocrx_word' id='word_1_100' title='bbox 1780 1041 1854 1113; x_wconf 84' lang='lat' dir='ltr'>fitto</span> <span class='ocrx_word' id='word_1_101' title='bbox 1872 1037 1995 1122; x_wconf 86' lang='lat' dir='ltr'>bresit.</span> <span class='ocrx_word' id='word_1_102' title='bbox 2048 1045 2145 1120; x_wconf 90' lang='lat' dir='ltr'>Puer</span> <span class='ocrx_word' id='word_1_103' title='bbox 2162 1075 2179 1121; x_wconf 90' lang='lat' dir='ltr'>a</span> <span class='ocrx_word' id='word_1_104' title='bbox 2194 1073 2246 1142; x_wconf 88' lang='lat' dir='ltr'>pa-</span> 
     </span>
     <span class='ocr_line' id='line_1_9' title="bbox 145 1138 2248 1248; baseline 0.001 -33"><span class='ocrx_word' id='word_1_105' title='bbox 145 1141 150 1152; x_wconf 85' lang='lat'>&#39;</span> <span class='ocrx_word' id='word_1_106' title='bbox 218 1165 296 1228; x_wconf 92' lang='lat' dir='ltr'>cae,</span> <span class='ocrx_word' id='word_1_107' title='bbox 321 1141 439 1239; x_wconf 87' lang='lat' dir='ltr'>aliqua</span> <span class='ocrx_word' id='word_1_108' title='bbox 455 1138 501 1209; x_wconf 82' lang='lat' dir='ltr'>cx&#39;</span> <span class='ocrx_word' id='word_1_109' title='bbox 520 1153 618 1234; x_wconf 91' lang='lat' dir='ltr'>parte</span> <span class='ocrx_word' id='word_1_110' title='bbox 637 1140 832 1210; x_wconf 88' lang='lat' dir='ltr'>ostendunt</span> <span class='ocrx_word' id='word_1_111' title='bbox 847 1153 994 1210; x_wconf 89' lang='lat' dir='ltr'>naturae</span> <span class='ocrx_word' id='word_1_112' title='bbox 1011 1139 1212 1209; x_wconf 89' lang='lat' dir='ltr'>considera·</span> <span class='ocrx_word' id='word_1_113' title='bbox 1264 1139 1426 1210; x_wconf 87' lang='lat' dir='ltr'>rentibus</span> <span class='ocrx_word' id='word_1_114' title='bbox 1451 1140 1669 1234; x_wconf 82' lang='lat' dir='ltr'>praeceptori</span> <span class='ocrx_word' id='word_1_115' title='bbox 1697 1145 1856 1216; x_wconf 86' lang='lat' dir='ltr'>natalino</span> <span class='ocrx_word' id='word_1_116' title='bbox 1879 1147 2030 1222; x_wconf 85' lang='lat' dir='ltr'>traditus</span> <span class='ocrx_word' id='word_1_117' title='bbox 2045 1165 2117 1238; x_wconf 90' lang='lat' dir='ltr'>est,</span> <span class='ocrx_word' id='word_1_118' title='bbox 2142 1153 2248 1248; x_wconf 86' lang='lat' dir='ltr'>quiin</span> 
     </span>
     <span class='ocr_line' id='line_1_10' title="bbox 218 1240 2248 1350; baseline 0.002 -35"><span class='ocrx_word' id='word_1_119' title='bbox 218 1247 353 1316; x_wconf 92' lang='lat' dir='ltr'>tionem</span> <span class='ocrx_word' id='word_1_120' title='bbox 375 1243 514 1313; x_wconf 80' lang='lat' dir='ltr'>dulcem</span> <span class='ocrx_word' id='word_1_121' title='bbox 537 1255 571 1314; x_wconf 92' lang='lat' dir='ltr'>et</span> <span class='ocrx_word' id='word_1_122' title='bbox 595 1242 719 1314; x_wconf 89' lang='lat' dir='ltr'>utilem</span> <span class='ocrx_word' id='word_1_123' title='bbox 741 1264 830 1312; x_wconf 86' lang='lat' dir='ltr'>esse:</span> <span class='ocrx_word' id='word_1_124' title='bbox 865 1253 983 1311; x_wconf 87' lang='lat' dir='ltr'>tamen</span> <span class='ocrx_word' id='word_1_125' title='bbox 1013 1240 1213 1334; x_wconf 88' lang='lat' dir='ltr'>amplitudo</span> <span class='ocrx_word' id='word_1_126' title='bbox 1265 1241 1338 1312; x_wconf 88' lang='lat' dir='ltr'>illis</span> <span class='ocrx_word' id='word_1_127' title='bbox 1361 1241 1465 1312; x_wconf 91' lang='lat' dir='ltr'>terris</span> <span class='ocrx_word' id='word_1_128' title='bbox 1487 1241 1623 1334; x_wconf 88' lang='lat' dir='ltr'>ingenii</span> <span class='ocrx_word' id='word_1_129' title='bbox 1647 1257 1681 1315; x_wconf 91' lang='lat' dir='ltr'>et</span> <span class='ocrx_word' id='word_1_130' title='bbox 1702 1247 1884 1320; x_wconf 91' lang='lat' dir='ltr'>doctrinae</span> <span class='ocrx_word' id='word_1_131' title='bbox 1904 1251 2012 1322; x_wconf 90' lang='lat' dir='ltr'>laude</span> <span class='ocrx_word' id='word_1_132' title='bbox 2028 1253 2169 1328; x_wconf 86' lang='lat' dir='ltr'>floruit:</span> <span class='ocrx_word' id='word_1_133' title='bbox 2194 1257 2248 1350; x_wconf 85' lang='lat' dir='ltr'>qui</span> 
     </span>
     <span class='ocr_line' id='line_1_11' title="bbox 169 1343 2246 1451; baseline 0.003 -31"><span class='ocrx_word' id='word_1_134' title='bbox 169 1387 174 1397; x_wconf 80' lang='lat'><em>=</em></span> <span class='ocrx_word' id='word_1_135' title='bbox 219 1345 420 1438; x_wconf 91' lang='lat' dir='ltr'>argumenti</span> <span class='ocrx_word' id='word_1_136' title='bbox 435 1357 608 1430; x_wconf 80' lang='lat' dir='ltr'>tentarat,</span> <span class='ocrx_word' id='word_1_137' title='bbox 631 1357 671 1415; x_wconf 89' lang='lat' dir='ltr'>ut</span> <span class='ocrx_word' id='word_1_138' title='bbox 687 1343 745 1414; x_wconf 85' lang='lat' dir='ltr'>vix</span> <span class='ocrx_word' id='word_1_139' title='bbox 761 1368 871 1436; x_wconf 88' lang='lat' dir='ltr'>pauca</span> <span class='ocrx_word' id='word_1_140' title='bbox 886 1343 1046 1414; x_wconf 88' lang='lat' dir='ltr'>membra</span> <span class='ocrx_word' id='word_1_141' title='bbox 1060 1355 1212 1414; x_wconf 85' lang='lat' dir='ltr'>extante</span> <span class='ocrx_word' id='word_1_142' title='bbox 1265 1369 1346 1414; x_wconf 92' lang='lat' dir='ltr'>cum</span> <span class='ocrx_word' id='word_1_143' title='bbox 1361 1343 1659 1418; x_wconf 90' lang='lat' dir='ltr'>animadverteret</span> <span class='ocrx_word' id='word_1_144' title='bbox 1675 1349 1905 1439; x_wconf 87' lang='lat' dir='ltr'>adolescentis</span> <span class='ocrx_word' id='word_1_145' title='bbox 1918 1367 2083 1426; x_wconf 90' lang='lat' dir='ltr'>naturam</span> <span class='ocrx_word' id='word_1_146' title='bbox 2098 1381 2246 1451; x_wconf 85' lang='lat' dir='ltr'>capacem</span> 
     </span>
     <span class='ocr_line' id='line_1_12' title="bbox 218 1443 2247 1547; baseline -0.006 -27"><span class='ocrx_word' id='word_1_147' title='bbox 218 1449 313 1520; x_wconf 92' lang='lat' dir='ltr'>mole</span> <span class='ocrx_word' id='word_1_148' title='bbox 326 1463 502 1541; x_wconf 85' lang='lat' dir='ltr'>excerpta,</span> <span class='ocrx_word' id='word_1_149' title='bbox 528 1447 683 1540; x_wconf 91' lang='lat' dir='ltr'>proponi</span> <span class='ocrx_word' id='word_1_150' title='bbox 698 1460 732 1518; x_wconf 91' lang='lat' dir='ltr'>et</span> <span class='ocrx_word' id='word_1_151' title='bbox 748 1445 938 1517; x_wconf 89' lang='lat' dir='ltr'>monstrari</span> <span class='ocrx_word' id='word_1_152' title='bbox 954 1445 1100 1538; x_wconf 81' lang='lat' dir='ltr'>possint.</span> <span class='ocrx_word' id='word_1_153' title='bbox 1141 1443 1213 1514; x_wconf 89' lang='lat' dir='ltr'>lta·</span> <span class='ocrx_word' id='word_1_154' title='bbox 1266 1469 1340 1517; x_wconf 85' lang='lat' dir='ltr'>esse</span> <span class='ocrx_word' id='word_1_155' title='bbox 1356 1445 1640 1537; x_wconf 83' lang='lat' dir='ltr'>disciplinarum,</span> <span class='ocrx_word' id='word_1_156' title='bbox 1666 1473 1748 1520; x_wconf 88' lang='lat' dir='ltr'>mox</span> <span class='ocrx_word' id='word_1_157' title='bbox 1767 1465 1845 1542; x_wconf 87' lang='lat' dir='ltr'>pust</span> <span class='ocrx_word' id='word_1_158' title='bbox 1860 1455 1974 1547; x_wconf 65' lang='lat' dir='ltr'>prima</span> <span class='ocrx_word' id='word_1_159' title='bbox 1990 1459 2163 1530; x_wconf 60' lang='lat' dir='ltr'>elementa</span> <span class='ocrx_word' id='word_1_160' title='bbox 2178 1461 2247 1531; x_wconf 59' lang='lat'><em>1520,</em></span> 
     </span>
     <span class='ocr_line' id='line_1_13' title="bbox 218 1547 2247 1646; baseline 0.003 -21"><span class='ocrx_word' id='word_1_161' title='bbox 218 1577 288 1646; x_wconf 92' lang='lat' dir='ltr'>que</span> <span class='ocrx_word' id='word_1_162' title='bbox 305 1552 419 1622; x_wconf 83' lang='lat' dir='ltr'>fateor</span> <span class='ocrx_word' id='word_1_163' title='bbox 433 1575 490 1620; x_wconf 90' lang='lat' dir='ltr'>mc</span> <span class='ocrx_word' id='word_1_164' title='bbox 507 1549 677 1621; x_wconf 86' lang='lat' dir='ltr'>deterreri</span> <span class='ocrx_word' id='word_1_165' title='bbox 694 1549 939 1638; x_wconf 89' lang='lat' dir='ltr'>magnitudine</span> <span class='ocrx_word' id='word_1_166' title='bbox 956 1547 1027 1635; x_wconf 89' lang='lat' dir='ltr'>rei,</span> <span class='ocrx_word' id='word_1_167' title='bbox 1053 1571 1124 1643; x_wconf 93' lang='lat' dir='ltr'>quo</span> <span class='ocrx_word' id='word_1_168' title='bbox 1143 1547 1212 1616; x_wconf 91' lang='lat' dir='ltr'>mi·</span> <span class='ocrx_word' id='word_1_169' title='bbox 1265 1572 1397 1630; x_wconf 90' lang='lat' dir='ltr'>rarum,</span> <span class='ocrx_word' id='word_1_170' title='bbox 1418 1547 1663 1638; x_wconf 89' lang='lat' dir='ltr'>Dialecticam‚</span> <span class='ocrx_word' id='word_1_171' title='bbox 1687 1549 1930 1628; x_wconf 86' lang='lat' dir='ltr'>Geometriam</span> <span class='ocrx_word' id='word_1_172' title='bbox 1944 1571 1978 1629; x_wconf 94' lang='lat' dir='ltr'>et</span> <span class='ocrx_word' id='word_1_173' title='bbox 1989 1553 2247 1634; x_wconf 88' lang='lat' dir='ltr'>Astronomiam</span> 
     </span>
     <span class='ocr_line' id='line_1_14' title="bbox 219 1645 2247 1746; baseline 0.002 -21"><span class='ocrx_word' id='word_1_174' title='bbox 219 1655 498 1740; x_wconf 80' lang='lat' dir='ltr'>nusoratipnem</span> <span class='ocrx_word' id='word_1_175' title='bbox 513 1654 557 1727; x_wconf 90' lang='lat' dir='ltr'>de</span> <span class='ocrx_word' id='word_1_176' title='bbox 573 1652 739 1722; x_wconf 84' lang='lat' dir='ltr'>laudibus</span> <span class='ocrx_word' id='word_1_177' title='bbox 759 1651 862 1738; x_wconf 88' lang='lat' dir='ltr'>artis,</span> <span class='ocrx_word' id='word_1_178' title='bbox 887 1645 955 1722; x_wconf 91' lang='lat' dir='ltr'>boc</span> <span class='ocrx_word' id='word_1_179' title='bbox 970 1663 1040 1736; x_wconf 87' lang='lat' dir='ltr'>est,</span> <span class='ocrx_word' id='word_1_180' title='bbox 1065 1651 1110 1720; x_wconf 92' lang='lat' dir='ltr'>de</span> <span class='ocrx_word' id='word_1_181' title='bbox 1125 1673 1213 1722; x_wconf 89' lang='lat' dir='ltr'>con·</span> <span class='ocrx_word' id='word_1_182' title='bbox 1265 1651 1469 1722; x_wconf 86' lang='lat' dir='ltr'>discendam</span> <span class='ocrx_word' id='word_1_183' title='bbox 1494 1651 1528 1720; x_wconf 90' lang='lat' dir='ltr'>ei</span> <span class='ocrx_word' id='word_1_184' title='bbox 1546 1652 1665 1728; x_wconf 84' lang='lat' dir='ltr'>tradit.</span> <span class='ocrx_word' id='word_1_185' title='bbox 1715 1651 1850 1730; x_wconf 90' lang='lat' dir='ltr'>Dicunt</span> <span class='ocrx_word' id='word_1_186' title='bbox 1877 1675 2013 1746; x_wconf 89' lang='lat' dir='ltr'>autem,</span> <span class='ocrx_word' id='word_1_187' title='bbox 2037 1659 2247 1736; x_wconf 79' lang='lat' dir='ltr'>Avicennem</span> 
     </span>
     <span class='ocr_line' id='line_1_15' title="bbox 218 1753 2247 1854; baseline 0.005 -26"><span class='ocrx_word' id='word_1_188' title='bbox 218 1757 434 1829; x_wconf 88' lang='lat' dir='ltr'>sideratione</span> <span class='ocrx_word' id='word_1_189' title='bbox 451 1769 598 1826; x_wconf 86' lang='lat' dir='ltr'>naturae</span> <span class='ocrx_word' id='word_1_190' title='bbox 612 1755 798 1826; x_wconf 83' lang='lat' dir='ltr'>instituere</span> <span class='ocrx_word' id='word_1_191' title='bbox 814 1753 958 1848; x_wconf 90' lang='lat' dir='ltr'>possim.</span> <span class='ocrx_word' id='word_1_192' title='bbox 1265 1753 1492 1842; x_wconf 78' lang='lat' dir='ltr'>singulariter</span> <span class='ocrx_word' id='word_1_193' title='bbox 1505 1753 1717 1827; x_wconf 90' lang='lat' dir='ltr'>delectatum</span> <span class='ocrx_word' id='word_1_194' title='bbox 1732 1781 1806 1828; x_wconf 91' lang='lat' dir='ltr'>esse</span> <span class='ocrx_word' id='word_1_195' title='bbox 1820 1761 1972 1834; x_wconf 84' lang='lat' dir='ltr'>lectione</span> <span class='ocrx_word' id='word_1_196' title='bbox 1981 1759 2156 1854; x_wconf 49' lang='lat' dir='ltr'>Euclidis,</span> <span class='ocrx_word' id='word_1_197' title='bbox 2172 1771 2247 1838; x_wconf 87' lang='lat' dir='ltr'>adeo</span> 
     </span>
    </p>
   </div>
   <div class='ocr_carea' id='block_1_3' title="bbox 324 1851 2248 2065">
    <p class='ocr_par' dir='ltr' id='par_1_3' title="bbox 324 1851 2248 2065">
     <span class='ocr_line' id='line_1_16' title="bbox 324 1851 2248 1994; baseline -0.014 -14"><span class='ocrx_word' id='word_1_198' title='bbox 324 1908 463 1980; x_wconf 87' lang='lat' dir='ltr'>interea</span> <span class='ocrx_word' id='word_1_199' title='bbox 477 1921 598 1979; x_wconf 88' lang='lat' dir='ltr'>tamen</span> <span class='ocrx_word' id='word_1_200' title='bbox 614 1919 647 1977; x_wconf 91' lang='lat' dir='ltr'>et</span> <span class='ocrx_word' id='word_1_201' title='bbox 660 1929 774 1976; x_wconf 93' lang='lat' dir='ltr'>meam</span> <span class='ocrx_word' id='word_1_202' title='bbox 797 1919 831 1976; x_wconf 95' lang='lat' dir='ltr'>et</span> <span class='ocrx_word' id='word_1_203' title='bbox 847 1905 1009 1976; x_wconf 92' lang='lat' dir='ltr'>omnium</span> <span class='ocrx_word' id='word_1_204' title='bbox 1035 1902 1213 1994; x_wconf 87' lang='lat' dir='ltr'>ignaviam</span> <span class='ocrx_word' id='word_1_205' title='bbox 1264 1851 1513 1948; x_wconf 60' lang='lat' dir='ltr'>utEl&#39;lwm‘n</span> <span class='ocrx_word' id='word_1_206' title='bbox 1534 1855 1573 1976; x_wconf 56' lang='grc' dir='ltr'>ᾗ]</span> <span class='ocrx_word' id='word_1_207' title='bbox 1600 1851 1695 1930; x_wconf 63' lang='lat' dir='ltr'>hunc</span> <span class='ocrx_word' id='word_1_208' title='bbox 1716 1874 1875 1934; x_wconf 57' lang='lat' dir='ltr'>”imm</span> <span class='ocrx_word' id='word_1_209' title='bbox 1898 1867 2160 1986; x_wconf 64' lang='lat' dir='ltr'>⁰⁰J¹⁸⁰¹lP³0¹lb</span> <span class='ocrx_word' id='word_1_210' title='bbox 2214 1869 2248 1939; x_wconf 75' lang='lat'>¹¹¹</span> 
     </span>
     <span class='ocr_line' id='line_1_17' title="bbox 1266 1953 2247 2065; baseline 0.005 -36"><span class='ocrx_word' id='word_1_211' title='bbox 1266 1953 1334 2029; x_wconf 88' lang='lat' dir='ltr'>hoc</span> <span class='ocrx_word' id='word_1_212' title='bbox 1349 1981 1453 2028; x_wconf 89' lang='lat' dir='ltr'>cursu</span> <span class='ocrx_word' id='word_1_213' title='bbox 1470 1961 1672 2030; x_wconf 75' lang='lat' dir='ltr'>studiorum</span> <span class='ocrx_word' id='word_1_214' title='bbox 1689 1965 1782 2054; x_wconf 86' lang='lat' dir='ltr'>apud</span> <span class='ocrx_word' id='word_1_215' title='bbox 1800 1967 2032 2038; x_wconf 78' lang='lat' dir='ltr'>domesticum</span> <span class='ocrx_word' id='word_1_216' title='bbox 2055 1987 2247 2065; x_wconf 78' lang='lat' dir='ltr'>praecepto.</span> 
     </span>
    </p>
   </div>
   <div class='ocr_carea' id='block_1_4' title="bbox 219 2005 2308 2268">
    <p class='ocr_par' dir='ltr' id='par_1_4' title="bbox 219 2005 2308 2268">
     <span class='ocr_line' id='line_1_18' title="bbox 220 2005 2308 2107; baseline -0.01 -22"><span class='ocrx_word' id='word_1_217' title='bbox 220 2014 388 2107; x_wconf 89' lang='lat' dir='ltr'>deploro,</span> <span class='ocrx_word' id='word_1_218' title='bbox 426 2035 550 2081; x_wconf 90' lang='lat' dir='ltr'>omnes</span> <span class='ocrx_word' id='word_1_219' title='bbox 583 2009 680 2078; x_wconf 88' lang='lat' dir='ltr'>enim</span> <span class='ocrx_word' id='word_1_220' title='bbox 713 2031 834 2079; x_wconf 88' lang='lat' dir='ltr'>sumus</span> <span class='ocrx_word' id='word_1_221' title='bbox 868 2007 1141 2098; x_wconf 79' lang='lat' dir='ltr'>negligentiores</span> <span class='ocrx_word' id='word_1_222' title='bbox 1174 2005 1214 2074; x_wconf 94' lang='lat' dir='ltr'>in</span> <span class='ocrx_word' id='word_1_223' title='bbox 1469 2059 1506 2078; x_wconf 86' lang='lat'>..</span> <span class='ocrx_word' id='word_1_224' title='bbox 2028 2073 2035 2088; x_wconf 52' lang='lat'><em>,</em></span> <span class='ocrx_word' id='word_1_225' title='bbox 2150 2075 2158 2092; x_wconf 35' lang='lat'><em>⁶</em></span> <span class='ocrx_word' id='word_1_226' title='bbox 2307 2053 2308 2096; x_wconf 47' lang='lat'><em>5</em></span> 
     </span>
     <span class='ocr_line' id='line_1_19' title="bbox 219 2062 2246 2210; baseline 0 -21"><span class='ocrx_word' id='word_1_227' title='bbox 219 2116 422 2210; x_wconf 91' lang='lat' dir='ltr'>aspicienda</span> <span class='ocrx_word' id='word_1_228' title='bbox 437 2126 574 2197; x_wconf 86' lang='lat' dir='ltr'>natura,</span> <span class='ocrx_word' id='word_1_229' title='bbox 602 2126 635 2184; x_wconf 92' lang='lat' dir='ltr'>et</span> <span class='ocrx_word' id='word_1_230' title='bbox 650 2105 717 2182; x_wconf 91' lang='lat' dir='ltr'>hoc</span> <span class='ocrx_word' id='word_1_231' title='bbox 731 2105 868 2181; x_wconf 89' lang='lat' dir='ltr'>theatro</span> <span class='ocrx_word' id='word_1_232' title='bbox 885 2109 950 2182; x_wconf 90' lang='lat' dir='ltr'>Dei</span> <span class='ocrx_word' id='word_1_233' title='bbox 966 2107 1213 2200; x_wconf 89' lang='lat' dir='ltr'>contemplen·</span> <span class='ocrx_word' id='word_1_234' title='bbox 1266 2085 1341 2130; x_wconf 54' lang='grc' dir='ltr'>κω</span> <span class='ocrx_word' id='word_1_235' title='bbox 1366 2062 1523 2132; x_wconf 56' lang='lat' dir='ltr'><strong>‘absum</strong></span> <span class='ocrx_word' id='word_1_236' title='bbox 1557 2085 1669 2156; x_wconf 58' lang='lat' dir='ltr'>mque</span> <span class='ocrx_word' id='word_1_237' title='bbox 1698 2067 1743 2134; x_wconf 54' lang='lat' dir='ltr'>ad</span> <span class='ocrx_word' id='word_1_238' title='bbox 1769 2091 1906 2186; x_wconf 62' lang='lat' dir='ltr'>‘lunum</span> <span class='ocrx_word' id='word_1_239' title='bbox 1932 2085 2056 2192; x_wconf 50' lang='lat' dir='ltr'>“Q</span> <span class='ocrx_word' id='word_1_240' title='bbox 2083 2077 2246 2193; x_wconf 51' lang='lat' dir='ltr'>dissmlm</span> 
     </span>
     <span class='ocr_line' id='line_1_20' title="bbox 1266 2161 2247 2268; baseline 0.012 -35"><span class='ocrx_word' id='word_1_241' title='bbox 1266 2175 1443 2238; x_wconf 89' lang='lat' dir='ltr'>octavum.</span> <span class='ocrx_word' id='word_1_242' title='bbox 1495 2161 1600 2234; x_wconf 88' lang='lat' dir='ltr'>Pater</span> <span class='ocrx_word' id='word_1_243' title='bbox 1619 2189 1701 2236; x_wconf 86' lang='lat' dir='ltr'>vero</span> <span class='ocrx_word' id='word_1_244' title='bbox 1718 2165 1941 2258; x_wconf 86' lang='lat' dir='ltr'>Avrcennee‚</span> <span class='ocrx_word' id='word_1_245' title='bbox 1972 2199 2035 2267; x_wconf 89' lang='lat' dir='ltr'>qm</span> <span class='ocrx_word' id='word_1_246' title='bbox 2055 2191 2091 2248; x_wconf 92' lang='lat' dir='ltr'>et</span> <span class='ocrx_word' id='word_1_247' title='bbox 2107 2199 2180 2268; x_wconf 78' lang='lat' dir='ltr'>epse</span> <span class='ocrx_word' id='word_1_248' title='bbox 2200 2203 2247 2246; x_wconf 88' lang='lat' dir='ltr'>m·</span> 
     </span>
    </p>
   </div>
   <div class='ocr_carea' id='block_1_5' title="bbox 219 2205 1345 2314">
    <p class='ocr_par' dir='ltr' id='par_1_5' title="bbox 219 2205 1345 2314">
     <span class='ocr_line' id='line_1_21' title="bbox 219 2205 1345 2314; baseline -0.007 -24"><span class='ocrx_word' id='word_1_249' title='bbox 219 2223 286 2304; x_wconf 91' lang='lat' dir='ltr'>do,</span> <span class='ocrx_word' id='word_1_250' title='bbox 311 2243 416 2314; x_wconf 90' lang='lat' dir='ltr'>quam</span> <span class='ocrx_word' id='word_1_251' title='bbox 433 2216 634 2307; x_wconf 88' lang='lat' dir='ltr'>oportebat:</span> <span class='ocrx_word' id='word_1_252' title='bbox 661 2238 741 2283; x_wconf 90' lang='lat' dir='ltr'>cum</span> <span class='ocrx_word' id='word_1_253' title='bbox 759 2214 904 2306; x_wconf 90' lang='lat' dir='ltr'>quidem</span> <span class='ocrx_word' id='word_1_254' title='bbox 923 2225 958 2283; x_wconf 91' lang='lat' dir='ltr'>et</span> <span class='ocrx_word' id='word_1_255' title='bbox 972 2209 1069 2282; x_wconf 91' lang='lat' dir='ltr'>Deus</span> <span class='ocrx_word' id='word_1_256' title='bbox 1084 2213 1129 2280; x_wconf 92' lang='lat' dir='ltr'>ad</span> <span class='ocrx_word' id='word_1_257' title='bbox 1145 2205 1213 2280; x_wconf 92' lang='lat' dir='ltr'>boc</span> <span class='ocrx_word' id='word_1_258' title='bbox 1337 2265 1345 2282; x_wconf 92' lang='lat'><strong>.</strong></span> 
     </span>
    </p>
   </div>
   <div class='ocr_carea' id='block_1_6' title="bbox 220 2265 2248 2404">
    <p class='ocr_par' dir='ltr' id='par_1_6' title="bbox 220 2265 2248 2404">
     <span class='ocr_line' id='line_1_22' title="bbox 220 2265 2248 2404; baseline -0.015 -10"><span class='ocrx_word' id='word_1_259' title='bbox 220 2322 378 2404; x_wconf 88' lang='lat' dir='ltr'>studium</span> <span class='ocrx_word' id='word_1_260' title='bbox 396 2343 461 2390; x_wconf 91' lang='lat' dir='ltr'>nos</span> <span class='ocrx_word' id='word_1_261' title='bbox 482 2318 628 2402; x_wconf 90' lang='lat' dir='ltr'>invitet,</span> <span class='ocrx_word' id='word_1_262' title='bbox 655 2330 688 2386; x_wconf 91' lang='lat' dir='ltr'>ct</span> <span class='ocrx_word' id='word_1_263' title='bbox 711 2311 804 2384; x_wconf 90' lang='lat' dir='ltr'>nibil</span> <span class='ocrx_word' id='word_1_264' title='bbox 822 2311 888 2398; x_wconf 89' lang='lat' dir='ltr'>hac</span> <span class='ocrx_word' id='word_1_265' title='bbox 904 2313 1114 2402; x_wconf 88' lang='lat' dir='ltr'>cogitatione</span> <span class='ocrx_word' id='word_1_266' title='bbox 1131 2313 1215 2384; x_wconf 91' lang='lat' dir='ltr'>dul·</span> <span class='ocrx_word' id='word_1_267' title='bbox 1265 2289 1370 2385; x_wconf 64' lang='lat' dir='ltr'>imm</span> <span class='ocrx_word' id='word_1_268' title='bbox 1393 2287 1543 2356; x_wconf 50' lang='lat' dir='ltr'>maim„</span> <span class='ocrx_word' id='word_1_269' title='bbox 1564 2265 1651 2352; x_wconf 49' lang='grc' dir='ltr'>[Μ’</span> <span class='ocrx_word' id='word_1_270' title='bbox 1676 2269 1740 2341; x_wconf 64' lang='lat' dir='ltr'>”bl</span> <span class='ocrx_word' id='word_1_271' title='bbox 1762 2271 1802 2340; x_wconf 68' lang='lat' dir='ltr'>ln</span> <span class='ocrx_word' id='word_1_272' title='bbox 1821 2273 1896 2344; x_wconf 61' lang='lat'>55⁰</span> <span class='ocrx_word' id='word_1_273' title='bbox 1918 2277 2172 2350; x_wconf 66' lang='lat' dir='ltr'>”nlffldvfflit</span> <span class='ocrx_word' id='word_1_274' title='bbox 2186 2279 2248 2350; x_wconf 67' lang='lat' dir='ltr'>Vim</span> 
     </span>
    </p>
   </div>
   <div class='ocr_carea' id='block_1_7' title="bbox 219 2367 2247 2508">
    <p class='ocr_par' dir='ltr' id='par_1_7' title="bbox 219 2367 2247 2508">
     <span class='ocr_line' id='line_1_23' title="bbox 219 2367 2247 2508; baseline -0.019 -11"><span class='ocrx_word' id='word_1_275' title='bbox 219 2426 296 2497; x_wconf 92' lang='lat' dir='ltr'>cius</span> <span class='ocrx_word' id='word_1_276' title='bbox 311 2423 377 2508; x_wconf 90' lang='lat' dir='ltr'>sit,</span> <span class='ocrx_word' id='word_1_277' title='bbox 398 2435 432 2491; x_wconf 90' lang='lat' dir='ltr'>et</span> <span class='ocrx_word' id='word_1_278' title='bbox 446 2418 641 2490; x_wconf 88' lang='lat' dir='ltr'>valetudini</span> <span class='ocrx_word' id='word_1_279' title='bbox 659 2443 699 2488; x_wconf 92' lang='lat' dir='ltr'>ac</span> <span class='ocrx_word' id='word_1_280' title='bbox 714 2419 805 2488; x_wconf 91' lang='lat' dir='ltr'>vitae</span> <span class='ocrx_word' id='word_1_281' title='bbox 826 2413 913 2488; x_wconf 90' lang='lat' dir='ltr'>baec</span> <span class='ocrx_word' id='word_1_282' title='bbox 929 2415 1112 2506; x_wconf 88' lang='lat' dir='ltr'>diligentia</span> <span class='ocrx_word' id='word_1_283' title='bbox 1132 2415 1214 2508; x_wconf 93' lang='lat' dir='ltr'>plu·</span> <span class='ocrx_word' id='word_1_284' title='bbox 1267 2367 1402 2458; x_wconf 55' lang='lat' dir='ltr'>”mli</span> <span class='ocrx_word' id='word_1_285' title='bbox 1417 2381 1451 2438; x_wconf 49' lang='grc' dir='ltr'>εἰ</span> <span class='ocrx_word' id='word_1_286' title='bbox 1463 2367 1647 2458; x_wconf 56' lang='lat' dir='ltr'>mmm</span> <span class='ocrx_word' id='word_1_287' title='bbox 1663 2386 1838 2458; x_wconf 61' lang='lat' dir='ltr'>”alumna</span> <span class='ocrx_word' id='word_1_288' title='bbox 1864 2377 1978 2448; x_wconf 70' lang='lat' dir='ltr'>V⁰¹⁰ll</span> <span class='ocrx_word' id='word_1_289' title='bbox 1992 2404 2075 2450; x_wconf 71' lang='lat' dir='ltr'>²¹¹¹ss</span> <span class='ocrx_word' id='word_1_290' title='bbox 2091 2383 2130 2450; x_wconf 71' lang='lat' dir='ltr'>ln</span> <span class='ocrx_word' id='word_1_291' title='bbox 2145 2383 2247 2452; x_wconf 64' lang='lat' dir='ltr'>aulam</span> 
     </span>
    </p>
   </div>
   <div class='ocr_carea' id='block_1_8' title="bbox 218 2467 2248 2718">
    <p class='ocr_par' dir='ltr' id='par_1_8' title="bbox 218 2467 2248 2718">
     <span class='ocr_line' id='line_1_24' title="bbox 218 2467 2248 2618; baseline -0.019 -20"><span class='ocrx_word' id='word_1_292' title='bbox 218 2529 350 2598; x_wconf 90' lang='lat' dir='ltr'>rimum</span> <span class='ocrx_word' id='word_1_293' title='bbox 368 2524 554 2618; x_wconf 83' lang='lat' dir='ltr'>profutura</span> <span class='ocrx_word' id='word_1_294' title='bbox 573 2535 673 2592; x_wconf 88' lang='lat' dir='ltr'>esset.</span> <span class='ocrx_word' id='word_1_295' title='bbox 724 2519 940 2614; x_wconf 86' lang='lat' dir='ltr'>Quanquam</span> <span class='ocrx_word' id='word_1_296' title='bbox 965 2533 1082 2590; x_wconf 90' lang='lat' dir='ltr'>autem</span> <span class='ocrx_word' id='word_1_297' title='bbox 1107 2539 1214 2586; x_wconf 81' lang='lat' dir='ltr'>tremo</span> <span class='ocrx_word' id='word_1_298' title='bbox 1266 2467 1383 2588; x_wconf 42' lang='lat' dir='ltr'>Regii</span> <span class='ocrx_word' id='word_1_299' title='bbox 1401 2467 1535 2588; x_wconf 64' lang='lat' dir='ltr'>P⁶f⁸l⁶i</span> <span class='ocrx_word' id='word_1_300' title='bbox 1560 2473 1723 2593; x_wconf 40' lang='lat' dir='ltr'>mdes&amp;</span> <span class='ocrx_word' id='word_1_301' title='bbox 1765 2483 2248 2604; x_wconf 59' lang='lat' dir='ltr'>²2P10P101V⁸riel³lfmel</span> 
     </span>
     <span class='ocr_line' id='line_1_25' title="bbox 220 2574 2248 2718; baseline -0.02 -16"><span class='ocrx_word' id='word_1_302' title='bbox 220 2630 303 2702; x_wconf 85' lang='lat' dir='ltr'>satis</span> <span class='ocrx_word' id='word_1_303' title='bbox 318 2629 477 2699; x_wconf 89' lang='lat' dir='ltr'>intentus</span> <span class='ocrx_word' id='word_1_304' title='bbox 495 2637 670 2718; x_wconf 89' lang='lat' dir='ltr'>spectator</span> <span class='ocrx_word' id='word_1_305' title='bbox 683 2645 756 2692; x_wconf 85' lang='lat' dir='ltr'>esse</span> <span class='ocrx_word' id='word_1_306' title='bbox 770 2636 916 2692; x_wconf 88' lang='lat' dir='ltr'>naturae</span> <span class='ocrx_word' id='word_1_307' title='bbox 931 2633 1064 2714; x_wconf 90' lang='lat' dir='ltr'>potest:</span> <span class='ocrx_word' id='word_1_308' title='bbox 1095 2633 1214 2690; x_wconf 90' lang='lat' dir='ltr'>tamen</span> <span class='ocrx_word' id='word_1_309' title='bbox 1267 2574 1547 2662; x_wconf 63' lang='lat' dir='ltr'>m³⁸⁰¹l¹¹d¹¹¹⁰m</span> <span class='ocrx_word' id='word_1_310' title='bbox 1586 2589 1810 2665; x_wconf 64' lang='lat' dir='ltr'><strong>⁰⁰g⁰²¹⁰mm</strong></span> <span class='ocrx_word' id='word_1_311' title='bbox 1853 2575 1999 2654; x_wconf 63' lang='lat' dir='ltr'>bilhffli</span> <span class='ocrx_word' id='word_1_312' title='bbox 2040 2609 2248 2657; x_wconf 69' lang='lat' dir='ltr'>occastonem</span> 
     </span>
    </p>
   </div>
   <div class='ocr_carea' id='block_1_9' title="bbox 220 2675 2249 2920">
    <p class='ocr_par' dir='ltr' id='par_1_9' title="bbox 220 2675 2249 2920">
     <span class='ocr_line' id='line_1_26' title="bbox 220 2675 2249 2818; baseline -0.019 -15"><span class='ocrx_word' id='word_1_313' title='bbox 220 2732 341 2804; x_wconf 90' lang='lat' dir='ltr'>omnia</span> <span class='ocrx_word' id='word_1_314' title='bbox 359 2731 454 2800; x_wconf 92' lang='lat' dir='ltr'>bona</span> <span class='ocrx_word' id='word_1_315' title='bbox 478 2727 619 2818; x_wconf 89' lang='lat' dir='ltr'>ingenia</span> <span class='ocrx_word' id='word_1_316' title='bbox 640 2721 816 2796; x_wconf 87' lang='lat' dir='ltr'>hortanda</span> <span class='ocrx_word' id='word_1_317' title='bbox 839 2737 922 2796; x_wconf 90' lang='lat' dir='ltr'>sunt</span> <span class='ocrx_word' id='word_1_318' title='bbox 946 2725 990 2793; x_wconf 93' lang='lat' dir='ltr'>ad</span> <span class='ocrx_word' id='word_1_319' title='bbox 1014 2717 1106 2800; x_wconf 87' lang='lat' dir='ltr'>hanc</span> <span class='ocrx_word' id='word_1_320' title='bbox 1128 2744 1215 2793; x_wconf 93' lang='lat' dir='ltr'>con·</span> <span class='ocrx_word' id='word_1_321' title='bbox 1266 2675 1462 2793; x_wconf 61' lang='lat' dir='ltr'>⁰¹²¹⁶⁰¹¹dl</span> <span class='ocrx_word' id='word_1_322' title='bbox 1476 2675 1626 2764; x_wconf 59' lang='lat' dir='ltr'>ingenii*</span> <span class='ocrx_word' id='word_1_323' title='bbox 1653 2679 1838 2798; x_wconf 39' lang='lat' dir='ltr'>”Afillub</span> <span class='ocrx_word' id='word_1_324' title='bbox 1860 2685 1923 2802; x_wconf 67' lang='lat' dir='ltr'>‘lui</span> <span class='ocrx_word' id='word_1_325' title='bbox 1937 2687 2175 2806; x_wconf 64' lang='lat' dir='ltr'>arrlaesmata</span> <span class='ocrx_word' id='word_1_326' title='bbox 2192 2712 2249 2756; x_wconf 84' lang='lat' dir='ltr'>no-</span> 
     </span>
     <span class='ocr_line' id='line_1_27' title="bbox 220 2777 2248 2920; baseline -0.019 -14"><span class='ocrx_word' id='word_1_327' title='bbox 220 2834 471 2906; x_wconf 90' lang='lat' dir='ltr'>siderationem</span> <span class='ocrx_word' id='word_1_328' title='bbox 499 2829 743 2920; x_wconf 89' lang='lat' dir='ltr'>diguissimam</span> <span class='ocrx_word' id='word_1_329' title='bbox 769 2821 931 2898; x_wconf 87' lang='lat' dir='ltr'>homino:</span> <span class='ocrx_word' id='word_1_330' title='bbox 975 2825 1047 2896; x_wconf 92' lang='lat' dir='ltr'>imo</span> <span class='ocrx_word' id='word_1_331' title='bbox 1075 2848 1155 2896; x_wconf 90' lang='lat' dir='ltr'>cum</span> <span class='ocrx_word' id='word_1_332' title='bbox 1181 2837 1215 2893; x_wconf 93' lang='lat' dir='ltr'>et</span> <span class='ocrx_word' id='word_1_333' title='bbox 1266 2789 1340 2862; x_wconf 52' lang='lat' dir='ltr'>‘al’</span> <span class='ocrx_word' id='word_1_334' title='bbox 1367 2777 1685 2868; x_wconf 61' lang='lat' dir='ltr'>9¹²⁰¹b¹¹⁸³l³⁸lff</span> <span class='ocrx_word' id='word_1_335' title='bbox 1706 2799 1928 2875; x_wconf 56' lang='lat' dir='ltr'>¹¹¹¹P2¹⁸³V¹t2</span> <span class='ocrx_word' id='word_1_336' title='bbox 1949 2791 2248 2862; x_wconf 68' lang='grc' dir='ltr'>ὓῑῦΰῑῦῐῠὸόᾶἱ·</span> 
     </span>
    </p>
   </div>
   <div class='ocr_carea' id='block_1_10' title="bbox 218 2879 2307 3224">
    <p class='ocr_par' dir='ltr' id='par_1_10' title="bbox 218 2879 2307 3224">
     <span class='ocr_line' id='line_1_28' title="bbox 218 2879 2307 3050; baseline -0.014 -41"><span class='ocrx_word' id='word_1_337' title='bbox 218 2938 315 3010; x_wconf 91' lang='lat' dir='ltr'>Deus</span> <span class='ocrx_word' id='word_1_338' title='bbox 338 2959 414 3006; x_wconf 90' lang='lat' dir='ltr'>cam</span> <span class='ocrx_word' id='word_1_339' title='bbox 438 2933 648 3026; x_wconf 89' lang='lat' dir='ltr'>praecipiat,</span> <span class='ocrx_word' id='word_1_340' title='bbox 671 2932 787 3024; x_wconf 90' lang='lat' dir='ltr'>ipsum</span> <span class='ocrx_word' id='word_1_341' title='bbox 804 2953 947 3024; x_wconf 89' lang='lat' dir='ltr'>quoque</span> <span class='ocrx_word' id='word_1_342' title='bbox 963 2941 1111 2998; x_wconf 91' lang='lat' dir='ltr'>naturae</span> <span class='ocrx_word' id='word_1_343' title='bbox 1129 2949 1216 2996; x_wconf 88' lang='lat' dir='ltr'>con·</span> <span class='ocrx_word' id='word_1_344' title='bbox 1267 2881 1438 3050; x_wconf 58' lang='lat' dir='ltr'>:laqueum</span> <span class='ocrx_word' id='word_1_345' title='bbox 1454 2879 1754 3004; x_wconf 56' lang='lat' dir='ltr'>⁸¹b¹‚⁰⁰⁰⁰{³d²‘⁰,}·</span> <span class='ocrx_word' id='word_1_346' title='bbox 1783 2884 1913 3008; x_wconf 55' lang='grc' dir='ltr'>,Ρῗῑθξ</span> <span class='ocrx_word' id='word_1_347' title='bbox 1926 2913 2029 2978; x_wconf 66' lang='lat' dir='ltr'>V⁰l⁰s</span> <span class='ocrx_word' id='word_1_348' title='bbox 2056 2896 2121 3012; x_wconf 69' lang='lat' dir='ltr'>{tul</span> <span class='ocrx_word' id='word_1_349' title='bbox 2136 2907 2170 2964; x_wconf 69' lang='grc' dir='ltr'>θῑ</span> <span class='ocrx_word' id='word_1_350' title='bbox 2185 2895 2248 2982; x_wconf 62' lang='lat' dir='ltr'>51¹⁸e</span> <span class='ocrx_word' id='word_1_351' title='bbox 2306 2961 2307 2970; x_wconf 22' lang='grc' dir='ltr'>η</span> 
     </span>
     <span class='ocr_line' id='line_1_29' title="bbox 219 2983 2248 3122; baseline -0.017 -12"><span class='ocrx_word' id='word_1_352' title='bbox 219 3041 372 3110; x_wconf 88' lang='lat' dir='ltr'>ditorem</span> <span class='ocrx_word' id='word_1_353' title='bbox 396 3060 477 3122; x_wconf 91' lang='lat' dir='ltr'>oro,</span> <span class='ocrx_word' id='word_1_354' title='bbox 502 3048 544 3106; x_wconf 93' lang='lat' dir='ltr'>ut</span> <span class='ocrx_word' id='word_1_355' title='bbox 567 3035 761 3104; x_wconf 89' lang='lat' dir='ltr'>multorum</span> <span class='ocrx_word' id='word_1_356' title='bbox 785 3032 902 3102; x_wconf 86' lang='lat' dir='ltr'>flectet</span> <span class='ocrx_word' id='word_1_357' title='bbox 926 3043 1061 3101; x_wconf 88' lang='lat' dir='ltr'>mentes</span> <span class='ocrx_word' id='word_1_358' title='bbox 1080 3029 1126 3098; x_wconf 90' lang='lat' dir='ltr'>ad</span> <span class='ocrx_word' id='word_1_359' title='bbox 1147 3023 1216 3097; x_wconf 90' lang='lat' dir='ltr'>boc</span> <span class='ocrx_word' id='word_1_360' title='bbox 1293 2983 1664 3100; x_wconf 60' lang='lat' dir='ltr'>⁸⁰⁰l³ll³lul¹⁰3²¹¹¹⁰</span> <span class='ocrx_word' id='word_1_361' title='bbox 1681 2985 1757 3068; x_wconf 52' lang='lat'>‘³¹¹¹’</span> <span class='ocrx_word' id='word_1_362' title='bbox 1781 2991 1818 3058; x_wconf 58' lang='grc' dir='ltr'>’ἀ</span> <span class='ocrx_word' id='word_1_363' title='bbox 1834 3013 1902 3108; x_wconf 65' lang='lat' dir='ltr'>{PP</span> <span class='ocrx_word' id='word_1_364' title='bbox 1917 3009 2248 3114; x_wconf 55' lang='lat' dir='ltr'>⁰⁰¹¹C²⁸ff¹bfit⁰¹fr</span> 
     </span>
     <span class='ocr_line' id='line_1_30' title="bbox 219 3083 2307 3224; baseline -0.011 -10"><span class='ocrx_word' id='word_1_365' title='bbox 219 3141 390 3224; x_wconf 88' lang='lat' dir='ltr'>studium,</span> <span class='ocrx_word' id='word_1_366' title='bbox 416 3151 452 3208; x_wconf 92' lang='lat' dir='ltr'>et</span> <span class='ocrx_word' id='word_1_367' title='bbox 466 3137 633 3208; x_wconf 83' lang='lat' dir='ltr'>exuscitet</span> <span class='ocrx_word' id='word_1_368' title='bbox 646 3159 721 3220; x_wconf 84' lang='lat' dir='ltr'>eas,</span> <span class='ocrx_word' id='word_1_369' title='bbox 745 3148 788 3204; x_wconf 92' lang='lat' dir='ltr'>ut</span> <span class='ocrx_word' id='word_1_370' title='bbox 801 3133 840 3202; x_wconf 92' lang='lat' dir='ltr'>in</span> <span class='ocrx_word' id='word_1_371' title='bbox 854 3130 919 3204; x_wconf 88' lang='lat' dir='ltr'>bec</span> <span class='ocrx_word' id='word_1_372' title='bbox 933 3129 1215 3202; x_wconf 90' lang='lat' dir='ltr'>consideratione</span> <span class='ocrx_word' id='word_1_373' title='bbox 1266 3096 1386 3156; x_wconf 56' lang='lat' dir='ltr'><strong>meam</strong></span> <span class='ocrx_word' id='word_1_374' title='bbox 1416 3095 1629 3156; x_wconf 48' lang='lat' dir='ltr'>&#39;numium</span> <span class='ocrx_word' id='word_1_375' title='bbox 1653 3083 1908 3162; x_wconf 51' lang='lat' dir='ltr'>Alandrum</span> <span class='ocrx_word' id='word_1_376' title='bbox 1940 3097 2117 3186; x_wconf 63' lang='grc' dir='ltr'>Ρωίὶειεοι</span> <span class='ocrx_word' id='word_1_377' title='bbox 2144 3111 2248 3169; x_wconf 70' lang='lat' dir='ltr'>¹⁰⁸⁵¹l³</span> <span class='ocrx_word' id='word_1_378' title='bbox 2306 3119 2307 3192; x_wconf 63' lang='lat' dir='ltr'>l</span> 
     </span>
    </p>
   </div>
   <div class='ocr_carea' id='block_1_11' title="bbox 220 3177 2307 3390">
    <p class='ocr_par' dir='ltr' id='par_1_11' title="bbox 220 3177 2307 3390">
     <span class='ocr_line' id='line_1_31' title="bbox 220 3177 2307 3390; baseline -0.031 -52"><span class='ocrx_word' id='word_1_379' title='bbox 220 3247 337 3337; x_wconf 84' lang='lat' dir='ltr'>iPsum</span> <span class='ocrx_word' id='word_1_380' title='bbox 355 3263 498 3336; x_wconf 81' lang='lat' dir='ltr'>quoque</span> <span class='ocrx_word' id='word_1_381' title='bbox 516 3251 724 3330; x_wconf 75' lang='lat' dir='ltr'>agnoscant,</span> <span class='ocrx_word' id='word_1_382' title='bbox 747 3251 960 3308; x_wconf 86' lang='lat' dir='ltr'>venerentur</span> <span class='ocrx_word' id='word_1_383' title='bbox 974 3249 1008 3308; x_wconf 92' lang='lat' dir='ltr'>et</span> <span class='ocrx_word' id='word_1_384' title='bbox 1026 3235 1215 3306; x_wconf 87' lang='lat' dir='ltr'>celebrent.</span> <span class='ocrx_word' id='word_1_385' title='bbox 1267 3177 1631 3384; x_wconf 50' lang='grc' dir='ltr'>ἓέιξοιίΐῖωζωῗῖἳὶ</span> <span class='ocrx_word' id='word_1_386' title='bbox 1644 3189 2248 3390; x_wconf 51' lang='grc' dir='ltr'>Ᾰῗὲἶῧξωέῗέἑῖὴξξῐίῗεὲἱὶὶᾙ</span> <span class='ocrx_word' id='word_1_387' title='bbox 2306 3197 2307 3274; x_wconf 79' lang='lat' dir='ltr'>l</span> 
     </span>
    </p>
   </div>
   <div class='ocr_carea' id='block_1_12' title="bbox 135 3385 2248 4624">
    <p class='ocr_par' dir='ltr' id='par_1_12' title="bbox 135 3385 2248 4624">
     <span class='ocr_line' id='line_1_32' title="bbox 321 3385 2248 3482; baseline 0.002 -17"><span class='ocrx_word' id='word_1_388' title='bbox 321 3391 517 3464; x_wconf 86' lang='lat' dir='ltr'>Laudanda</span> <span class='ocrx_word' id='word_1_389' title='bbox 544 3401 596 3459; x_wconf 89' lang='lat' dir='ltr'>est</span> <span class='ocrx_word' id='word_1_390' title='bbox 621 3399 738 3458; x_wconf 90' lang='lat' dir='ltr'>autem</span> <span class='ocrx_word' id='word_1_391' title='bbox 767 3385 993 3458; x_wconf 90' lang='lat' dir='ltr'>Medicorum</span> <span class='ocrx_word' id='word_1_392' title='bbox 1019 3385 1216 3478; x_wconf 86' lang='lat' dir='ltr'>diligentie,</span> <span class='ocrx_word' id='word_1_393' title='bbox 1266 3387 1441 3462; x_wconf 89' lang='lat' dir='ltr'>Romanis</span> <span class='ocrx_word' id='word_1_394' title='bbox 1456 3391 1675 3482; x_wconf 89' lang='lat' dir='ltr'>temporibus</span> <span class='ocrx_word' id='word_1_395' title='bbox 1691 3397 1897 3469; x_wconf 88' lang='lat' dir='ltr'>docentium</span> <span class='ocrx_word' id='word_1_396' title='bbox 1913 3414 1948 3472; x_wconf 93' lang='lat' dir='ltr'>et</span> <span class='ocrx_word' id='word_1_397' title='bbox 1963 3402 2174 3476; x_wconf 85' lang='lat' dir='ltr'>discentium</span> <span class='ocrx_word' id='word_1_398' title='bbox 2189 3406 2248 3472; x_wconf 84' lang='lat' dir='ltr'>sre-</span> 
     </span>
     <span class='ocr_line' id='line_1_33' title="bbox 187 3489 2247 3595; baseline 0.01 -47"><span class='ocrx_word' id='word_1_399' title='bbox 187 3501 284 3594; x_wconf 64' lang='lat' dir='ltr'>‚qui</span> <span class='ocrx_word' id='word_1_400' title='bbox 299 3497 364 3569; x_wconf 91' lang='lat' dir='ltr'>etsi</span> <span class='ocrx_word' id='word_1_401' title='bbox 382 3507 491 3566; x_wconf 88' lang='lat' dir='ltr'>totam</span> <span class='ocrx_word' id='word_1_402' title='bbox 505 3503 669 3563; x_wconf 91' lang='lat' dir='ltr'>naturam</span> <span class='ocrx_word' id='word_1_403' title='bbox 680 3489 844 3560; x_wconf 86' lang='lat' dir='ltr'>evolvere</span> <span class='ocrx_word' id='word_1_404' title='bbox 857 3514 962 3560; x_wconf 89' lang='lat' dir='ltr'>nemo</span> <span class='ocrx_word' id='word_1_405' title='bbox 973 3513 1068 3560; x_wconf 91' lang='lat' dir='ltr'>unus</span> <span class='ocrx_word' id='word_1_406' title='bbox 1083 3500 1215 3582; x_wconf 71' lang='lat' dir='ltr'>potesta</span> <span class='ocrx_word' id='word_1_407' title='bbox 1267 3492 1413 3587; x_wconf 89' lang='lat' dir='ltr'>quentia</span> <span class='ocrx_word' id='word_1_408' title='bbox 1436 3491 1569 3564; x_wconf 84' lang='lat' dir='ltr'>floruit.</span> <span class='ocrx_word' id='word_1_409' title='bbox 1618 3489 1699 3566; x_wconf 80' lang='lat' dir='ltr'>Etsi</span> <span class='ocrx_word' id='word_1_410' title='bbox 1714 3497 1810 3568; x_wconf 87' lang='lat' dir='ltr'>enim</span> <span class='ocrx_word' id='word_1_411' title='bbox 1833 3503 2247 3595; x_wconf 81' lang='lat' dir='ltr'>propterSarraeenicum</span> 
     </span>
     <span class='ocr_line' id='line_1_34' title="bbox 221 3592 2246 3692; baseline 0 -17"><span class='ocrx_word' id='word_1_412' title='bbox 221 3619 339 3676; x_wconf 92' lang='lat' dir='ltr'>tamen</span> <span class='ocrx_word' id='word_1_413' title='bbox 358 3597 488 3668; x_wconf 85' lang='lat' dir='ltr'>multas</span> <span class='ocrx_word' id='word_1_414' title='bbox 508 3609 624 3687; x_wconf 89' lang='lat' dir='ltr'>partes</span> <span class='ocrx_word' id='word_1_415' title='bbox 648 3592 800 3685; x_wconf 91' lang='lat' dir='ltr'>prolatas</span> <span class='ocrx_word' id='word_1_416' title='bbox 817 3605 1081 3678; x_wconf 89' lang='lat' dir='ltr'>monstrarunt,</span> <span class='ocrx_word' id='word_1_417' title='bbox 1106 3603 1141 3661; x_wconf 91' lang='lat' dir='ltr'>et</span> <span class='ocrx_word' id='word_1_418' title='bbox 1157 3613 1215 3660; x_wconf 90' lang='lat' dir='ltr'>ea·</span> <span class='ocrx_word' id='word_1_419' title='bbox 1267 3595 1468 3686; x_wconf 88' lang='lat' dir='ltr'>imperium,</span> <span class='ocrx_word' id='word_1_420' title='bbox 1488 3595 1558 3666; x_wconf 88' lang='lat' dir='ltr'>iam</span> <span class='ocrx_word' id='word_1_421' title='bbox 1570 3593 1728 3670; x_wconf 83' lang='lat' dir='ltr'>Graecae</span> <span class='ocrx_word' id='word_1_422' title='bbox 1741 3599 1885 3692; x_wconf 81' lang='lat' dir='ltr'>linguae</span> <span class='ocrx_word' id='word_1_423' title='bbox 1901 3627 1988 3676; x_wconf 88' lang='lat' dir='ltr'>usus</span> <span class='ocrx_word' id='word_1_424' title='bbox 2002 3631 2078 3678; x_wconf 93' lang='lat' dir='ltr'>non</span> <span class='ocrx_word' id='word_1_425' title='bbox 2093 3623 2166 3680; x_wconf 89' lang='lat' dir='ltr'>erat</span> <span class='ocrx_word' id='word_1_426' title='bbox 2179 3609 2246 3678; x_wconf 87' lang='lat' dir='ltr'>vul-</span> 
     </span>
     <span class='ocr_line' id='line_1_35' title="bbox 220 3690 2246 3798; baseline 0.001 -20"><span class='ocrx_word' id='word_1_427' title='bbox 220 3731 300 3778; x_wconf 88' lang='lat' dir='ltr'>rum</span> <span class='ocrx_word' id='word_1_428' title='bbox 320 3700 489 3774; x_wconf 89' lang='lat' dir='ltr'>noticiam</span> <span class='ocrx_word' id='word_1_429' title='bbox 509 3698 629 3788; x_wconf 90' lang='lat' dir='ltr'>generi</span> <span class='ocrx_word' id='word_1_430' title='bbox 652 3690 811 3766; x_wconf 87' lang='lat' dir='ltr'>humano</span> <span class='ocrx_word' id='word_1_431' title='bbox 832 3707 991 3780; x_wconf 85' lang='lat' dir='ltr'>servant,</span> <span class='ocrx_word' id='word_1_432' title='bbox 1015 3718 1055 3764; x_wconf 91' lang='lat' dir='ltr'>ac</span> <span class='ocrx_word' id='word_1_433' title='bbox 1072 3694 1217 3786; x_wconf 87' lang='lat' dir='ltr'>prodest</span> <span class='ocrx_word' id='word_1_434' title='bbox 1267 3697 1380 3789; x_wconf 78' lang='lat' dir='ltr'>garis,</span> <span class='ocrx_word' id='word_1_435' title='bbox 1405 3711 1439 3768; x_wconf 92' lang='lat' dir='ltr'>et</span> <span class='ocrx_word' id='word_1_436' title='bbox 1459 3697 1670 3792; x_wconf 88' lang='lat' dir='ltr'>squallidius</span> <span class='ocrx_word' id='word_1_437' title='bbox 1693 3705 1926 3778; x_wconf 81' lang='lat' dir='ltr'>tradebantur</span> <span class='ocrx_word' id='word_1_438' title='bbox 1949 3733 2074 3780; x_wconf 90' lang='lat' dir='ltr'>omnes</span> <span class='ocrx_word' id='word_1_439' title='bbox 2097 3727 2200 3798; x_wconf 85' lang='lat' dir='ltr'>artes,</span> <span class='ocrx_word' id='word_1_440' title='bbox 2220 3725 2246 3780; x_wconf 93' lang='lat' dir='ltr'>et</span> 
     </span>
     <span class='ocr_line' id='line_1_36' title="bbox 135 3795 2245 3898; baseline -0.001 -16"><span class='ocrx_word' id='word_1_441' title='bbox 135 3883 140 3896; x_wconf 64' lang='grc'><em>,</em></span> <span class='ocrx_word' id='word_1_442' title='bbox 219 3803 349 3879; x_wconf 90' lang='lat' dir='ltr'>horum</span> <span class='ocrx_word' id='word_1_443' title='bbox 371 3812 603 3873; x_wconf 91' lang='lat' dir='ltr'>monumenta</span> <span class='ocrx_word' id='word_1_444' title='bbox 618 3797 705 3888; x_wconf 91' lang='lat' dir='ltr'>legi,</span> <span class='ocrx_word' id='word_1_445' title='bbox 732 3821 806 3868; x_wconf 91' lang='lat' dir='ltr'>non</span> <span class='ocrx_word' id='word_1_446' title='bbox 822 3795 958 3868; x_wconf 87' lang='lat' dir='ltr'>Graeca</span> <span class='ocrx_word' id='word_1_447' title='bbox 974 3809 1131 3882; x_wconf 86' lang='lat' dir='ltr'>tantum,</span> <span class='ocrx_word' id='word_1_448' title='bbox 1153 3795 1215 3866; x_wconf 92' lang='lat' dir='ltr'>sed</span> <span class='ocrx_word' id='word_1_449' title='bbox 1268 3799 1401 3870; x_wconf 88' lang='lat' dir='ltr'>multae</span> <span class='ocrx_word' id='word_1_450' title='bbox 1422 3801 1643 3894; x_wconf 89' lang='lat' dir='ltr'>corruptelae</span> <span class='ocrx_word' id='word_1_451' title='bbox 1665 3803 1839 3878; x_wconf 83' lang='lat' dir='ltr'>doctrinis</span> <span class='ocrx_word' id='word_1_452' title='bbox 1861 3809 2038 3884; x_wconf 86' lang='lat' dir='ltr'>admixtae</span> <span class='ocrx_word' id='word_1_453' title='bbox 2061 3827 2179 3898; x_wconf 87' lang='lat' dir='ltr'>erant,</span> <span class='ocrx_word' id='word_1_454' title='bbox 2202 3827 2245 3882; x_wconf 89' lang='lat' dir='ltr'>ta·</span> 
     </span>
     <span class='ocr_line' id='line_1_37' title="bbox 221 3898 2245 4000; baseline -0.005 -19"><span class='ocrx_word' id='word_1_455' title='bbox 221 3912 327 3982; x_wconf 88' lang='lat' dir='ltr'>etiam</span> <span class='ocrx_word' id='word_1_456' title='bbox 350 3907 446 3998; x_wconf 87' lang='lat' dir='ltr'>apud</span> <span class='ocrx_word' id='word_1_457' title='bbox 468 3904 556 3974; x_wconf 90' lang='lat' dir='ltr'>alias</span> <span class='ocrx_word' id='word_1_458' title='bbox 577 3913 696 4000; x_wconf 87' lang='lat' dir='ltr'>gentes</span> <span class='ocrx_word' id='word_1_459' title='bbox 717 3914 751 3998; x_wconf 76' lang='lat' dir='ltr'>et</span> <span class='ocrx_word' id='word_1_460' title='bbox 775 3899 854 3970; x_wconf 88' lang='lat' dir='ltr'>aliis</span> <span class='ocrx_word' id='word_1_461' title='bbox 875 3898 1047 3970; x_wconf 85' lang='lat' dir='ltr'>aetatibus</span> <span class='ocrx_word' id='word_1_462' title='bbox 1071 3921 1217 3988; x_wconf 85' lang='lat' dir='ltr'>compo·</span> <span class='ocrx_word' id='word_1_463' title='bbox 1268 3925 1349 3971; x_wconf 90' lang='lat' dir='ltr'>men</span> <span class='ocrx_word' id='word_1_464' title='bbox 1365 3901 1482 3972; x_wconf 89' lang='lat' dir='ltr'>studia</span> <span class='ocrx_word' id='word_1_465' title='bbox 1498 3905 1660 3974; x_wconf 92' lang='lat' dir='ltr'>nondum</span> <span class='ocrx_word' id='word_1_466' title='bbox 1676 3927 1822 3996; x_wconf 88' lang='lat' dir='ltr'>prorsus</span> <span class='ocrx_word' id='word_1_467' title='bbox 1838 3911 2096 3988; x_wconf 74' lang='lat' dir='ltr'>conticuerant,</span> <span class='ocrx_word' id='word_1_468' title='bbox 2132 3911 2245 3986; x_wconf 70' lang='lat' dir='ltr'>Adhuc</span> 
     </span>
     <span class='ocr_line' id='line_1_38' title="bbox 220 3995 2244 4110; baseline 0 -25"><span class='ocrx_word' id='word_1_469' title='bbox 220 4013 299 4086; x_wconf 89' lang='lat' dir='ltr'>sita.</span> <span class='ocrx_word' id='word_1_470' title='bbox 351 4007 468 4082; x_wconf 90' lang='lat' dir='ltr'>Multa</span> <span class='ocrx_word' id='word_1_471' title='bbox 492 4005 588 4076; x_wconf 90' lang='lat' dir='ltr'>enim</span> <span class='ocrx_word' id='word_1_472' title='bbox 612 4003 651 4072; x_wconf 94' lang='lat' dir='ltr'>in</span> <span class='ocrx_word' id='word_1_473' title='bbox 674 4015 801 4076; x_wconf 89' lang='lat' dir='ltr'>natura</span> <span class='ocrx_word' id='word_1_474' title='bbox 818 4015 853 4073; x_wconf 90' lang='lat' dir='ltr'>et</span> <span class='ocrx_word' id='word_1_475' title='bbox 872 4001 911 4070; x_wconf 92' lang='lat' dir='ltr'>in</span> <span class='ocrx_word' id='word_1_476' title='bbox 927 4013 1001 4072; x_wconf 90' lang='lat' dir='ltr'>arte</span> <span class='ocrx_word' id='word_1_477' title='bbox 1016 3995 1216 4094; x_wconf 91' lang='lat' dir='ltr'>deprehen·</span> <span class='ocrx_word' id='word_1_478' title='bbox 1268 4003 1320 4074; x_wconf 92' lang='lat' dir='ltr'>ibi</span> <span class='ocrx_word' id='word_1_479' title='bbox 1336 3997 1528 4076; x_wconf 84' lang='lat' dir='ltr'>haerebant</span> <span class='ocrx_word' id='word_1_480' title='bbox 1542 4005 1715 4100; x_wconf 90' lang='lat' dir='ltr'>reliquiae</span> <span class='ocrx_word' id='word_1_481' title='bbox 1728 4012 1901 4104; x_wconf 89' lang='lat' dir='ltr'>quaedam</span> <span class='ocrx_word' id='word_1_482' title='bbox 1917 4013 2060 4088; x_wconf 90' lang='lat' dir='ltr'>illarum</span> <span class='ocrx_word' id='word_1_483' title='bbox 2075 4019 2244 4110; x_wconf 87' lang='lat' dir='ltr'>praecipue</span> 
     </span>
     <span class='ocr_line' id='line_1_39' title="bbox 221 4101 2245 4214; baseline -0.002 -27"><span class='ocrx_word' id='word_1_484' title='bbox 221 4119 352 4187; x_wconf 92' lang='lat' dir='ltr'>derunt</span> <span class='ocrx_word' id='word_1_485' title='bbox 377 4110 590 4182; x_wconf 88' lang='lat' dir='ltr'>recentiores</span> <span class='ocrx_word' id='word_1_486' title='bbox 614 4101 772 4192; x_wconf 87' lang='lat' dir='ltr'>Arabes,</span> <span class='ocrx_word' id='word_1_487' title='bbox 806 4129 897 4200; x_wconf 90' lang='lat' dir='ltr'>qnae</span> <span class='ocrx_word' id='word_1_488' title='bbox 920 4101 1067 4176; x_wconf 88' lang='lat' dir='ltr'>Graecis</span> <span class='ocrx_word' id='word_1_489' title='bbox 1096 4102 1216 4194; x_wconf 86' lang='lat' dir='ltr'>ignota</span> <span class='ocrx_word' id='word_1_490' title='bbox 1268 4105 1418 4191; x_wconf 87' lang='lat' dir='ltr'>artium,</span> <span class='ocrx_word' id='word_1_491' title='bbox 1444 4105 1575 4201; x_wconf 90' lang='lat' dir='ltr'>quibus</span> <span class='ocrx_word' id='word_1_492' title='bbox 1590 4107 1661 4179; x_wconf 86' lang='lat' dir='ltr'>vita</span> <span class='ocrx_word' id='word_1_493' title='bbox 1678 4103 2054 4190; x_wconf 56' lang='lat' dir='ltr'>bumanacarere&#39;non</span> <span class='ocrx_word' id='word_1_494' title='bbox 2070 4134 2191 4214; x_wconf 87' lang='lat' dir='ltr'>potest,</span> <span class='ocrx_word' id='word_1_495' title='bbox 2213 4133 2245 4188; x_wconf 90' lang='lat' dir='ltr'>ut</span> 
     </span>
     <span class='ocr_line' id='line_1_40' title="bbox 221 4203 2244 4318; baseline 0 -30"><span class='ocrx_word' id='word_1_496' title='bbox 221 4219 384 4288; x_wconf 84' lang='lat' dir='ltr'>inerunt:</span> <span class='ocrx_word' id='word_1_497' title='bbox 413 4235 483 4308; x_wconf 90' lang='lat' dir='ltr'>qua</span> <span class='ocrx_word' id='word_1_498' title='bbox 498 4213 536 4280; x_wconf 93' lang='lat' dir='ltr'>in</span> <span class='ocrx_word' id='word_1_499' title='bbox 553 4234 592 4280; x_wconf 92' lang='lat' dir='ltr'>re</span> <span class='ocrx_word' id='word_1_500' title='bbox 608 4221 642 4280; x_wconf 91' lang='lat' dir='ltr'>et</span> <span class='ocrx_word' id='word_1_501' title='bbox 657 4209 702 4280; x_wconf 90' lang='lat' dir='ltr'>ab</span> <span class='ocrx_word' id='word_1_502' title='bbox 718 4209 793 4300; x_wconf 89' lang='lat' dir='ltr'>ipsa</span> <span class='ocrx_word' id='word_1_503' title='bbox 809 4207 994 4298; x_wconf 91' lang='lat' dir='ltr'>regionum</span> <span class='ocrx_word' id='word_1_504' title='bbox 1012 4219 1151 4292; x_wconf 89' lang='lat' dir='ltr'>natura,</span> <span class='ocrx_word' id='word_1_505' title='bbox 1176 4203 1216 4273; x_wconf 93' lang='lat' dir='ltr'>in</span> <span class='ocrx_word' id='word_1_506' title='bbox 1270 4207 1473 4280; x_wconf 86' lang='lat' dir='ltr'>Medicinae</span> <span class='ocrx_word' id='word_1_507' title='bbox 1502 4221 1538 4281; x_wconf 92' lang='lat' dir='ltr'>et</span> <span class='ocrx_word' id='word_1_508' title='bbox 1562 4205 1803 4303; x_wconf 89' lang='lat' dir='ltr'>Astrologiae:</span> <span class='ocrx_word' id='word_1_509' title='bbox 1842 4218 1979 4290; x_wconf 86' lang='lat' dir='ltr'>malitia</span> <span class='ocrx_word' id='word_1_510' title='bbox 2002 4235 2119 4308; x_wconf 77' lang='lat' dir='ltr'>autem</span> <span class='ocrx_word' id='word_1_511' title='bbox 2145 4220 2244 4318; x_wconf 81' lang='lat' dir='ltr'>gentis</span> 
     </span>
     <span class='ocr_line' id='line_1_41' title="bbox 222 4307 2242 4416; baseline -0.008 -10"><span class='ocrx_word' id='word_1_512' title='bbox 222 4315 352 4416; x_wconf 60' lang='lat' dir='ltr'>qulbus</span> <span class='ocrx_word' id='word_1_513' title='bbox 381 4317 544 4398; x_wconf 65' lang='lat' dir='ltr'>fuerunt,</span> <span class='ocrx_word' id='word_1_514' title='bbox 577 4311 679 4382; x_wconf 91' lang='lat' dir='ltr'>multi</span> <span class='ocrx_word' id='word_1_515' title='bbox 706 4309 820 4382; x_wconf 89' lang='lat' dir='ltr'>adiuti</span> <span class='ocrx_word' id='word_1_516' title='bbox 844 4321 941 4381; x_wconf 89' lang='lat' dir='ltr'>sunt.</span> <span class='ocrx_word' id='word_1_517' title='bbox 986 4307 1093 4382; x_wconf 79' lang='lat' dir='ltr'>·Sunt</span> <span class='ocrx_word' id='word_1_518' title='bbox 1120 4307 1216 4378; x_wconf 92' lang='lat' dir='ltr'>enim</span> <span class='ocrx_word' id='word_1_519' title='bbox 1269 4308 1681 4408; x_wconf 83' lang='lat' dir='ltr'>Samacenicaentraque</span> <span class='ocrx_word' id='word_1_520' title='bbox 1698 4315 1826 4390; x_wconf 88' lang='lat' dir='ltr'>misera</span> <span class='ocrx_word' id='word_1_521' title='bbox 1842 4333 1918 4392; x_wconf 88' lang='lat' dir='ltr'>erat</span> <span class='ocrx_word' id='word_1_522' title='bbox 1932 4321 2139 4400; x_wconf 76' lang='lat' dir='ltr'>deformata.</span> <span class='ocrx_word' id='word_1_523' title='bbox 2185 4322 2242 4392; x_wconf 90' lang='lat' dir='ltr'>Pro</span> 
     </span>
     <span class='ocr_line' id='line_1_42' title="bbox 221 4407 2243 4508; baseline 0 -12"><span class='ocrx_word' id='word_1_524' title='bbox 221 4418 456 4496; x_wconf 77' lang='lat' dir='ltr'>ferocissimae</span> <span class='ocrx_word' id='word_1_525' title='bbox 470 4414 709 4486; x_wconf 89' lang='lat' dir='ltr'>remediorum</span> <span class='ocrx_word' id='word_1_526' title='bbox 724 4411 840 4508; x_wconf 83' lang='lat' dir='ltr'>Syria,</span> <span class='ocrx_word' id='word_1_527' title='bbox 858 4407 1003 4498; x_wconf 86' lang='lat' dir='ltr'>Arabia,</span> <span class='ocrx_word' id='word_1_528' title='bbox 1024 4408 1217 4506; x_wconf 87' lang='lat' dir='ltr'>Aegyptus,</span> <span class='ocrx_word' id='word_1_529' title='bbox 1273 4411 1451 4484; x_wconf 89' lang='lat' dir='ltr'>Medicina</span> <span class='ocrx_word' id='word_1_530' title='bbox 1484 4412 1582 4484; x_wconf 92' lang='lat' dir='ltr'>enim</span> <span class='ocrx_word' id='word_1_531' title='bbox 1609 4413 1825 4488; x_wconf 86' lang='lat' dir='ltr'>ineruditam</span> <span class='ocrx_word' id='word_1_532' title='bbox 1850 4433 1885 4492; x_wconf 90' lang='lat' dir='ltr'>et</span> <span class='ocrx_word' id='word_1_533' title='bbox 1908 4424 2157 4498; x_wconf 80' lang='lat' dir='ltr'>confusaneam</span> <span class='ocrx_word' id='word_1_534' title='bbox 2176 4449 2243 4496; x_wconf 88' lang='lat' dir='ltr'>coa·</span> 
     </span>
     <span class='ocr_line' id='line_1_43' title="bbox 220 4509 2020 4624; baseline -0.004 -30"><span class='ocrx_word' id='word_1_535' title='bbox 220 4521 426 4624; x_wconf 71' lang='lat' dir='ltr'>Cyrenaica,</span> <span class='ocrx_word' id='word_1_536' title='bbox 447 4513 584 4602; x_wconf 82' lang='lat' dir='ltr'>Africa,</span> <span class='ocrx_word' id='word_1_537' title='bbox 608 4513 799 4608; x_wconf 88' lang='lat' dir='ltr'>Hispania:</span> <span class='ocrx_word' id='word_1_538' title='bbox 826 4519 861 4587; x_wconf 83' lang='lat' dir='ltr'>et</span> <span class='ocrx_word' id='word_1_539' title='bbox 877 4509 962 4586; x_wconf 88' lang='lat' dir='ltr'>haec</span> <span class='ocrx_word' id='word_1_540' title='bbox 977 4515 1122 4609; x_wconf 93' lang='lat' dir='ltr'>quidem</span> <span class='ocrx_word' id='word_1_541' title='bbox 1139 4513 1217 4582; x_wconf 90' lang='lat' dir='ltr'>loca</span> <span class='ocrx_word' id='word_1_542' title='bbox 1269 4513 1506 4588; x_wconf 70' lang='lat' dir='ltr'>corrationem</span> <span class='ocrx_word' id='word_1_543' title='bbox 1522 4517 1845 4608; x_wconf 86' lang='lat' dir='ltr'>experimentorum</span> <span class='ocrx_word' id='word_1_544' title='bbox 1860 4525 2020 4598; x_wconf 72' lang='lat' dir='ltr'>tradidit.</span> 
     </span>
    </p>
   </div>
   <div class='ocr_carea' id='block_1_13' title="bbox 95 4609 2306 4724">
    <p class='ocr_par' dir='ltr' id='par_1_13' title="bbox 95 4609 2306 4724">
     <span class='ocr_line' id='line_1_44' title="bbox 95 4609 2306 4724; baseline -0.004 -20"><span class='ocrx_word' id='word_1_545' title='bbox 95 4680 101 4694; x_wconf 33' lang='grc' dir='ltr'><strong><em>κ</em></strong></span> <span class='ocrx_word' id='word_1_546' title='bbox 222 4627 484 4724; x_wconf 88' lang='lat' dir='ltr'>perlustrarunt</span> <span class='ocrx_word' id='word_1_547' title='bbox 505 4616 652 4718; x_wconf 85' lang='lat' dir='ltr'>Arabici</span> <span class='ocrx_word' id='word_1_548' title='bbox 680 4617 869 4709; x_wconf 90' lang='lat' dir='ltr'>scriptores</span> <span class='ocrx_word' id='word_1_549' title='bbox 888 4609 1035 4702; x_wconf 74' lang='lat' dir='ltr'>omnia,</span> <span class='ocrx_word' id='word_1_550' title='bbox 1057 4629 1106 4688; x_wconf 78' lang='lat' dir='ltr'>&#39;et</span> <span class='ocrx_word' id='word_1_551' title='bbox 1132 4635 1220 4706; x_wconf 89' lang='lat' dir='ltr'>gens</span> <span class='ocrx_word' id='word_1_552' title='bbox 1370 4615 1442 4688; x_wconf 91' lang='lat' dir='ltr'>Pro</span> <span class='ocrx_word' id='word_1_553' title='bbox 1463 4612 1712 4706; x_wconf 90' lang='lat' dir='ltr'>Astronomia,</span> <span class='ocrx_word' id='word_1_554' title='bbox 1737 4647 1828 4717; x_wconf 90' lang='lat' dir='ltr'>quae</span> <span class='ocrx_word' id='word_1_555' title='bbox 1851 4641 1969 4700; x_wconf 90' lang='lat' dir='ltr'>motus</span> <span class='ocrx_word' id='word_1_556' title='bbox 1987 4629 2151 4704; x_wconf 87' lang='lat' dir='ltr'>coelestes</span> <span class='ocrx_word' id='word_1_557' title='bbox 2164 4645 2306 4714; x_wconf 19' lang='lat' dir='ltr'>certaq</span> 
     </span>
    </p>
   </div>
   <div class='ocr_carea' id='block_1_14' title="bbox 222 4713 2306 5528">
    <p class='ocr_par' dir='ltr' id='par_1_14' title="bbox 222 4713 2306 5330">
     <span class='ocr_line' id='line_1_45' title="bbox 223 4713 2241 4816; baseline 0.001 -14"><span class='ocrx_word' id='word_1_558' title='bbox 223 4730 336 4803; x_wconf 86' lang='lat' dir='ltr'>valuit</span> <span class='ocrx_word' id='word_1_559' title='bbox 349 4723 513 4798; x_wconf 87' lang='lat' dir='ltr'>acumine</span> <span class='ocrx_word' id='word_1_560' title='bbox 527 4719 765 4811; x_wconf 89' lang='lat' dir='ltr'>ingeniorum,</span> <span class='ocrx_word' id='word_1_561' title='bbox 787 4732 823 4790; x_wconf 91' lang='lat' dir='ltr'>et</span> <span class='ocrx_word' id='word_1_562' title='bbox 838 4713 924 4790; x_wconf 91' lang='lat' dir='ltr'>huic</span> <span class='ocrx_word' id='word_1_563' title='bbox 940 4719 1006 4790; x_wconf 92' lang='lat' dir='ltr'>uni</span> <span class='ocrx_word' id='word_1_564' title='bbox 1018 4718 1138 4790; x_wconf 84' lang='lat' dir='ltr'>studio</span> <span class='ocrx_word' id='word_1_565' title='bbox 1155 4718 1218 4787; x_wconf 91' lang='lat' dir='ltr'>de-</span> <span class='ocrx_word' id='word_1_566' title='bbox 1269 4717 1406 4796; x_wconf 88' lang='lat' dir='ltr'>rationc</span> <span class='ocrx_word' id='word_1_567' title='bbox 1421 4720 1585 4802; x_wconf 88' lang='lat' dir='ltr'>metitur,</span> <span class='ocrx_word' id='word_1_568' title='bbox 1613 4737 1646 4794; x_wconf 87' lang='lat' dir='ltr'>et</span> <span class='ocrx_word' id='word_1_569' title='bbox 1659 4727 1947 4816; x_wconf 87' lang='lat' dir='ltr'>apparentiarum</span> <span class='ocrx_word' id='word_1_570' title='bbox 1962 4733 2160 4808; x_wconf 88' lang='lat' dir='ltr'>coelestium</span> <span class='ocrx_word' id='word_1_571' title='bbox 2173 4755 2241 4804; x_wconf 85' lang='lat' dir='ltr'>ceu-</span> 
     </span>
     <span class='ocr_line' id='line_1_46' title="bbox 223 4821 2239 4928; baseline -0.001 -24"><span class='ocrx_word' id='word_1_572' title='bbox 223 4837 297 4907; x_wconf 88' lang='lat' dir='ltr'>dita</span> <span class='ocrx_word' id='word_1_573' title='bbox 318 4831 404 4910; x_wconf 81' lang='lat' dir='ltr'>tuit,</span> <span class='ocrx_word' id='word_1_574' title='bbox 438 4825 534 4920; x_wconf 93' lang='lat' dir='ltr'>quod</span> <span class='ocrx_word' id='word_1_575' title='bbox 557 4821 703 4916; x_wconf 92' lang='lat' dir='ltr'>quidem</span> <span class='ocrx_word' id='word_1_576' title='bbox 727 4845 746 4891; x_wconf 93' lang='lat' dir='ltr'>a</span> <span class='ocrx_word' id='word_1_577' title='bbox 770 4822 1017 4892; x_wconf 85' lang='lat' dir='ltr'>vetustissimis</span> <span class='ocrx_word' id='word_1_578' title='bbox 1042 4821 1216 4914; x_wconf 88' lang='lat' dir='ltr'>patribus,</span> <span class='ocrx_word' id='word_1_579' title='bbox 1270 4844 1324 4891; x_wconf 89' lang='lat' dir='ltr'>sas</span> <span class='ocrx_word' id='word_1_580' title='bbox 1343 4833 1378 4892; x_wconf 90' lang='lat' dir='ltr'>et</span> <span class='ocrx_word' id='word_1_581' title='bbox 1399 4821 1543 4893; x_wconf 86' lang='lat' dir='ltr'>effectus</span> <span class='ocrx_word' id='word_1_582' title='bbox 1566 4821 1735 4918; x_wconf 89' lang='lat' dir='ltr'>inquirit,</span> <span class='ocrx_word' id='word_1_583' title='bbox 1760 4829 1950 4901; x_wconf 87' lang='lat' dir='ltr'>manticam</span> <span class='ocrx_word' id='word_1_584' title='bbox 1968 4839 2160 4928; x_wconf 90' lang='lat' dir='ltr'>quandam,</span> <span class='ocrx_word' id='word_1_585' title='bbox 2181 4836 2239 4904; x_wconf 88' lang='lat' dir='ltr'>ime</span> 
     </span>
     <span class='ocr_line' id='line_1_47' title="bbox 223 4919 2239 5026; baseline -0.002 -18"><span class='ocrx_word' id='word_1_586' title='bbox 223 4933 325 5008; x_wconf 90' lang='lat' dir='ltr'>elob</span> <span class='ocrx_word' id='word_1_587' title='bbox 341 4945 375 5006; x_wconf 91' lang='lat' dir='ltr'>et</span> <span class='ocrx_word' id='word_1_588' title='bbox 387 4927 567 5003; x_wconf 86' lang='lat' dir='ltr'>similibus</span> <span class='ocrx_word' id='word_1_589' title='bbox 583 4937 802 5018; x_wconf 87' lang='lat' dir='ltr'>acceperunt.</span> <span class='ocrx_word' id='word_1_590' title='bbox 852 4919 903 4996; x_wconf 84' lang='lat' dir='ltr'>Et</span> <span class='ocrx_word' id='word_1_591' title='bbox 918 4947 1122 5019; x_wconf 88' lang='lat' dir='ltr'>quanquam</span> <span class='ocrx_word' id='word_1_592' title='bbox 1140 4922 1218 5014; x_wconf 92' lang='lat' dir='ltr'>ple-</span> <span class='ocrx_word' id='word_1_593' title='bbox 1269 4922 1441 5014; x_wconf 86' lang='lat' dir='ltr'>magicam</span> <span class='ocrx_word' id='word_1_594' title='bbox 1457 4923 1704 4998; x_wconf 88' lang='lat' dir='ltr'>divinatricem</span> <span class='ocrx_word' id='word_1_595' title='bbox 1723 4931 1892 5022; x_wconf 86' lang='lat' dir='ltr'>protulit,</span> <span class='ocrx_word' id='word_1_596' title='bbox 1917 4931 2023 5008; x_wconf 91' lang='lat' dir='ltr'>Unde</span> <span class='ocrx_word' id='word_1_597' title='bbox 2048 4931 2150 5010; x_wconf 91' lang='lat' dir='ltr'>buius</span> <span class='ocrx_word' id='word_1_598' title='bbox 2170 4959 2239 5026; x_wconf 90' lang='lat' dir='ltr'>gen-</span> 
     </span>
     <span class='ocr_line' id='line_1_48' title="bbox 222 5024 2306 5133; baseline 0.001 -25"><span class='ocrx_word' id='word_1_599' title='bbox 222 5037 325 5133; x_wconf 91' lang='lat' dir='ltr'>rique</span> <span class='ocrx_word' id='word_1_600' title='bbox 340 5033 469 5108; x_wconf 92' lang='lat' dir='ltr'>multas</span> <span class='ocrx_word' id='word_1_601' title='bbox 483 5027 701 5121; x_wconf 90' lang='lat' dir='ltr'>corruptelas</span> <span class='ocrx_word' id='word_1_602' title='bbox 714 5025 782 5097; x_wconf 90' lang='lat' dir='ltr'>arti</span> <span class='ocrx_word' id='word_1_603' title='bbox 794 5027 1071 5108; x_wconf 91' lang='lat' dir='ltr'>admiscuerunt,</span> <span class='ocrx_word' id='word_1_604' title='bbox 1098 5038 1217 5097; x_wconf 91' lang='lat' dir='ltr'>tamen</span> <span class='ocrx_word' id='word_1_605' title='bbox 1270 5024 1315 5096; x_wconf 87' lang='lat' dir='ltr'>tis</span> <span class='ocrx_word' id='word_1_606' title='bbox 1330 5025 1521 5098; x_wconf 87' lang='lat' dir='ltr'>immanem</span> <span class='ocrx_word' id='word_1_607' title='bbox 1538 5027 1721 5101; x_wconf 84' lang='lat' dir='ltr'>saevitiam</span> <span class='ocrx_word' id='word_1_608' title='bbox 1737 5033 1933 5108; x_wconf 90' lang='lat' dir='ltr'>diabolicae</span> <span class='ocrx_word' id='word_1_609' title='bbox 1947 5040 2096 5124; x_wconf 85' lang='lat' dir='ltr'>astutiae</span> <span class='ocrx_word' id='word_1_610' title='bbox 2110 5040 2238 5112; x_wconf 88' lang='lat' dir='ltr'>coniun-</span> <span class='ocrx_word' id='word_1_611' title='bbox 2305 5101 2306 5126; x_wconf 60' lang='grc'>,</span> 
     </span>
     <span class='ocr_line' id='line_1_49' title="bbox 223 5125 2236 5232; baseline -0.001 -21"><span class='ocrx_word' id='word_1_612' title='bbox 223 5163 328 5212; x_wconf 90' lang='lat' dir='ltr'>nemo</span> <span class='ocrx_word' id='word_1_613' title='bbox 344 5163 386 5209; x_wconf 85' lang='lat' dir='ltr'>ex</span> <span class='ocrx_word' id='word_1_614' title='bbox 405 5133 573 5208; x_wconf 89' lang='lat' dir='ltr'>omnibus</span> <span class='ocrx_word' id='word_1_615' title='bbox 589 5125 753 5202; x_wconf 88' lang='lat' dir='ltr'>Arabicis</span> <span class='ocrx_word' id='word_1_616' title='bbox 773 5127 1004 5220; x_wconf 90' lang='lat' dir='ltr'>scriptoribus</span> <span class='ocrx_word' id='word_1_617' title='bbox 1020 5143 1132 5200; x_wconf 90' lang='lat' dir='ltr'>artem</span> <span class='ocrx_word' id='word_1_618' title='bbox 1149 5151 1217 5220; x_wconf 93' lang='lat' dir='ltr'>pu·</span> <span class='ocrx_word' id='word_1_619' title='bbox 1270 5141 1361 5200; x_wconf 92' lang='lat' dir='ltr'>ctam</span> <span class='ocrx_word' id='word_1_620' title='bbox 1376 5129 1498 5199; x_wconf 87' lang='lat' dir='ltr'>videre</span> <span class='ocrx_word' id='word_1_621' title='bbox 1518 5129 1615 5202; x_wconf 90' lang='lat' dir='ltr'>licet:</span> <span class='ocrx_word' id='word_1_622' title='bbox 1640 5157 1823 5226; x_wconf 88' lang='lat' dir='ltr'>quaecum</span> <span class='ocrx_word' id='word_1_623' title='bbox 1840 5161 1916 5208; x_wconf 86' lang='lat' dir='ltr'>non</span> <span class='ocrx_word' id='word_1_624' title='bbox 1930 5155 2047 5232; x_wconf 87' lang='lat' dir='ltr'>posset</span> <span class='ocrx_word' id='word_1_625' title='bbox 2062 5143 2100 5213; x_wconf 92' lang='lat' dir='ltr'>in</span> <span class='ocrx_word' id='word_1_626' title='bbox 2115 5143 2236 5214; x_wconf 86' lang='lat' dir='ltr'>univer·</span> 
     </span>
     <span class='ocr_line' id='line_1_50' title="bbox 223 5226 2067 5330; baseline 0.003 -19"><span class='ocrx_word' id='word_1_627' title='bbox 223 5241 299 5312; x_wconf 87' lang='lat' dir='ltr'>rius</span> <span class='ocrx_word' id='word_1_628' title='bbox 321 5241 397 5330; x_wconf 91' lang='lat' dir='ltr'>ipso</span> <span class='ocrx_word' id='word_1_629' title='bbox 422 5236 606 5309; x_wconf 89' lang='lat' dir='ltr'>Avicenna</span> <span class='ocrx_word' id='word_1_630' title='bbox 625 5230 784 5306; x_wconf 88' lang='lat' dir='ltr'>tradidit.</span> <span class='ocrx_word' id='word_1_631' title='bbox 837 5226 886 5303; x_wconf 91' lang='lat' dir='ltr'>Ut</span> <span class='ocrx_word' id='word_1_632' title='bbox 907 5231 1027 5326; x_wconf 87' lang='lat' dir='ltr'>itaque</span> <span class='ocrx_word' id='word_1_633' title='bbox 1051 5231 1218 5302; x_wconf 90' lang='lat' dir='ltr'>studiosis</span> <span class='ocrx_word' id='word_1_634' title='bbox 1270 5253 1350 5302; x_wconf 90' lang='lat' dir='ltr'>sum</span> <span class='ocrx_word' id='word_1_635' title='bbox 1366 5243 1459 5302; x_wconf 86' lang='lat' dir='ltr'>artes</span> <span class='ocrx_word' id='word_1_636' title='bbox 1472 5231 1597 5302; x_wconf 91' lang='lat' dir='ltr'>tollere</span> <span class='ocrx_word' id='word_1_637' title='bbox 1604 5281 1617 5318; x_wconf 90' lang='lat'><em>,</em></span> <span class='ocrx_word' id='word_1_638' title='bbox 1644 5247 1762 5306; x_wconf 65' lang='lat' dir='ltr'>umen</span> <span class='ocrx_word' id='word_1_639' title='bbox 1779 5237 1828 5310; x_wconf 90' lang='lat' dir='ltr'>ita</span> <span class='ocrx_word' id='word_1_640' title='bbox 1843 5240 2067 5320; x_wconf 82' lang='lat' dir='ltr'>deformavit.</span> 
     </span>
    </p>

    <p class='ocr_par' dir='ltr' id='par_1_15' title="bbox 224 5327 2234 5528">
     <span class='ocr_line' id='line_1_51' title="bbox 225 5327 2232 5430; baseline -0 -18"><span class='ocrx_word' id='word_1_641' title='bbox 225 5339 445 5412; x_wconf 84' lang='lat' dir='ltr'>Avieennam</span> <span class='ocrx_word' id='word_1_642' title='bbox 471 5337 738 5420; x_wconf 90' lang='lat' dir='ltr'>commendem,</span> <span class='ocrx_word' id='word_1_643' title='bbox 773 5331 922 5404; x_wconf 88' lang='lat' dir='ltr'>recitare</span> <span class='ocrx_word' id='word_1_644' title='bbox 947 5333 1023 5405; x_wconf 89' lang='lat' dir='ltr'>eius</span> <span class='ocrx_word' id='word_1_645' title='bbox 1049 5333 1157 5404; x_wconf 84' lang='lat' dir='ltr'>vitam</span> <span class='ocrx_word' id='word_1_646' title='bbox 1184 5345 1219 5404; x_wconf 92' lang='lat' dir='ltr'>et</span> <span class='ocrx_word' id='word_1_647' title='bbox 1371 5327 1461 5405; x_wconf 75' lang='lat' dir='ltr'>Erat</span> <span class='ocrx_word' id='word_1_648' title='bbox 1490 5333 1567 5404; x_wconf 85' lang='lat' dir='ltr'>istis</span> <span class='ocrx_word' id='word_1_649' title='bbox 1595 5337 1815 5430; x_wconf 86' lang='lat' dir='ltr'>temporibus</span> <span class='ocrx_word' id='word_1_650' title='bbox 1837 5338 2075 5418; x_wconf 77' lang='lat' dir='ltr'>Alexandriae</span> <span class='ocrx_word' id='word_1_651' title='bbox 2101 5345 2232 5418; x_wconf 91' lang='lat' dir='ltr'>medicus</span> 
     </span>
     <span class='ocr_line' id='line_1_52' title="bbox 224 5431 2234 5528; baseline 0.001 -16"><span class='ocrx_word' id='word_1_652' title='bbox 224 5439 341 5514; x_wconf 88' lang='lat' dir='ltr'>studia</span> <span class='ocrx_word' id='word_1_653' title='bbox 357 5437 510 5510; x_wconf 84' lang='lat' dir='ltr'>decrevi.</span> <span class='ocrx_word' id='word_1_654' title='bbox 1168 5515 1169 5520; x_wconf 7' lang='grc' dir='ltr'>η</span> <span class='ocrx_word' id='word_1_655' title='bbox 1270 5431 1394 5522; x_wconf 77' lang='lat' dir='ltr'>Ratis,</span> <span class='ocrx_word' id='word_1_656' title='bbox 1419 5433 1482 5528; x_wconf 93' lang='lat' dir='ltr'>qui</span> <span class='ocrx_word' id='word_1_657' title='bbox 1499 5448 1652 5508; x_wconf 91' lang='lat' dir='ltr'>caeteros</span> <span class='ocrx_word' id='word_1_658' title='bbox 1669 5453 1704 5512; x_wconf 92' lang='lat' dir='ltr'>et</span> <span class='ocrx_word' id='word_1_659' title='bbox 1720 5441 1882 5516; x_wconf 85' lang='lat' dir='ltr'>doctrina</span> <span class='ocrx_word' id='word_1_660' title='bbox 1898 5459 1933 5518; x_wconf 93' lang='lat' dir='ltr'>et</span> <span class='ocrx_word' id='word_1_661' title='bbox 1944 5449 2107 5522; x_wconf 86' lang='lat' dir='ltr'>medendi</span> <span class='ocrx_word' id='word_1_662' title='bbox 2122 5445 2234 5522; x_wconf 82' lang='lat' dir='ltr'>foelici-</span> 
     </span>
    </p>
   </div>
   <div class='ocr_carea' id='block_1_15' title="bbox 0 0 2333 5824">
    <p class='ocr_par' dir='ltr' id='par_1_16' title="bbox 0 0 2333 5824">
     <span class='ocr_line' id='line_1_53' title="bbox 0 0 2333 5824; baseline 0 0"><span class='ocrx_word' id='word_1_663' title='bbox 0 0 2333 5824; x_wconf 95' lang='lat' dir='ltr'> </span> 
     </span>
    </p>
   </div>
  </div>
 </body>
</html>
