4688 5826
254 275 331 353 287
692 251 854 338 DECL.
902 251 979 332 llll
1016 245 1227 334 PRAEF.
1259 251 1319 332 ttt
1350 243 1835 336 Antrntturtclttt
2201 261 2265 338 stt

256 474 331 524 nou
355 446 434 520 dico
458 437 792 532 anguimanus,
818 443 880 502 ant
902 453 1072 502 seuamm
1088 425 1242 500 metelli·
1294 425 1563 522 speciositate
1580 429 1794 502 numerandi
1809 426 1965 506 disceres
2005 427 2075 506 llis
2090 431 2262 506 mediocri.

256 575 400 636 carum,
423 547 484 620 sed
500 540 649 614 alicuius
664 533 850 608 mediocris
865 531 1117 604 oeconomiae?
1154 525 1244 602 ltxi-
1294 543 1349 604 ter
1362 529 1532 624 cognitis,
1554 533 1815 626 propemodum
1832 546 1906 606 tota
1918 529 2148 608 Astrouomia
2164 536 2265 608 cufim

256 657 439 730 stimemus
463 670 509 716 ne
537 668 557 714 a
578 642 709 714 talibus
735 660 836 730 posse
868 636 1023 705 rationes
1056 630 1243 726 paululum
1294 631 1429 729 percipi
1443 631 1608 706 siueulla
1623 633 1831 706 difficultate
1847 647 1972 730 potest,

255 758 364 830 modo
381 749 563 826 intricatas
579 740 697 815 evolvi
711 755 746 812 et
760 737 950 831 explicari?
999 733 1245 830 Nequaquam.
1383 731 1487 808 Plato
1503 731 1543 804 in
1555 731 1722 807 Phaedro
1737 735 1839 828 lingit
1853 735 2013 830 duplices
2026 733 2180 822 animas,
2193 761 2267 832 qua-

257 859 329 936 Scd
342 853 473 928 borum
488 845 670 922 Thracum
686 841 818 916 similes
831 851 915 911 sunt
929 838 968 908 iu
984 837 1121 928 maguis
1134 835 1245 908 ratio·
1294 860 1376 908 rum
1397 820 1525 908 alteras
1548 838 1598 910 ait
1619 838 1730 909 alatas
1750 861 1841 928 esse,
1865 837 2003 926 alteris,
2025 837 2161 936 inquit,
2184 840 2267 910 deci·

256 963 366 1032 nibus
378 971 413 1028 et
428 950 585 1026 obscuris
601 969 744 1029 omnes,
767 941 830 1036 qui
849 940 1010 1012 destituti
1025 952 1108 1010 sunt
1130 931 1241 1008 buius
1296 938 1389 1008 disse
1408 939 1492 1010 alas.
1552 937 1667 1011 Porro
1693 939 1803 1012 alatas
1829 941 1880 1012 ait
1900 941 2051 1014 volitare
2068 941 2109 1011 iu
2130 943 2266 1028 coelum,

256 1063 344 1138 artis
367 1054 554 1152 praesidio.
603 1049 686 1120 Non
708 1045 823 1116 solum
845 1045 884 1112 iu
908 1056 1082 1122 mereatu,
1107 1041 1147 1110 in
1169 1063 1244 1108 me-
1294 1039 1453 1112 l'ruentes
1469 1063 1658 1132 congressu
1681 1041 1931 1138 colloquioque
1946 1039 2035 1130 Dei,
2061 1057 2096 1115 ct
2114 1039 2267 1138 pulcher·

255 1163 403 1244 tallicis,
437 1159 475 1228 in
500 1151 661 1225 cudendo
686 1159 847 1232 moneta,
878 1145 996 1214 sedin
1022 1142 1144 1214 multis
1165 1141 1244 1211 aliis
1295 1141 1388 1213 rimo
1412 1143 1611 1236 spectaculo
1634 1166 1802 1214 cursuum
1819 1143 2043 1228 coelestium,
2070 1159 2105 1216 et
2120 1143 2267 1217 conside-

256 1263 411 1362 publicio
435 1273 471 1330 et
491 1253 640 1348 privatis
662 1251 767 1322 rebus
782 1243 1046 1338 computandis,
1077 1257 1152 1314 arte
1168 1243 1243 1335 ipsa
1292 1267 1374 1313 rere
1396 1267 1516 1344 musas
1536 1243 1700 1316 omnium
1720 1245 1959 1318 mutationum
1978 1245 2016 1316 in
2033 1245 2198 1318 inferiore
2213 1269 2268 1317 m.

257 1391 346 1462 opus
362 1377 425 1434 est.
476 1357 551 1448 Qui
569 1349 804 1426 versanturin
820 1345 960 1438 Repub.
985 1347 1111 1416 aerarii
1134 1347 1244 1416 ratio·
1295 1357 1392 1432 tura,
1419 1345 1459 1416 in
1475 1361 1573 1434 aere,
1594 1346 1634 1416 in
1652 1345 1887 1420 animantium
1904 1349 2131 1441 corporibus,
2155 1349 2192 1418 in
2211 1341 2268 1418 bo-

256 1495 319 1546 nes
341 1487 445 1538 nosse
464 1463 605 1533 debent.
663 1453 774 1545 Saepe
796 1451 834 1518 in
855 1449 998 1519 iudiciis
1021 1447 1245 1542 quaestiones
1294 1447 1435 1517 minum
1453 1447 1580 1520 studiis
1602 1461 1635 1518 et
1659 1449 1840 1535 moribus,
1866 1449 1904 1520 iu
1922 1449 2030 1520 variis
2051 1450 2269 1542 imperiorum

255 1572 454 1654 inciduntp
480 1585 570 1656 quae
597 1557 786 1652 requirunt
814 1551 987 1622 eruditam
1010 1549 1244 1641 computatio
1295 1561 1330 1618 et
1347 1547 1529 1621 civitatum
1543 1550 1692 1620 casibus.
1743 1547 1862 1646 Atque
1883 1547 1950 1620 hae
1965 1551 2103 1622 animae
2129 1565 2199 1621 1010
2214 1575 2269 1620 vo.

257 1700 353 1747 uem.
408 1669 490 1738 ldco
515 1654 697 1733 nonsatis
723 1671 774 1730 est
794 1660 1243 1724 nosscuumerosnaturae
1295 1649 1437 1722 litantes
1458 1649 1558 1721 coelo
1581 1663 1703 1743 captae
1724 1647 1991 1744 pulchritudine
2008 1653 2209 1722 divinarum
2222 1675 2270 1720 η.

256 1772 446 1850 beneficio,
478 1767 537 1835 scd
563 1785 620 1834 ars
647 1759 807 1830 addenda
832 1769 902 1839 cst,
928 1753 1004 1822 sine
1029 1779 1098 1847 qua
1122 1753 1242 1822 nullae
1295 1776 1396 1837 rum,
1421 1765 1457 1823 et
1473 1753 1570 1824 illius
1583 1753 1784 1823 admirandi
1809 1754 1947 1824 ordinis
1969 1767 2003 1824 ep
2024 1755 2194 1824 suavitate
2214 1753 2271 1822 do,

142 1932 146 1940 ,
257 1875 418 1952 difficiles
440 1867 595 1940 rationes
612 1859 780 1954 explicari
801 1871 895 1926 certo
912 1869 1070 1946 possunt.
1124 1853 1244 1943 Quare
1296 1853 1431 1923 ctrinae
1460 1867 1494 1926 et
1509 1855 1679 1940 virtutis,
1714 1849 1782 1924 hac
1803 1879 1875 1925 una
1899 1855 2081 1948 voluptate
2113 1867 2271 1947 perpetuo
2317 1915 2318 1924 ,

257 1981 420 2055 Socrates
434 1971 527 2062 apud
541 1966 727 2036 Platonem
746 1961 784 2028 io
801 1959 938 2048 legibus
958 1957 1064 2027 etiam
1082 1954 1173 2026 banc
1185 1969 1245 2026 tu·
1294 1953 1368 2025 frui
1384 1955 1549 2048 cupiunt,
1576 1980 1641 2026 nec
1657 1969 1807 2027 onerant
1824 1958 1963 2026 animos
1979 1957 2164 2028 obscoenis
2179 1955 2271 2026 volu·

256 2085 318 2162 lit,
344 2091 386 2150 ut
398 2075 491 2144 cives
507 2083 678 2159 cogantur
691 2062 825 2134 discere
838 2055 1120 2131 Aritbmeticam.
1171 2055 1243 2129 Sed
1295 2057 1468 2148 ptatibus,
1494 2081 1583 2152 quae
1604 2058 1813 2150 perturbant
1835 2054 2060 2130 harmoniam
2077 2057 2216 2128 virtutis
2239 2055 2272 2124 in

257 2183 344 2279 qnid
369 2178 494 2250 attinet
518 2173 562 2241 dc
585 2193 623 2239 re
647 2182 730 2237 uota
748 2161 919 2254 prolixius
936 2160 1077 2230 dicere?
1128 2157 1242 2229 Nemo
1295 2159 1443 2239 animis,
1469 2171 1504 2230 et
1525 2157 1702 2231 obiiciunt
1718 2159 1923 2250 caliginem,
1948 2183 1994 2230 ne
2010 2159 2173 2231 coelestia
2188 2159 2272 2250 aspi·

257 2287 354 2356 enim
370 2301 445 2350 non
461 2275 558 2344 videt
573 2273 612 2339 in
627 2267 724 2340 omni
741 2266 812 2333 vita
825 2262 1019 2332 maximum
1040 2284 1146 2332 usum
1169 2283 1244 2330 esse
1295 2285 1372 2330 cere
1389 2260 1536 2352 possint.
1588 2255 1638 2331 At
1653 2261 1735 2330 illae
1756 2260 1912 2344 animae,
1938 2261 2069 2356 quibus
2091 2261 2168 2332 alae
2189 2259 2274 2330 dcci·

256 2377 527 2460 Aritbmeticcs,
552 2373 622 2442 nisi
638 2372 683 2440 sit
697 2366 863 2438 stolidior
879 2361 1146 2434 'l'bracensibus
1161 2363 1244 2446 illis,
1295 2363 1444 2448 derunt,
1473 2355 1575 2430 humi
1605 2375 1797 2453 vagantur,
1829 2377 1864 2434 et
1886 2378 2062 2458 quaerunt
2086 2363 2274 2455 voluptates

202 2551 206 2555 .
256 2489 412 2584 quinon
435 2489 569 2550 norunt
591 2493 777 2543 numerare
793 2465 943 2558 amplius
959 2480 1122 2558 mutuor.
1175 2460 1243 2534 At·
1295 2462 1453 2553 impuras
1476 2487 1518 2532 er
1536 2463 1641 2534 rebus
1663 2464 1832 2550 terrenis,
1864 2489 1928 2534 nec
1959 2466 2055 2534 enim
2081 2465 2178 2534 illam
2202 2463 2274 2555 pul·

258 2597 327 2685 que
350 2583 416 2656 hae
440 2581 602 2668 vulgares
621 2573 790 2643 utilitates
807 2567 959 2636 invitare
973 2567 1105 2658 pariter
1120 2587 1244 2635 omnes
1296 2559 1507 2634 clrerrimam
1546 2566 1661 2634 lucem
1702 2590 1820 2636 rerum
1857 2567 2060 2639 coelestium
2096 2565 2275 2656 aspiciunt.

255 2691 495 2763 adolescentes
512 2673 663 2749 adhunc
678 2686 787 2743 artem
806 2669 1007 2738 discendam
1032 2667 1245 2737 etere'rceu-
1294 2661 1372 2735 Etsi
1395 2679 1512 2736 autern
1536 2663 1638 2737 Plato
1660 2668 1732 2736 alas
1756 2667 1922 2757 intelligit
1946 2663 2106 2738 heroicos
2132 2669 2274 2758 impetus

257 2797 339 2865 clam
360 2786 554 2865 debebant;
605 2776 710 2846 multi
734 2771 829 2842 enim
854 2769 1011 2841 incidere
1031 2792 1133 2839 casus
1160 2792 1244 2859 pos-
1295 2765 1546 2856 ingeniorum,
1579 2781 1696 2839 tamen
1721 2792 1766 2837 ue
1790 2769 1844 2836 illi
1870 2770 2014 2862 quidem
2040 2771 2193 2862 impetus
2214 2765 2274 2836 soli

257 2908 360 2973 stant,
393 2889 455 2960 ubi
486 2881 634 2970 singulis
658 2897 785 2964 magno
809 2873 890 2942 usui
911 2865 1146 2942 Arithmetica
1170 2891 1244 2937 esse
1296 2869 1436 2939 animos
1456 2862 1676 2951 subvehunt,
1712 2871 1771 2938 sed
1802 2893 1892 2960 opus
1916 2884 1969 2941 est
1998 2871 2103 2944 etiam
2136 2871 2275 2952 artibus,

202 3007 210 3029 '
256 3007 382 3092 potest.
433 2985 590 3058 Proinde
613 2995 647 3051 et
673 2975 846 3048 Romanis
869 2995 1015 3062 magnae
1039 2995 1143 3040 curae
1165 2970 1245 3053 loir,
1297 2971 1427 3064 quibus
1451 2969 1505 3038 illi
1526 2969 1594 3062 ipsi
1618 2971 1770 3062 impetus
1793 2973 2011 3043 attollantur.
2063 2971 2157 3044 Sunt
2177 2975 2276 3064 igitur

257 3113 300 3170 nt
316 3092 421 3165 liberi
434 3109 556 3159 eorum
572 3107 651 3152 cum
670 3075 796 3170 primis
811 3075 924 3146 literis
939 3074 1044 3143 etiam
1059 3068 1245 3142 Aritbme-
1296 3073 1372 3140 alae
1387 3071 1514 3141 mentis
1534 3067 1728 3158 hnmanae,
1756 3069 1989 3144 Aritbmetica
2014 3089 2047 3145 et
2068 3073 2277 3146 Geometria.

257 3201 352 3271 cicen
376 3191 607 3287 perciperent.
666 3177 882 3252 Meministis
906 3175 1000 3244 enim
1023 3198 1144 3244 versus
1166 3171 1244 3242 llo-
1296 3171 1371 3242 llas
1394 3174 1422 3241 si
1451 3173 1648 3262 alligaverit
1672 3173 1739 3241 sibi
1763 3175 1891 3266 aliquis
1924 3179 2104 3266 praeditus
2139 3177 2274 3268 iugenio

254 3299 352 3372 mii:
1296 3300 1369 3344 non
1385 3275 1548 3359 sordido,
1571 3262 1725 3345 iacilini'e
1739 3275 1939 3366 penetrabit
1956 3277 1992 3346 in
2017 3279 2156 3348 coelum
2181 3306 2218 3349 ac
2237 3281 2276 3348 li-

1296 3379 1380 3445 bere
1395 3376 1432 3444 in
1448 3376 1651 3447 coelestium
1666 3389 1768 3446 coetu
1782 3377 1982 3467 vagabitur,
2008 3393 2041 3450 et
2055 3381 2117 3451 illa
2143 3383 2220 3452 luce
2242 3407 2276 3452 ac

308 3441 442 3508 Romani
457 3436 544 3520 pueri
557 3431 657 3511 longis
672 3425 838 3486 rationibus
852 3441 945 3481 assem
1198 3481 1203 3492 ¹
1361 3479 1369 3496 ⁸
1436 3477 1445 3495 ,

1296 3493 1466 3570 sapientia
1479 3479 1631 3549 fruetur.

308 3545 440 3610 Discunt
455 3541 488 3602 in
503 3549 601 3620 portes
615 3531 736 3592 brutum
751 3525 908 3600 diducere,
935 3521 1013 3583 dicat
1546 3582 1554 3598 ,
1588 3580 1597 3598 ,
1674 3579 1683 3597 ,
1813 3579 1822 3598 ι
1921 3581 1944 3600 ..

309 3649 408 3710 Filius
421 3644 531 3707 Albini
575 3641 601 3698 si
620 3633 657 3694 de
672 3636 839 3716 quincunce
856 3635 970 3688 remota
985 3637 1028 3686 est
1399 3577 1521 3698 Qllare
1544 3581 1599 3648 tllt
1622 3603 1685 3672 qur
1702 3593 1792 3693 ‘sunl
1811 3603 1964 3670 tngenns
1981 3603 2054 3650 non
2073 3587 2276 3658 monstrosis

306 3748 424 3826 unuh,
446 3743 521 3829 quid
540 3686 683 3820 {upmoe
1297 3682 1474 3799 pm‘lll’.
1498 3695 1532 3750 et
1556 3703 1611 3800 res
1635 3694 1786 3798 optsmas
1808 3681 2027 3802 maximeque
2042 3687 2276 3808 admirandas2

150 3964 151 3969 ,
258 3881 452 3973 Multiplex
466 3873 571 3946 etiam
590 3859 814 3946 Geometriae
835 3856 972 3928 utilitas
994 3868 1065 3938 est,
1090 3877 1164 3922 non
1186 3877 1244 3924 so·
1297 3784 1677 3968 Ξὲἓέἱῗῖῃῗῗέρῗῑιξὲῗδ
1692 3781 2276 3961 lt‘iilliilietcilieprlulll’(llidrilliisalii

257 3990 335 4058 lum
351 3983 391 4055 in
407 3966 719 4052 cedlfifflllffll‘sln
733 3957 920 4078 metiendis
935 3955 1049 4039 ‘'³⁸5⁵’‘
1062 3958 1120 4024 ⁸²⁶
1136 3955 1243 4074 ‚ellim
1296 3983 1434 4054 Harum
1452 4009 1518 4076 ope
1531 3984 1659 4054 sublati
1676 3984 1714 4052 in
1732 3986 1868 4055 coelum
1907 3987 2056 4058 lustrare
2070 3995 2185 4061 oculis
2199 3937 2278 4063 crui-⁸

258 4091 338 4158 viro
354 4082 498 4176 politico
522 4075 561 4144 in
577 4057 873 4181 cosmoorcrlfwae
896 4083 935 4128 ¹¹¹
951 4059 1111 4176 ¹⁰⁶⁰f⁰¹¹¹
1135 4071 1244 4175 ΠΨ·
1296 4109 1432 4154 versam
1455 4109 1575 4156 rerum
1600 4099 1783 4173 naturam,
1809 4042 2088 4182 cernerespacia
2102 4109 2278 4188 metasque

260 4188 364 4260 vallis
385 4174 635 4266 intelligendis.
687 4167 757 4240 Sed
779 4163 921 4236 discedo
943 4161 987 4230 ab
1009 4155 1066 4230 lus
1089 4159 1244 4249 vulgan-
1296 4187 1531 4276 maximorum
1566 4209 1774 4278 corporum,
1809 4189 1931 4258 νωθῆ
1963 4193 2130 4286 syderum
2160 4197 2276 4265 fatales

259 4293 328 4362 bus
346 4281 570 4358 utilitatibus.
1297 4311 1519 4378 congressus,
1550 4288 1705 4382 donique
1734 4311 1855 4360 causas
1885 4315 2006 4361 rerum
2036 4297 2283 4380 maximarum„

360 4419 411 4492 Hi
429 4413 543 4511 quiin
562 4403 688 4478 studiis
706 4411 901 4480 versantur,
924 4411 957 4466 et
974 4395 1163 4486 perlectam
1178 4395 1245 4466 do-
1297 4415 1387 4484 quae
1410 4391 1448 4459 in
1474 4387 1539 4460 bac
1554 4385 1742 4460 bominum
1762 4393 1833 4461 vita
1849 4393 2034 4479 accidunt,
2060 4399 2279 4468 animadver-

260 4527 410 4602 ctrinam
425 4507 724 4609 expetunt,illam
741 4503 807 4571 sibi
824 4499 1013 4570 utilitatem
1031 4511 1244 4588 proponant,
1297 4508 1370 4562 tere
1399 4491 1571 4583 poteritis.
1629 4489 1804 4563 Existimo
1827 4513 2013 4582 generosas
2048 4513 2184 4570 mentes
2218 4495 2278 4568 bac

261 4630 358 4728 quod
392 4625 434 4693 ad
468 4615 665 4687 doctrinam
690 4607 733 4675 de
761 4604 865 4672 rebus
891 4599 1098 4668 coelestibus
1124 4599 1245 4667 nullus
1297 4607 1395 4663 tanta
1414 4593 1566 4664 utilitate
1580 4596 1675 4686 capi,
1701 4608 1737 4664 et
1750 4595 1891 4665 incitari
1915 4619 2016 4688 posse
2035 4601 2078 4668 ad
2103 4595 2168 4670 has
2192 4615 2277 4670 artes

261 4733 378 4806 aditus
410 4733 522 4816 patet,
553 4713 623 4782 nisi
652 4732 715 4800 per
738 4699 1009 4776 Aritbmeticam
1034 4713 1067 4769 et
1091 4697 1245 4768 Geome-
1300 4697 1484 4764 discendas
1505 4709 1539 4766 et
1563 4697 1742 4765 amandas.
1793 4695 1874 4768 Scio
1895 4699 1990 4768 enirn
2012 4701 2113 4771 vobis
2135 4703 2277 4797 quidem

260 4837 379 4910 triam.
429 4819 477 4894 Et
498 4817 640 4912 quidem
663 4823 759 4879 tanta
780 4807 833 4874 vis
860 4813 912 4872 'est
936 4795 1187 4871 Aritbmetices
1206 4802 1244 4869 in
1298 4798 1381 4867 satis
1398 4819 1601 4888 persuasum
1616 4819 1708 4881 esse,
1736 4820 1900 4887 magnam
1921 4800 2129 4890 dignitatem
2152 4819 2189 4874 et
2209 4803 2278 4875 uti-

263 4933 423 5009 doctrina
448 4927 492 4993 de
511 4920 617 4989 rebus
631 4909 859 4992 coelestibus,
880 4917 920 4974 ut
934 4903 1102 4972 mediocri
1121 4898 1246 4972 Aritb-
1299 4900 1431 4970 litatem
1455 4923 1529 4970 csse
1554 4899 1737 4970 doctrinae
1759 4901 1803 4968 de
1823 4901 1930 4971 rebus
1946 4903 2176 4990 coelestibus,
2202 4929 2280 4974 vos-

186 5009 191 5017 ·
262 5035 390 5111 metico
411 5047 501 5122 pene
523 5017 642 5090 omnia
665 5015 704 5082 in
728 5009 887 5080 doctriua
909 5029 1027 5075 rerum
1043 5003 1244 5074 coelestium
1299 5025 1384 5094 que,
1421 5003 1602 5085 abducet,
1634 5000 1781 5070 auribus
1806 5016 1912 5096 atque
1941 5005 2070 5076 animis
2092 5001 2281 5077 abhorrere

259 5143 332 5211 sint
349 5129 485 5226 pervia:
510 5135 601 5193 certe
627 5135 789 5204 magnam
812 5123 947 5202 partem
971 5107 1045 5176 eius
1065 5107 1246 5176 doctrinae
1298 5105 1342 5172 ab
1375 5099 1519 5194 Epicuri
1555 5101 1813 5184 deliramentis,
1845 5106 1909 5197 qui
1937 5105 2075 5180 decidet
2107 5103 2282 5180 Astrono-

261 5242 338 5312 sine
355 5235 428 5305 ullo
443 5223 588 5315 negocio
603 5214 742 5309 assequi
764 5225 887 5305 potest.
940 5207 1014 5279 lam
1037 5209 1119 5277 vide
1140 5231 1244 5301 quam
1298 5204 1422 5288 miam,
1449 5218 1482 5274 et
1499 5204 1653 5274 somniat
1668 5201 1789 5274 Solem
1804 5227 1877 5275 esse
1891 5231 2076 5298 vaporem,
2102 5211 2162 5304 qui
2179 5233 2281 5280 manc

261 5341 386 5428 exigam
411 5333 533 5400 labore
545 5333 716 5416 qnantum
738 5313 895 5408 precium
914 5333 1039 5400 operae
1057 5309 1168 5402 possis
1192 5309 1245 5378 ia·
1298 5308 1512 5376 accendatur
1544 5317 1660 5390 motu,
1692 5321 1811 5398 postea
1845 5323 1905 5377 aot
1938 5309 2123 5399 deflagret,
2155 5312 2280 5382 autin

262 5464 350 5515 cerr.
403 5425 501 5502 Nihil
524 5423 660 5494 lucilius
687 5431 754 5504 est,
786 5437 892 5510 quam
927 5407 1009 5499 bas,
1033 5423 1074 5482 ut
1106 5423 1245 5496 vocant,
1297 5431 1387 5502 aqua
1417 5407 1658 5498 extinguatur:
1710 5409 1759 5478 ita
1786 5423 1820 5480 et
1850 5409 1968 5480 stelles
1997 5433 2071 5483 esse
2091 5413 2285 5484 nubeculas
