4614 5820
127 331 133 340 ,
233 284 308 358 527
726 270 889 350 usca.
921 273 996 350 uu
1028 253 1429 352 mutatione
1460 271 1710 354 orroau
1744 279 1774 360 t.
2186 288 2249 368 aas
2300 367 2301 370 ,

163 535 165 538 ,
239 456 339 525 dium
365 451 541 522 honorum
563 449 621 519 vel
643 447 783 542 imperii
806 472 871 539 pro
894 447 1090 540 baptismo,
1123 471 1228 542 quem
1277 444 1389 518 literis
1410 463 1655 538 versarentur,
1679 465 1714 524 et
1730 453 1919 547 diligenter
1936 475 2182 551 cognoscerent
2196 465 2251 534 do-
2300 531 2301 534 ,

239 554 410 626 historiae
427 565 507 622 ante
523 549 742 643 Sylvestrum
759 573 779 620 a
795 547 996 620 Melchiade
1014 549 1229 639 baptizatum
1277 547 1428 618 mrinam
1443 551 1488 619 de
1505 547 1668 638 Christo,
1690 567 1731 624 ut
1745 571 1946 649 suppeteret
1959 563 2056 654 copia
2072 559 2252 656 Episcopo·
2300 551 2301 608 Ὗ

241 681 313 728 esse
329 653 561 724 confirmant?
613 651 686 724 Ant
702 677 773 744 qno
797 651 873 722 iure
887 648 1142 723 Constantinus
1159 651 1230 720 im-
1277 673 1377 734 rum,
1403 644 1471 720 boc
1494 665 1545 723 est
1566 667 1767 745 pastorum,
1793 659 1856 753 qui
1872 665 2004 734 evocati
2027 667 2072 734 ad
2092 670 2253 736 docendas

241 758 377 850 perium
394 754 626 846 deposuisset,
651 767 690 822 ut
706 757 853 822 donaret
873 753 1126 838 sacerdotibus,
1149 773 1229 823 cum
1277 746 1451 821 Ecclesiae
1466 756 1638 844 populum
1653 772 1748 828 recte
1763 762 1931 834 docerent
1943 765 1988 834 de
2010 765 2105 856 iege,
2129 769 2172 837 de
2183 791 2254 860 pec·
2300 797 2301 818 ³

242 857 368 928 horum
386 857 614 948 imperiorum
631 877 818 945 possessor,
833 855 984 924 vicarius
1000 847 1148 938 Christi,
1169 867 1230 924 aut
1278 865 1366 938 cato,
1383 853 1427 922 de
1441 854 1612 926 beneficio
1625 852 1760 930 Christi
1775 863 1941 933 omuibus
1953 869 2061 956 gratis
2073 870 2253 960 proposito.

241 959 335 1029 Petri
354 957 506 1040 nonsit,
530 956 625 1026 iuxta
644 957 752 1026 illud:
774 952 939 1044 Regnum
954 977 1072 1024 mcum
1090 967 1231 1025 nonest
1278 953 1397 1044 Quam
1418 953 1563 1047 quidem
1590 981 1765 1030 summam
1790 963 1984 1036 conditoris
2006 967 2063 1038 sui
2092 970 2254 1040 autorita—

242 1064 285 1128 de
304 1055 371 1128 hoc
390 1059 540 1130 mundo.
591 1055 727 1145 Quare,
753 1081 833 1125 cum
850 1053 1027 1126 Ecclesiae
1048 1057 1230 1126 ministros
1278 1067 1370 1140 tem,
1402 1053 1442 1123 in
1467 1055 1531 1138 iis,
1559 1083 1649 1152 quae
1670 1063 1713 1130 ad
1740 1059 1921 1135 habendas
1950 1063 2089 1142 scholas
2117 1085 2151 1142 et
2175 1087 2256 1141 recte

241 1158 427 1250 aRepub.
454 1158 626 1248 scriptura
659 1159 744 1227 velit
777 1159 914 1242 abesse,
954 1158 1153 1228 laudandus
1179 1171 1231 1227 est
1278 1157 1472 1225 docendam
1502 1160 1694 1249 puericiam
1723 1179 1899 1256 spectant,
1938 1169 2125 1250 detrectari
2152 1173 2195 1242 ab
2222 1196 2255 1242 ea

148 1335 153 1350 Ι
242 1260 352 1344 Otto,
378 1262 492 1353 quod,
515 1260 554 1326 in
576 1273 672 1328 tanta
694 1257 906 1328 Pontificum
930 1259 1067 1328 insania
1093 1283 1230 1328 memor
1278 1257 1418 1327 civitate
1444 1259 1593 1330 minime
1622 1265 1772 1335 decebit.
1831 1267 2008 1362 Reliqua,
2045 1297 2136 1365 quae
2162 1297 2255 1364 opera

214 1363 349 1432 .·ofs1cii
371 1362 446 1443 sui,
470 1361 605 1430 nullam
622 1361 691 1429 sibi
713 1359 902 1428 amicitiam
920 1381 994 1429 esse
1008 1385 1087 1430 cum
1103 1357 1231 1430 Ponti·
1278 1352 1426 1428 Ottonis
1454 1381 1672 1436 accesserunt
1700 1363 1896 1454 Ecclesiae,
1929 1371 2012 1464 quia
2045 1373 2188 1464 longum
2213 1387 2256 1444 est

241 1467 304 1534 lice
320 1463 490 1545 voluerit,
516 1461 579 1554 qui
600 1463 644 1529 de
668 1461 948 1552 possessionibus
963 1463 1229 1550 magistratuum
1279 1481 1504 1544 enumerare,
1530 1463 1696 1557 relinquo
1712 1491 1754 1538 ex
1768 1463 1835 1539 hac
1850 1471 1950 1541 brevi
1967 1467 2116 1545 historia
2130 1475 2255 1545 audito·

241 1567 407 1635 decedere
424 1565 544 1631 nollet.
587 1561 765 1655 Quodque
778 1557 972 1632 monachos
987 1563 1091 1632 etiam
1111 1557 1172 1656 (ut
1191 1564 1230 1630 in
1280 1560 1379 1630 ribus
1398 1560 1642 1637 existimanda.

241 1665 399 1738 historiis
417 1662 488 1758 est)
510 1663 605 1732 helio
624 1665 776 1733 voluerit
801 1665 983 1756 persequi,
1008 1665 1092 1757 quia
1110 1664 1230 1733 existi-
1380 1653 1470 1732 Otto
1485 1664 1525 1732 in
1541 1665 1635 1735 bello
1652 1663 1804 1756 Gallico,
1829 1672 1929 1744 cuins
1945 1673 2014 1742 iam
2031 1675 2125 1746 facta
2139 1675 2256 1745 mentio

240 1769 389 1837 maverit
406 1761 498 1834 nihil
513 1789 590 1849 cos,
622 1765 862 1854 volsrptatihos
879 1764 918 1832 in
933 1765 1113 1834 coenobiis
1129 1766 1231 1834 dedi·
1278 1774 1340 1846 est,
1356 1763 1484 1852 partim
1502 1789 1522 1834 a
1537 1767 1711 1838 militibus
1727 1769 1871 1842 aliunde
1885 1775 1924 1844 in
1939 1775 2112 1847 auxilium
2128 1757 2257 1860 vocatis,

242 1885 315 1954 tos,
342 1891 405 1962 pro
422 1891 507 1936 sano
531 1868 663 1949 facere,
688 1867 872 1958 multoque
894 1889 966 1935 esse
991 1867 1116 1948 satius,
1142 1889 1231 1958 pau·
1279 1867 1387 1956 quod,
1402 1864 1574 1955 quianon
1589 1891 1757 1958 maguum
1771 1897 1875 1944 usum
1890 1875 1928 1944 in
1942 1899 1980 1946 re
1997 1879 2146 1949 militari
2161 1873 2257 1946 habe·

241 1995 320 2056 cos,
346 1992 474 2062 cosque
491 1968 568 2058 pios
583 1981 618 2036 et
635 1969 768 2052 doctos,
793 1967 842 2035 ali
855 1967 961 2037 bonis
976 1968 1020 2036 ad
1035 1963 1230 2037 Ecclesiam
1280 1977 1378 2048 rent,
1404 1961 1529 2037 Gallos
1548 1983 1765 2062 metuerent,
1792 1975 1920 2066 partim
1944 1979 2090 2049 airatre
2103 1977 2258 2064 ilenrico,

243 2072 521 2166 pertinentibus,
554 2091 661 2160 quam
678 2089 748 2153 ea,
782 2091 872 2162 quae
897 2063 1073 2138 Ecclesiae
1101 2070 1232 2139 donata
1279 2068 1375 2157 quod
1393 2089 1473 2136 cum
1490 2063 1655 2140 hostibus
1672 2077 1923 2163 consensisset,
1947 2079 2146 2170 plurimum
2164 2081 2258 2150 desti-

241 2189 343 2258 sunt,
365 2172 529 2241 scelerate
544 2169 751 2260 profundia
775 2183 871 2240 tanta
888 2169 1119 2240 multitudine
1134 2171 1232 2239 ocio-
1280 2169 1456 2237 tuebatur.
1493 2167 1574 2240 Hoc
1589 2195 1669 2242 cum
1686 2176 1980 2250 animadverteret
1994 2205 2114 2251 comes
2127 2179 2259 2276 quidam

242 2299 362 2345 sorum
377 2269 584 2350 hominum,
610 2271 672 2364 qui
690 2269 790 2340 nulio
819 2271 935 2340 officio
960 2284 1023 2341 aut
1043 2271 1232 2363 disciplina
1280 2261 1388 2336 homo
1404 2258 1503 2339 vaie'r
1525 2286 1560 2342 et
1583 2282 1728 2364 polens,
1755 2280 1835 2370 qui,
1860 2281 1955 2373 quod
1979 2295 2050 2352 tam
2074 2283 2259 2353 necessario

243 2375 443 2457 assuefacti,
468 2395 582 2464 neque
601 2368 797 2457 Ecclesiae,
822 2395 938 2465 neque
956 2369 1112 2462 Reipub.
1127 2372 1232 2442 utiles
1280 2384 1456 2463 tempore,
1478 2385 1601 2442 ettam
1619 2377 1831 2470 propinquis
1850 2375 2033 2466 hostibus,
2058 2406 2124 2454 suo
2142 2383 2258 2454 auxilio

241 2489 376 2556 essent,
396 2477 455 2544 sed
478 2477 595 2562 fruges
610 2487 746 2544 tautum
762 2495 968 2542 consumere
982 2473 1074 2553 nati,
1100 2487 1139 2542 nt
1153 2470 1232 2542 iio·
1279 2469 1475 2559 plurimum
1497 2487 1637 2566 putaret
1657 2478 1834 2550 sublevari
1851 2479 2124 2572 imperatorem,
2150 2509 2260 2582 spera-

241 2576 496 2670 ratiusiuqnit.
548 2576 674 2657 Addo,
698 2577 812 2667 quod,
836 2573 943 2643 tantis
969 2573 1138 2643 restitutis
1162 2575 1232 2642 im·
1280 2573 1340 2640 bat
1357 2593 1393 2638 se
1413 2567 1506 2641 nihil
1526 2576 1571 2645 ab
1587 2577 1806 2668 imperatore
1820 2583 1891 2652 iam
1908 2607 1982 2653 non
1999 2585 2260 2677 impetraturum

244 2681 348 2772 petiis
374 2693 407 2748 et
428 2677 565 2746 infinita
581 2673 792 2745 Pontificum
808 2674 954 2744 avaritia
971 2697 1139 2766 repressa,
1165 2701 1231 2743 vo-
1280 2693 1371 2756 esse,
1404 2687 1520 2762 rogat,
1553 2689 1594 2747 ut
1614 2681 1867 2752 monasterium
1890 2689 2068 2778 quoddam
2094 2687 2212 2758 nobile
2234 2699 2261 2754 et

242 2782 352 2853 luerit
363 2805 426 2872 pro
441 2777 696 2848 consuetudine
713 2777 887 2845 maiorum
900 2799 1044 2846 suorum
1057 2773 1232 2846 Ecclesias
1281 2773 1462 2864 copiosum
1498 2801 1578 2846 curn
1607 2779 1782 2852 fructibus
1814 2787 2036 2878 sequentium
2071 2801 2260 2880 temporum

241 2886 281 2954 in
305 2880 497 2954 Germania
528 2901 603 2946 non
624 2879 731 2947 modo
758 2878 814 2948 sui
836 2870 928 2946 nihii
960 2877 1139 2959 amittere,
1170 2879 1232 2948 sed
1281 2873 1349 2942 sibi
1367 2875 1538 2948 attribuat
1552 2876 1761 2970 Imperator,
1786 2907 1861 2954 non
1877 2887 1961 2956 satis
1975 2891 2168 2958 ostendens
2188 2911 2261 2978 sup-

243 2986 388 3077 opibus,
426 2979 597 3070 dignitate
623 2991 658 3048 et
684 2973 821 3048 honore
850 2977 1023 3048 auctiores
1047 3001 1132 3052 esse.
1183 2977 1233 3050 Ut
1280 2987 1398 3065 petere
1413 2975 1547 3072 alioqui
1562 2981 1680 3070 copias
1699 2985 1779 3071 sihi,
1805 3009 1846 3058 ex
1861 2989 1990 3080 quibus
2004 2990 2085 3058 dari
2101 2991 2261 3062 militibus

244 3088 339 3157 enim
369 3083 564 3175 plurimum
589 3080 751 3150 beneficii
774 3080 962 3150 collocaret
984 3079 1024 3148 in
1047 3075 1233 3166 Ecclesias,
1281 3089 1470 3166 oporteret.
1530 3077 1745 3170 imperator,
1779 3089 1874 3179 quod
1899 3089 2114 3179 intelligeret
2138 3117 2203 3184 qua
2224 3091 2260 3157 de

182 3173 184 3178 ¹
245 3187 437 3260 celebrium
452 3184 587 3276 aliquot
599 3181 866 3274 pontificatuum
883 3181 1077 3261 autorfuit,
1094 3205 1135 3250 er
1151 3183 1233 3275 qui·
1282 3201 1383 3246 causa
1406 3201 1445 3246 ea
1460 3179 1677 3252 dicerentur:
1711 3183 1804 3272 Nou,
1830 3187 1961 3281 inquit,
1989 3191 2028 3259 in
2049 3186 2261 3262 hisdillicul·

243 3293 311 3363 bus
335 3286 454 3358 vocari
485 3297 628 3378 possent
649 3285 695 3352 ad
722 3283 898 3352 docendas
924 3277 1116 3362 Ecclesias,
1152 3305 1232 3352 cum
1282 3279 1415 3347 tatibus
1447 3280 1494 3349 ita
1528 3282 1832 3356 circumventurus
1867 3313 1904 3359 es
1932 3285 2107 3361 Ottonem
2141 3293 2261 3383 vulpes.

246 3416 335 3482 opus
370 3401 478 3470 essct,
512 3384 608 3455 docti
633 3384 703 3452 viri
735 3397 771 3454 et
795 3378 1019 3454 Christianae
1051 3383 1233 3454 doctrinae
1255 3433 1259 3520 q
1284 3373 1380 3448 Mihi
1397 3382 1603 3452 mandatum
1620 3401 1672 3456 cst
1687 3383 1762 3455 Deo
1780 3391 1924 3460 obedire
1939 3393 2062 3478 magis,
2085 3417 2190 3488 quam
2205 3387 2261 3462 ho-

245 3492 361 3587 periti.
414 3487 572 3561 Multum
589 3485 685 3554 enim
701 3509 764 3555 sua
787 3486 953 3554 interesse
975 3485 1123 3570 sciebat,
1149 3487 1233 3554 dare
1256 3527 1258 3534 ,
1282 3479 1451 3550 minibus.
1478 3479 1600 3578 itaque
1616 3509 1694 3554 cum
1707 3483 1897 3578 prohibeat
1908 3493 2097 3586 scriptura,
2116 3509 2260 3564 sanctum

243 3616 407 3687 operam,
431 3604 471 3660 ut
489 3589 729 3658 retinerentur
751 3581 909 3667 scholae,
935 3597 1028 3656 recte
1049 3587 1234 3657 doceretur
1255 3557 1259 3656 i
1284 3581 1363 3650 dari
1383 3583 1548 3669 canibus,
1579 3609 1802 3683 nequaquam
1826 3593 1992 3683 permitto
2016 3617 2055 3664 ea
2077 3619 2099 3665 a
2119 3610 2153 3666 te
2171 3617 2261 3665 occu.

243 3699 428 3777 inventus,
461 3713 659 3781 magnoque
680 3689 719 3757 in
743 3711 892 3758 nurnero
913 3699 949 3758 et
979 3683 1116 3757 honore
1139 3687 1233 3780 apud
1284 3683 1379 3774 pari,
1405 3707 1495 3777 quae
1509 3686 1603 3754 nosti
1618 3689 1663 3756 ad
1678 3685 1872 3762 Ecclesiam
1889 3709 2057 3786 spectare.
2108 3695 2147 3769 Si
2167 3696 2261 3785 igitur

244 3820 367 3868 omnes
379 3791 613 3874 haberentur,
636 3789 676 3857 in
693 3790 823 3888 quibus
839 3787 996 3857 liberalis
1017 3803 1105 3859 esset
1120 3789 1234 3858 bona·
1284 3777 1375 3851 nihii
1392 3787 1486 3876 apud
1502 3797 1537 3855 le
1554 3789 1670 3878 pudor
1684 3801 1718 3859 et
1740 3791 1894 3862 officium
1908 3795 2047 3883 valent,
2073 3799 2220 3868 deserite
2235 3809 2261 3863 et

244 3923 325 3970 rum
349 3896 479 3966 artium
503 3891 681 3980 cognitio,
705 3904 811 3982 atque
835 3913 877 3958 ex
902 3888 946 3958 iis
963 3911 1067 3982 quam
1086 3889 1234 3981 plurimi
1285 3885 1426 3975 prodito
1467 3883 1628 3957 hostibus
1661 3891 1854 3963 'dominnm
1894 3909 2007 3968 tuum.
2064 3893 2144 3989 Ego
2183 3909 2261 3967 certe

244 4000 296 4093 pii
317 3997 617 4070 constituerentur
637 3993 800 4062 doctores
814 3989 934 4071 verbi,
960 4013 1113 4084 quorum
1131 3989 1232 4082 copia
1285 4010 1401 4054 meum
1417 3983 1572 4078 Reipub.
1587 3991 1742 4060 officium
1756 3995 1975 4084 praestitero.
2010 3995 2059 4068 Et
2071 4021 2260 4093 quanquam

244 4125 290 4171 ne
306 4101 490 4187 deficeret,
513 4095 738 4188 pontificatus
760 4091 961 4176 constituit,
987 4113 1076 4184 quos
1098 4115 1234 4185 nequa-
1285 4097 1324 4156 lu
1342 4109 1416 4155 non
1431 4091 1609 4182 sequaris,
1635 4093 1709 4182 ipse
1731 4109 1848 4165 tamen
1865 4121 1944 4168 cum
1963 4098 2164 4172 Saxonibus
2178 4098 2262 4180 meis,

244 4227 350 4298 quam
372 4199 487 4270 voluit
504 4197 616 4268 teneri
638 4197 682 4265 ab
704 4191 912 4284 homiuibus
934 4193 1086 4264 indoctis
1107 4207 1142 4262 et
1164 4193 1233 4261 im·
1285 4189 1329 4256 de
1355 4213 1507 4281 quorum
1534 4193 1665 4264 virtute
1690 4219 1765 4265 uon
1792 4199 1940 4286 dubito,
1984 4203 2028 4272 ad
2053 4197 2172 4274 hostes
2194 4221 2260 4270 sum

244 4301 383 4398 probis,
408 4299 538 4393 quibus
553 4299 653 4367 nulla
667 4292 814 4366 honesta
831 4294 1035 4386 disciplina,
1060 4295 1159 4364 nulla
1177 4319 1233 4363 re·
1285 4288 1411 4362 iturus.

243 4406 350 4495 ligio,
380 4402 478 4471 naalia
502 4411 724 4491 peccatorum
748 4395 925 4478 remissio,
957 4397 1056 4464 nulla
1080 4395 1234 4488 denique
1385 4389 1518 4464 Probat
1539 4389 1624 4464 haec
1650 4390 1798 4469 historia
1827 4401 2022 4491 plurimum
2043 4403 2260 4496 religionibus

244 4510 364 4578 futura
388 4503 480 4587 vita,
514 4521 597 4592 prae
614 4523 752 4568 summo
775 4497 858 4566 odio
883 4497 953 4566 Dei
978 4510 1012 4566 et
1035 4491 1234 4584 Evangelii,
1285 4491 1446 4562 deditum
1469 4497 1577 4565 fuisse
1600 4491 1794 4587 Ottonem,
1819 4515 1924 4596 atque
1947 4528 2071 4574 omnes
2089 4519 2259 4598 propterea

245 4632 350 4680 curae
371 4627 463 4688 esse,
492 4601 548 4670 vei
572 4601 611 4668 in
634 4613 785 4670 mentem
802 4599 924 4668 venire
938 4611 1062 4689 potest.
1115 4597 1232 4668 Taceo
1285 4608 1430 4663 conatus
1453 4619 1534 4666 suos
1558 4621 1598 4668 eo
1616 4599 1768 4670 voluisse
1792 4619 1966 4695 spectare,
1991 4619 2033 4684 ut
2057 4609 2259 4698 privatarum

243 4711 400 4808 reliquos
432 4705 665 4796 episcopatus,
698 4701 762 4794 qui
788 4695 934 4770 Ottonis
963 4723 1090 4792 opera,
1130 4723 1232 4769 causa
1286 4719 1403 4765 rerum
1428 4700 1587 4769 omnium
1612 4701 1798 4792 dispendio
1829 4705 1952 4789 etiam,
1992 4705 2022 4774 si
2046 4731 2101 4778 res
2127 4707 2260 4783 tulisset,

245 4811 492 4884 discendarum
522 4803 671 4888 artium,
721 4815 756 4872 et
787 4801 1018 4872 illustrandae
1051 4802 1234 4870 doctrinae
1286 4819 1424 4868 summa
1446 4825 1464 4868 a
1487 4823 1523 4869 se
1546 4824 1681 4892 semper
1703 4799 1892 4877 haberetur
1912 4803 2149 4880 Ecclesiamm
2174 4805 2259 4885 ratio,

243 4909 393 4995 Christi,
417 4907 500 4979 iacti
515 4905 643 4998 partim
659 4905 698 4971 in
713 4901 878 4998 Cymbris
893 4917 987 4987 sunt,
1006 4903 1133 4994 partim
1149 4927 1233 4972 vero
1286 4900 1400 4992 quod,
1426 4901 1508 4996 quia
1530 4915 1667 4992 tempus
1688 4907 1862 4996 postulat,
1887 4907 2011 4978 desino
2035 4911 2195 5000 pluribus
2208 4909 2259 4974 de·

245 5017 283 5084 in
322 5010 505 5082 Vandalis.
569 5004 954 5095 Magdaebnrgensibus
997 5027 1071 5074 non
1108 5005 1234 5090 solum,
1286 5014 1503 5088 monstrare,
1528 5017 1563 5073 ct
1580 5027 1704 5093 precor
1719 5003 1913 5090 Christum,
1944 5025 1984 5102 ut
1997 5005 2123 5102 spiritu
2140 5003 2258 5082 Christi

246 5123 351 5208 quam
371 5113 567 5204 possident,
593 5109 717 5177 urbem
739 5105 1052 5198 praeclarissimam
1073 5106 1235 5190 extruxit,
1287 5103 1400 5172 adiuti
1434 5100 1563 5174 honam
1597 5117 1795 5198 temporum
1829 5109 2057 5200 Magistratus
2087 5111 2259 5181 imitentur

247 5213 362 5296 alexit„
387 5213 535 5281 liberam
550 5209 687 5294 effecit,
712 5230 835 5276 verum
862 5206 1107 5298 pontificatum
1132 5207 1170 5276 in
1194 5231 1234 5276 ea
1287 5199 1434 5273 Ottonis
1458 5207 1608 5291 factum,
1634 5207 1671 5276 in
1694 5213 1928 5300 procurandis
1946 5215 2107 5284 rebusad
2130 5211 2258 5299 religio·
2300 5227 2301 5290 ξ

248 5313 513 5382 celeberrimum
531 5308 656 5380 haberi
679 5309 832 5388 curavit,
851 5309 893 5375 in
912 5307 1047 5399 quoali
1068 5331 1232 5398 magnum
1287 5307 1656 5396 nempertinentibus.
1707 5310 1797 5381 Nam
1815 5307 2047 5384 hocOttonis
2066 5314 2257 5406 exemplum,
2300 5297 2301 5376 Ῐ

248 5433 435 5481 numerum
468 5435 590 5480 eorum
620 5410 725 5480 bonis
747 5405 925 5480 Ecclesiae
948 5409 1080 5494 voluit,
1111 5409 1236 5503 quiin
1289 5408 1318 5475 si
1349 5421 1551 5479 nostrorum
1579 5423 1777 5503 temporum
1809 5411 2035 5506 Principibus
2059 5417 2258 5510 probaretur
2300 5411 2301 5474 i
