4616 5816
90 261 154 344 tlt
210 279 218 294 ·
645 250 805 330 ulter,
836 247 914 330 DE
947 241 1228 330 RNCOMIO.
1256 239 1569 322 uulnerat.
1842 243 1845 246 ’
2045 253 2125 328 ooo

90 451 164 506 neu
176 427 307 502 Franci
325 427 430 500 etiam
448 427 551 514 victl,
578 427 702 518 iugum
721 447 906 522 nunquam
930 445 1073 519 accepe-
1124 417 1231 490 laude
1249 417 1426 501 contenti,
1449 433 1483 492 et
1497 420 1542 508 de
1554 415 1692 513 generis
1705 419 1843 514 arigim
1856 422 2038 518 disputare
2051 427 2120 499 ali.

90 547 182 618 runt,
217 555 403 626 uunquam
435 555 534 602 arma
560 529 787 612 abiecerunt,
825 544 948 602 tantus
972 549 1073 598 aanor
1124 523 1269 616 quando
1283 521 1497 594 desinamus.

89 635 211 732 patrias
240 634 326 720 luit,
359 646 498 705 tantum
528 632 708 704 servitutis
729 633 865 706 odium.
924 631 1071 720 Quanta
1224 619 1407 716 Occupata
1431 621 1550 696 Gallia
1585 625 1710 698 foedus
1743 649 1822 696 eum
1852 625 2027 701 Romanis
2052 631 2120 702 suh

89 737 312 830 igitarvirtn's
333 736 372 804 in
395 735 592 806 maioribus
606 735 739 809 nostris
761 735 889 818 suerit,
915 731 1000 804 iude
1018 733 1072 802 la·
1123 721 1321 798 lustinlflsso
1346 729 1524 812 feceruut,
1557 751 1667 822 quare
1685 751 1759 798 ¹¹⁰ss
1781 731 1889 800 ¹¹¹⁰d⁰
1915 731 2000 800 belli
2029 733 2119 818 furti

88 842 146 912 cile
159 837 332 910 aestimari
344 850 471 928 potest,
498 840 593 932 quod
611 851 652 908 nt
666 834 822 908 Romani
841 838 975 906 bellum
989 857 1071 905 cum
1121 831 1180 899 sed
1206 829 1311 903 etiam
1335 853 1376 898 ex
1398 831 1540 900 foedere
1558 827 1714 900 Galliam
1737 844 1870 902 tenent.
1923 827 1971 904 Et
1987 835 2118 905 virtute

87 936 414 1031 Carthaginensibus
430 942 475 1010 de
490 940 640 1032 imperio
658 939 754 1010 varia
766 939 929 1023 fortuna,
956 957 1070 1008 annos
1120 930 1243 1000 aclide
1263 931 1503 1023 perfecerunt,
1528 956 1574 1001 ne
1590 929 1773 1004 Romanos
1789 933 1986 1026 poeniteret
2006 937 2119 1006 sacie-

88 1043 215 1114 circiter
244 1041 499 1136 quadraginta,
533 1044 592 1114 sed
624 1065 689 1135 per
718 1039 925 1126 intervalla,
954 1059 1069 1130 gesse-
1121 1035 1204 1104 tatis
1228 1031 1429 1108 Francicus.
1480 1032 1572 1104 Nam
1598 1031 1712 1105 Attila
1732 1031 1952 1107 Francorum
1978 1037 2118 1108 auxiliis

87 1159 180 1229 runt,
204 1145 251 1214 ita
278 1141 407 1214 Franci
431 1141 634 1230 Romanos,
665 1143 825 1215 totiiam
850 1143 1069 1234 orbiterra-
1120 1135 1257 1226 ingenti
1286 1136 1423 1229 praelio
1451 1137 1583 1222 victus,
1617 1148 1652 1206 et
1676 1159 1718 1206 ex
1742 1133 1966 1208 Narbonensi
1996 1137 2118 1212 Gellia

88 1271 158 1316 rum
172 1244 409 1338 dominantes,
425 1245 532 1316 ermis
549 1255 782 1316 exercuerunt
796 1246 901 1316 annis
916 1245 1068 1336 amplius
1119 1237 1285 1328 expulsus
1302 1251 1374 1324 est,
1401 1263 1508 1331 quam
1526 1234 1643 1308 adbuc
1656 1237 1904 1328 imperatorius
1918 1235 2118 1334 praelectus

87 1357 232 1432 rentum,
251 1346 462 1440 indeusque
476 1347 522 1416 ab
537 1343 733 1418 Aureliano
747 1349 792 1418 ad
808 1341 1067 1427 Theodosium,
1119 1335 1246 1410 Aetius
1264 1341 1414 1410 tenebat.
1459 1339 1653 1414 Testantur
1669 1340 1778 1430 igitur
1793 1335 1972 1425 historiae,
1999 1342 2116 1414 Fran-0

87 1451 187 1518 dener
218 1471 292 1516 non
325 1451 433 1518 modo
468 1449 666 1519 libertatem
700 1465 973 1542 recuperarunt,
1006 1449 1066 1518 sed
1119 1465 1177 1511 cos
1200 1455 1286 1512 tunc
1309 1441 1423 1512 socios
1446 1439 1605 1516 Romani
1635 1443 1795 1534 imperii,
1829 1467 1903 1514 non
1926 1445 2117 1546 vectigales

87 1551 180 1620 etiam
193 1549 295 1642 potiti
309 1548 449 1634 Galliis,
473 1547 617 1640 Belgica
632 1563 667 1620 et
682 1548 825 1636 Celtica,
848 1564 928 1642 post
946 1545 1067 1620 Theo·
1120 1541 1229 1612 laetos
1250 1566 1334 1615 08⁵0·

87 1651 214 1721 dasium
230 1673 379 1740 regnare
396 1651 448 1719 ibi
462 1665 665 1742 caeperunt.
710 1651 782 1724 Nec
799 1647 1065 1742 minusnegoeii
1223 1641 1371 1717 Accedit
1390 1645 1436 1715 ad
1459 1657 1619 1716 vetemm
1638 1643 1858 1716 Francorum
1885 1647 2008 1718 laudes
2029 1641 2116 1718 baaa

88 1753 144 1822 luit
159 1753 249 1822 tueri
272 1754 525 1843 possessionem
544 1751 764 1840 Gallian1m‚
789 1777 870 1824 cum
893 1753 1067 1824 ferociasi.
1120 1769 1280 1840 quoque,
1305 1753 1401 1841 quod
1425 1770 1505 1816 cum
1527 1748 1710 1818 audissent
1726 1749 1924 1820 doctrinam
1939 1745 2117 1820 Christia-

87 1877 155 1922 mse
168 1855 328 1924 nationes
342 1879 400 1924 eas
414 1869 630 1948 appeterent,
649 1855 849 1945 Burgundi,
865 1852 1067 1940 Alemanni,
1119 1872 1200 1918 uam
1221 1851 1266 1918 de
1286 1873 1372 1918 vero
1394 1850 1492 1919 cultu
1514 1847 1602 1935 Dei,
1628 1864 1663 1920 et
1686 1851 1861 1921 admoniti
1886 1864 2116 1942 agnoscerent

87 1953 218 2038 Hunni,
243 1979 350 2048 quam
375 1970 476 2026 antea
496 1958 627 2042 fiteral,
653 1959 789 2050 eripere
809 1979 867 2026 aas
880 1955 1066 2030 Romania,
1118 1952 1321 2020 barbaricos
1334 1953 1426 2026 titus
1440 1966 1474 2020 el
1490 1947 1764 2046 εἶδωλομανίαν
1785 1953 1927 2046 plenam
1942 1977 2016 2023 este
2037 1967 2116 2024 [tlte

88 2054 195 2144 Quare
210 2056 282 2126 nisi
298 2058 518 2144 fortitudine,
545 2059 690 2129 scientia
709 2061 761 2132 rei
776 2060 952 2145 militaris,
976 2061 1067 2130 tole·
1120 2053 1292 2144 pitudinis
1308 2067 1342 2124 et
1356 2053 1508 2139 Sceleris,
1534 2055 1661 2145 cupide
1677 2055 1830 2144 amplexi
1844 2052 2116 2130 Sb'ss'thrlSlla·

14 2233 15 2252 p
87 2160 188 2228 cantia
208 2159 393 2244 laborum,
425 2160 578 2254 denique
600 2159 705 2230 etiam
738 2161 876 2232 inscicia
900 2175 936 2231 ec
959 2162 1065 2232 disci·
1118 2179 1199 2224 nam
1217 2155 1442 2246 religionem,
1468 2179 1615 2250 eamque
1629 2177 1755 2246 magna
1772 2159 1900 2250 pietate
1915 2161 2115 2254 coluerunt.

87 2260 172 2350 plina
189 2261 454 2348 excelluissent‚
480 2275 576 2332 tanta
600 2263 792 2333 oerlamiua
813 2277 866 2334 tot
888 2285 1065 2333 annorum
1120 2255 1193 2326 Nec
1228 2256 1304 2326 sine
1334 2257 1544 2328 coelestibus
1576 2258 1686 2347 signia
1718 2260 1762 2327 ad
1798 2259 1963 2352 pietatem
1997 2263 2115 2333 vocati

88 2362 247 2431 sustinere
262 2386 336 2431 non
354 2364 562 2454 potuissent.
1119 2371 1219 2427 sunt:
1254 2383 1337 2426 nam
1360 2357 1582 2444 Ludovicus,
1617 2359 1680 2453 qui
1713 2362 1849 2450 primns
1880 2365 1977 2434 inter
1997 2361 2114 2454 Reges

175 2462 353 2535 Recensui
368 2465 575 2557 opinionem
592 2467 867 2536 deFrancorum
882 2478 976 2551 ortu,
1001 2487 1066 2536 au-
1117 2459 1297 2551 amplexus
1320 2474 1371 2528 est
1392 2455 1528 2530 Christi
1552 2461 1771 2547 doctrinam,
1807 2459 1873 2532 boc
1898 2457 2005 2553 signa*
2025 2487 2114 2536 con-³
2199 2497 2203 2520 ·

88 2563 192 2654 spicia
204 2567 306 2655 regni
322 2565 501 2652 Franciei,
526 2591 619 2660 quae
632 2569 781 2637 maxime
796 2569 969 2658 probatur
984 2590 1067 2637 epu.
1117 2561 1275 2632 firmatus
1298 2583 1372 2630 esse
1391 2561 1520 2649 sertum
1548 2555 1700 2634 babebat
1722 2564 1908 2654 coniugem
1936 2562 2113 2638 christia*
2214 2556 2222 2572 ἢ

88 2666 169 2738 ditis.
217 2664 312 2738 Cum
334 2681 454 2738 autem
477 2692 552 2738 non
576 2673 684 2739 modo
705 2667 888 2758 Belgicam
914 2669 1066 2739 invasisu
1118 2687 1221 2748 nam,
1246 2688 1337 2757 quae
1352 2687 1525 2734 cumeum
1540 2665 1664 2762 sedulo
1680 2660 1938 2737 hortareturad
1955 2669 2028 2742 veri
2043 2665 2114 2738 Dei

87 2779 169 2852 sent,
202 2769 394 2838 sedetiam
424 2793 443 2838 a
468 2768 657 2860 Moguntia
678 2773 870 2862 progressi,
899 2793 1067 2862 occupas-
1117 2764 1351 2854 agnitionem,
1377 2777 1411 2834 et
1424 2780 1726 2852 commemoraret,
1752 2767 1889 2837 nullam
1906 2791 1982 2840 esse
1997 2765 2114 2842 virtu-

14 2945 15 2948 ,
88 2883 153 2940 sent
177 2869 312 2938 vicinas
337 2869 463 2940 Moeni
489 2873 602 2962 ripas,
639 2873 709 2944 suit
734 2895 772 2942 eu
800 2872 897 2962 regio
923 2875 1067 2965 propria
1120 2879 1191 2936 tem
1208 2865 1407 2956 digniorem
1425 2865 1602 2956 Regibus,
1629 2891 1736 2962 qnam
1752 2891 1833 2939 vera
1849 2869 1979 2962 pietate
1994 2863 2112 2942 Deum

88 2967 293 3040 Francorum
316 2973 416 3040 sedes
444 2974 482 3040 in
505 2973 688 3066 superiore
711 2970 924 3052 Germania,
959 2995 1065 3078 quam
1119 2967 1253 3054 colere,
1279 2965 1344 3038 etsi
1361 2967 1497 3039 inflexit
1517 2967 1593 3039 eius
1610 2971 1789 3056 animum,
1815 2983 1932 3042 tamen
1950 2993 2023 3042 non
2039 2986 2114 3044 sta-e
2154 2992 2188 3076 j

87 3074 239 3143 adversus
263 3071 503 3160 Alamannos,
541 3075 604 3168 qui
629 3075 796 3146 Sueviam
828 3090 862 3146 et
883 3073 1067 3146 Helvetios
1117 3069 1182 3138 tim
1207 3069 1395 3160 persuasit,
1426 3085 1466 3141 ut
1489 3071 1666 3161 baptismo
1690 3073 1903 3148 initiaretur.
1955 3074 2113 3146 Gerebat

87 3176 259 3258 tenebant,
283 3197 359 3243 non
374 3175 452 3244 siue
467 3177 647 3248 acerrimis
662 3177 805 3268 praeliis
818 3179 1068 3250 defenderunt.
1117 3185 1234 3240 autem
1249 3171 1455 3242 Lttdovicus
1471 3171 1531 3241 ille
1549 3173 1682 3242 bellum
1699 3197 1780 3243 eum
1797 3171 2007 3247 Alemannis
2030 3199 2114 3268 per·

87 3273 196 3366 ltaque
210 3273 505 3348 illaFcancorum
521 3303 584 3348 arx
601 3280 761 3372 opposita
771 3277 992 3360 Alemannis,
1009 3303 1066 3348 re·
1116 3273 1280 3358 difficile,
1305 3295 1457 3366 cumque
1480 3273 1517 3342 ln
1537 3289 1713 3366 postrema
1735 3299 1872 3367 pugna,
1897 3301 1987 3372 quae
2003 3299 2114 3369 snpra
2237 3300 2243 3312 ·

86 3374 540 3454 tinuitl‘ranciaenomen,
570 3379 666 3452 llaec
681 3396 732 3452 est
746 3405 866 3466 carisa,
888 3407 952 3452 cnr
968 3381 1065 3469 regio
1115 3371 1304 3444 Coloniam
1326 3371 1560 3468 Agrippinam
1591 3379 1777 3450 commissa
1808 3393 1878 3464 est,
1913 3381 2052 3450 turbata
2076 3393 2112 3450 et

87 3479 124 3544 ad
143 3477 315 3548 Moenum
338 3476 488 3550 Francis
514 3483 707 3552 etiamnum
728 3484 936 3572 adpelletur.
994 3483 1064 3554 Sed
1116 3475 1286 3547 inclinata
1303 3474 1520 3546 Francorum
1535 3478 1622 3560 acie,
1640 3479 1789 3549 victoria
1807 3481 1988 3552 videretur
2000 3501 2114 3573 penes

88 3577 277 3648 Aventinus
306 3583 454 3670 negabat
483 3581 638 3652 Francos
669 3585 711 3652 ad
750 3583 923 3652 Moenum
953 3607 1066 3653 rtovos
1116 3575 1464 3648 Alemannoslutura
1483 3603 1574 3663 esse,
1600 3579 1652 3648 ibi
1668 3579 1872 3650 Ludovicus
1886 3582 2047 3676 clypeum
2064 3577 2111 3652 ad

87 3701 149 3748 esse
163 3681 325 3759 colonos,
351 3696 385 3752 et
399 3681 572 3756 sentiebat
588 3679 651 3752 bos
672 3709 743 3754 esse
770 3686 902 3775 primns
924 3701 1064 3756 autores
1116 3680 1254 3748 coelum
1287 3679 1436 3766 tollens,
1468 3680 1688 3774 inspectante
1716 3683 1890 3765 exercitu,
1924 3679 2133 3756 Christum¹

87 3781 205 3868 gentis,
240 3777 334 3852 hanc
354 3807 427 3853 esse
450 3806 530 3854 vera
556 3787 706 3877 patriam
729 3787 842 3877 gentis
864 3787 1065 3872 Francicae,
1107 3781 1312 3870 invocavit,
1338 3796 1373 3852 et
1389 3781 1503 3852 Deum
1520 3785 1699 3854 confessus
1716 3785 1857 3876 petivit,
1887 3799 1927 3855 ut
1943 3787 2113 3857 ostende-

89 3899 259 3972 propterea
273 3887 369 3978 quod
387 3885 516 3956 Straba
531 3883 716 3986 βρέγχους
730 3891 833 3980 panis
847 3887 941 3959 inser
958 3889 1064 3959 Nari-
1117 3896 1168 3953 ret
1191 3905 1228 3952 se
1253 3885 1417 3955 exaudire
1441 3885 1666 3970 invocantes,
1699 3899 1733 3955 et
1753 3887 1956 3977 profligaret
1979 3883 2110 3974 hostes,

88 4005 137 4050 cos
156 3999 188 4054 et
201 3985 424 4074 Vindelicos,
449 4013 520 4082 «μω
540 3991 578 4058 in
598 3991 678 4060 1000
694 4007 729 4060 et
743 3989 934 4061 Suetonius
948 3989 1060 4061 Bran.
1117 3999 1309 4079 votumque
1325 3988 1417 4072 lecit,
1444 4009 1480 4056 se
1495 3989 1612 4058 statim
1630 4001 1726 4080 parta
1743 3989 1903 4078 victoria,
1931 3990 2111 4081 baptismo

88 4087 255 4156 coaluisse
270 4102 427 4173 testatur,
450 4091 534 4160 inde
549 4092 733 4184 paululum
752 4116 951 4183 progressos
968 4095 1063 4164 arbi·
1119 4087 1342 4157 initiatumm
1367 4101 1402 4158 et
1423 4111 1459 4157 ee
1484 4103 1518 4158 et
1542 4091 1747 4174 exercitum,
1782 4089 1911 4159 deinde
1935 4092 2110 4182 fugientes

87 4188 234 4260 trabatur
249 4191 296 4259 ad
312 4189 435 4260 Moeni
452 4192 565 4283 ripas,
588 4207 622 4264 et
642 4194 772 4263 deinde
788 4192 963 4266 Romanis
988 4197 1064 4264 bel-
1115 4190 1301 4260 revocavit.
1355 4189 1519 4262 Testatus
1538 4187 1827 4281 igituerristus
1848 4215 1884 4262 se
1909 4194 2110 4287 imploran-

89 4285 125 4354 lis
140 4289 176 4360 in
199 4287 384 4381 Belginum
408 4308 619 4384 pertractos,
645 4315 665 4364 a
689 4319 757 4388 qua
782 4295 955 4366 sententia
980 4321 1064 4388 pro·
1116 4304 1167 4362 tes
1191 4315 1294 4383 opem
1317 4293 1362 4360 ab
1385 4293 1462 4383 ipso
1477 4289 1628 4379 iuvem,
1649 4293 1806 4364 reddidit
1825 4295 1964 4364 animos
1981 4295 2109 4369 militi·

86 4387 164 4460 lecto
181 4417 253 4462 non
271 4395 423 4464 multum
442 4390 627 4480 abhorreo,
654 4421 719 4466 nec
734 4397 869 4465 invitus
887 4393 981 4466 hrrnc
999 4391 1065 4468 ho·
1115 4395 1200 4476 bus,
1232 4417 1272 4462 ac
1292 4393 1454 4464 restituto
1477 4395 1629 4486 praelio,
1663 4408 1759 4464 tanta
1783 4410 1896 4488 strage
1913 4393 2107 4470 Alemanni
2177 4445 2179 4451 ·

88 4511 195 4562 norem
211 4495 331 4566 tribuo
348 4495 479 4566 nostris
493 4498 648 4581 civibus,
674 4512 711 4568 ut
737 4491 976 4592 αὐτόχθονας
991 4523 1062 4570 non
1116 4493 1314 4579 victissim,
1339 4511 1377 4566 ut
1396 4495 1576 4566 deditione
1599 4499 1687 4566 facta
1709 4495 1855 4568 Francis
1882 4523 2005 4592 parere
2026 4525 2109 4571 coe-a

88 4594 217 4667 colonos
251 4622 293 4668 ex
325 4598 404 4667 aliis
438 4613 534 4668 ortos
568 4599 733 4687 gentibus
759 4624 832 4670 esse
858 4601 1064 4675 existimem.
1117 4597 1244 4688 perint.
1278 4595 1356 4667 Hoc
1374 4599 1513 4667 initium
1528 4600 1594 4667 lesit
1614 4597 1773 4684 Regibus
1788 4600 1970 4674 Francicis
1986 4603 2108 4672 colen-

87 4689 320 4770 Contendebat
343 4699 448 4771 etiam
473 4699 674 4798 Aventinus
703 4705 798 4794 apud
822 4701 1063 4772 Ptolemaeum
1116 4701 1181 4767 dae
1212 4700 1350 4790 pietatis
1373 4695 1616 4785 Christianae,
1646 4699 1786 4771 circiter
1811 4725 1944 4772 annum
1969 4699 2106 4776 Christi

88 4816 143 4882 pro
162 4797 313 4871 Brennis
333 4827 423 4896 quos
452 4801 546 4872 inter
573 4801 742 4872 Noricum
767 4817 800 4873 ct
824 4801 1063 4874 Vindelicium
1116 4799 1203 4874 470.
1227 4825 1331 4894 quam
1357 4803 1500 4896 quidem
1526 4817 1645 4896 postea
1673 4801 1787 4872 annos
1817 4805 1969 4894 amplius
1993 4805 2105 4886 mille,

89 4899 223 4973 collocat
238 4904 427 4993 legendum
446 4929 519 4974 esse
532 4901 726 5003 βρέγχους.
771 4901 819 4974 Et
835 4907 964 4976 citatur
978 4905 1064 4974 Par·
1116 4918 1212 4972 tanta
1240 4907 1436 4974 constantia
1462 4906 1705 4990 retinuerunt,
1737 4921 1777 4978 ut
1801 4901 1979 4976 Ecclesiae
1997 4899 2106 4977 Chri-

90 4992 216 5074 tbenius
231 5020 332 5076 vetus
347 5006 517 5097 scriptor,
542 5008 607 5101 qui
622 5005 776 5078 Francos
799 5006 849 5076 ait
865 5029 939 5078 esse
954 5005 1066 5088 ἔθνος
1116 5007 1249 5074 stianae
1272 5029 1372 5098 saepe
1391 5003 1512 5077 dubiis
1535 5007 1753 5098 temporibus
1776 5029 1904 5096 magno
1926 5009 2105 5101 praesidio
2161 5069 2164 5076 .

92 5093 232 5178 tilue'wr.
1115 5107 1265 5185 suerint,
1291 5133 1438 5203 eamque
1454 5111 1501 5177 ob
1516 5133 1653 5179 causam
1670 5105 1963 5180 Christianissimi
1983 5113 2106 5204 appel-

179 5206 246 5278 Sed
266 5211 348 5302 plus
369 5209 483 5280 laudis
501 5209 604 5280 estin
623 5209 772 5292 virtute,
801 5235 906 5304 quam
928 5211 965 5278 in
991 5209 1065 5280 ori·
1087 5218 1091 5328 ἰ
1117 5211 1176 5277 lati
1194 5206 1277 5282 sint.
1329 5211 1398 5280 Nec
1422 5209 1528 5281 armis
1551 5225 1687 5281 tantum
1703 5211 1939 5284 defenderunt
1960 5215 2106 5304 religio-

91 5302 170 5389 ssbte.
218 5307 307 5382 Cum
324 5311 434 5402 igitur
449 5337 504 5380 res
519 5326 634 5402 gestae
649 5317 836 5382 ostendant
856 5313 963 5382 luisse
978 5335 1065 5402 gen·
1118 5335 1214 5396 crem,
1250 5313 1307 5380 sed
1330 5314 1444 5384 multo
1474 5314 1583 5403 magis
1611 5328 1785 5383 ornamnt
1814 5337 1891 5383 eam
1914 5309 2045 5385 scholis
2067 5329 2106 5388 'et

92 5405 130 5471 tis
153 5406 335 5485 l'raneieae
369 5415 596 5484 excellentem
630 5415 815 5496 virtutem,
856 5417 967 5488 simus
1001 5410 1066 5485 bac
1088 5451 1092 5504 2
1117 5415 1315 5507 propagatis
1329 5409 1457 5486 studiis
1474 5416 1511 5484 in
1528 5414 1646 5488 Gallia
1663 5427 1697 5486 et
1712 5411 1918 5493 Germania.

1389 5509 1491 5591 25¹⁸.
