<?xml version="1.0" encoding="UTF-8"?>
<!DOCTYPE html PUBLIC "-//W3C//DTD XHTML 1.0 Transitional//EN"
    "http://www.w3.org/TR/xhtml1/DTD/xhtml1-transitional.dtd">
<html xmlns="http://www.w3.org/1999/xhtml" xml:lang="en" lang="en">
 <head>
  <title>
</title>
<meta http-equiv="Content-Type" content="text/html;charset=utf-8" />
  <meta name='ocr-system' content='tesseract 3.04.00' />
  <meta name='ocr-capabilities' content='ocr_page ocr_carea ocr_par ocr_line ocrx_word'/>
</head>
<body>
  <div class='ocr_page' id='page_1' title='image "./corpusreformato23melagoog/corpusreformato23melagoog_0109.png"; bbox 0 0 4688 5826; ppageno 0'>
   <div class='ocr_carea' id='block_1_1' title="bbox 230 241 2266 380">
    <p class='ocr_par' dir='ltr' id='par_1_1' title="bbox 230 241 2266 410">
     <span class='ocr_line' id='line_1_1' title="bbox 230 241 2266 380; baseline -0.009 -1"><span class='ocrx_word' id='word_1_1' title='bbox 230 300 298 380; x_wconf 80' lang='lat' dir='ltr'>sss</span> <span class='ocrx_word' id='word_1_2' title='bbox 714 288 874 366; x_wconf 81' lang='lat' dir='ltr'>nncn.</span> <span class='ocrx_word' id='word_1_3' title='bbox 908 287 967 362; x_wconf 84' lang='lat' dir='ltr'>1u</span> <span class='ocrx_word' id='word_1_4' title='bbox 1000 241 1255 365; x_wconf 79' lang='lat' dir='ltr'>nannnu·</span> <span class='ocrx_word' id='word_1_5' title='bbox 1277 287 1460 364; x_wconf 78' lang='lat' dir='ltr'>auris</span> <span class='ocrx_word' id='word_1_6' title='bbox 1493 285 1771 366; x_wconf 76' lang='lat' dir='ltr'>nnuman.</span> <span class='ocrx_word' id='word_1_7' title='bbox 2191 285 2266 360; x_wconf 80' lang='lat' dir='ltr'>sss</span> 
     </span>
    </p>
   </div>
   <div class='ocr_carea' id='block_1_2' title="bbox 178 453 2342 1575">
    <p class='ocr_par' dir='ltr' id='par_1_2' title="bbox 178 453 2342 1575">
     <span class='ocr_line' id='line_1_2' title="bbox 227 453 2268 554; baseline -0.011 -6"><span class='ocrx_word' id='word_1_8' title='bbox 227 480 256 548; x_wconf 91' lang='lat' dir='ltr'>si</span> <span class='ocrx_word' id='word_1_9' title='bbox 273 477 317 547; x_wconf 88' lang='lat' dir='ltr'>ad</span> <span class='ocrx_word' id='word_1_10' title='bbox 333 471 470 545; x_wconf 80' lang='lat' dir='ltr'>ordinis</span> <span class='ocrx_word' id='word_1_11' title='bbox 487 463 789 539; x_wconf 87' lang='lat' dir='ltr'>conservationem</span> <span class='ocrx_word' id='word_1_12' title='bbox 808 463 1007 554; x_wconf 80' lang='lat' dir='ltr'>pertinent,</span> <span class='ocrx_word' id='word_1_13' title='bbox 1033 476 1067 532; x_wconf 89' lang='lat' dir='ltr'>et</span> <span class='ocrx_word' id='word_1_14' title='bbox 1084 462 1216 552; x_wconf 79' lang='lat' dir='ltr'>absque</span> <span class='ocrx_word' id='word_1_15' title='bbox 1242 469 1245 551; x_wconf 72' lang='grc'>1</span> <span class='ocrx_word' id='word_1_16' title='bbox 1269 463 1452 551; x_wconf 77' lang='lat' dir='ltr'><strong>ignorent,</strong></span> <span class='ocrx_word' id='word_1_17' title='bbox 1478 473 1651 553; x_wconf 80' lang='lat' dir='ltr'>quamum</span> <span class='ocrx_word' id='word_1_18' title='bbox 1667 455 1754 528; x_wconf 87' lang='lat' dir='ltr'>baec</span> <span class='ocrx_word' id='word_1_19' title='bbox 1771 481 1828 531; x_wconf 83' lang='lat' dir='ltr'>ars</span> <span class='ocrx_word' id='word_1_20' title='bbox 1843 459 1881 530; x_wconf 92' lang='lat' dir='ltr'>in</span> <span class='ocrx_word' id='word_1_21' title='bbox 1899 483 1937 529; x_wconf 89' lang='lat' dir='ltr'>se</span> <span class='ocrx_word' id='word_1_22' title='bbox 1951 459 2040 530; x_wconf 93' lang='lat' dir='ltr'>boni</span> <span class='ocrx_word' id='word_1_23' title='bbox 2055 453 2203 543; x_wconf 89' lang='lat' dir='ltr'>habeat,</span> <span class='ocrx_word' id='word_1_24' title='bbox 2230 471 2268 530; x_wconf 90' lang='lat' dir='ltr'>et</span> 
     </span>
     <span class='ocr_line' id='line_1_3' title="bbox 226 557 2269 658; baseline -0.01 -6"><span class='ocrx_word' id='word_1_25' title='bbox 226 581 300 652; x_wconf 90' lang='lat' dir='ltr'>illis</span> <span class='ocrx_word' id='word_1_26' title='bbox 317 577 449 650; x_wconf 85' lang='lat' dir='ltr'>maiora</span> <span class='ocrx_word' id='word_1_27' title='bbox 463 570 576 644; x_wconf 87' lang='lat' dir='ltr'>teneri</span> <span class='ocrx_word' id='word_1_28' title='bbox 596 592 671 637; x_wconf 92' lang='lat' dir='ltr'>non</span> <span class='ocrx_word' id='word_1_29' title='bbox 692 577 851 657; x_wconf 88' lang='lat' dir='ltr'>possunt.</span> <span class='ocrx_word' id='word_1_30' title='bbox 903 563 1025 658; x_wconf 87' lang='lat' dir='ltr'>Neque</span> <span class='ocrx_word' id='word_1_31' title='bbox 1041 587 1124 632; x_wconf 89' lang='lat' dir='ltr'>vero</span> <span class='ocrx_word' id='word_1_32' title='bbox 1140 563 1216 632; x_wconf 87' lang='lat' dir='ltr'>sine</span> <span class='ocrx_word' id='word_1_33' title='bbox 1242 557 1245 642; x_wconf 75' lang='grc' dir='ltr'>ἶ</span> <span class='ocrx_word' id='word_1_34' title='bbox 1269 565 1511 654; x_wconf 72' lang='lat' dir='ltr'><strong>imprudentes</strong></span> <span class='ocrx_word' id='word_1_35' title='bbox 1532 585 1607 630; x_wconf 91' lang='lat' dir='ltr'>rem</span> <span class='ocrx_word' id='word_1_36' title='bbox 1636 561 1852 650; x_wconf 74' lang='lat' dir='ltr'>singularem</span> <span class='ocrx_word' id='word_1_37' title='bbox 1882 575 2120 653; x_wconf 87' lang='lat' dir='ltr'>praetereant,</span> <span class='ocrx_word' id='word_1_38' title='bbox 2152 575 2194 630; x_wconf 90' lang='lat' dir='ltr'>nt</span> <span class='ocrx_word' id='word_1_39' title='bbox 2215 573 2269 632; x_wconf 85' lang='lat' dir='ltr'>est</span> 
     </span>
     <span class='ocr_line' id='line_1_4' title="bbox 226 651 2268 772; baseline -0.011 -20"><span class='ocrx_word' id='word_1_40' title='bbox 226 682 284 754; x_wconf 90' lang='lat' dir='ltr'>his</span> <span class='ocrx_word' id='word_1_41' title='bbox 297 679 422 772; x_wconf 88' lang='lat' dir='ltr'>primis</span> <span class='ocrx_word' id='word_1_42' title='bbox 435 674 571 744; x_wconf 89' lang='lat' dir='ltr'>artibus</span> <span class='ocrx_word' id='word_1_43' title='bbox 583 671 657 741; x_wconf 91' lang='lat' dir='ltr'>ulla</span> <span class='ocrx_word' id='word_1_44' title='bbox 673 669 836 738; x_wconf 90' lang='lat' dir='ltr'>doctrina</span> <span class='ocrx_word' id='word_1_45' title='bbox 852 681 1011 736; x_wconf 77' lang='lat' dir='ltr'><strong>constare</strong></span> <span class='ocrx_word' id='word_1_46' title='bbox 1025 677 1156 758; x_wconf 92' lang='lat' dir='ltr'>potest,</span> <span class='ocrx_word' id='word_1_47' title='bbox 1182 677 1218 734; x_wconf 90' lang='lat' dir='ltr'>et</span> <span class='ocrx_word' id='word_1_48' title='bbox 1242 651 1245 750; x_wconf 75' lang='grc' dir='ltr'>ξ</span> <span class='ocrx_word' id='word_1_49' title='bbox 1270 690 1309 736; x_wconf 90' lang='lat' dir='ltr'>ca</span> <span class='ocrx_word' id='word_1_50' title='bbox 1325 677 1418 736; x_wconf 88' lang='lat' dir='ltr'>aetas</span> <span class='ocrx_word' id='word_1_51' title='bbox 1438 663 1571 732; x_wconf 88' lang='lat' dir='ltr'>infirmi</span> <span class='ocrx_word' id='word_1_52' title='bbox 1588 663 1747 748; x_wconf 91' lang='lat' dir='ltr'>consilii,</span> <span class='ocrx_word' id='word_1_53' title='bbox 1774 677 1808 733; x_wconf 90' lang='lat' dir='ltr'>et</span> <span class='ocrx_word' id='word_1_54' title='bbox 1826 687 2007 754; x_wconf 90' lang='lat' dir='ltr'>praeceps,</span> <span class='ocrx_word' id='word_1_55' title='bbox 2030 685 2146 756; x_wconf 91' lang='lat' dir='ltr'>neque</span> <span class='ocrx_word' id='word_1_56' title='bbox 2167 663 2268 732; x_wconf 86' lang='lat' dir='ltr'>iudi-</span> 
     </span>
     <span class='ocr_line' id='line_1_5' title="bbox 227 765 2342 874; baseline -0.011 -20"><span class='ocrx_word' id='word_1_57' title='bbox 227 782 266 854; x_wconf 93' lang='lat' dir='ltr'>hi</span> <span class='ocrx_word' id='word_1_58' title='bbox 286 782 413 874; x_wconf 89' lang='lat' dir='ltr'>gradus</span> <span class='ocrx_word' id='word_1_59' title='bbox 430 791 534 869; x_wconf 90' lang='lat' dir='ltr'>atque</span> <span class='ocrx_word' id='word_1_60' title='bbox 556 772 715 843; x_wconf 88' lang='lat' dir='ltr'>examina</span> <span class='ocrx_word' id='word_1_61' title='bbox 737 767 833 839; x_wconf 91' lang='lat' dir='ltr'>hunc</span> <span class='ocrx_word' id='word_1_62' title='bbox 854 769 1054 840; x_wconf 90' lang='lat' dir='ltr'>studiorum</span> <span class='ocrx_word' id='word_1_63' title='bbox 1069 767 1219 852; x_wconf 87' lang='lat' dir='ltr'>artium·</span> <span class='ocrx_word' id='word_1_64' title='bbox 1271 767 1344 852; x_wconf 93' lang='lat' dir='ltr'>cio,</span> <span class='ocrx_word' id='word_1_65' title='bbox 1372 767 1433 834; x_wconf 89' lang='lat' dir='ltr'>sed</span> <span class='ocrx_word' id='word_1_66' title='bbox 1457 765 1610 837; x_wconf 87' lang='lat' dir='ltr'>libidine</span> <span class='ocrx_word' id='word_1_67' title='bbox 1631 767 1764 861; x_wconf 79' lang='lat' dir='ltr'>sertor,</span> <span class='ocrx_word' id='word_1_68' title='bbox 1789 765 1820 834; x_wconf 91' lang='lat' dir='ltr'>si</span> <span class='ocrx_word' id='word_1_69' title='bbox 1844 767 1876 835; x_wconf 92' lang='lat' dir='ltr'>ei</span> <span class='ocrx_word' id='word_1_70' title='bbox 1893 767 1981 845; x_wconf 83' lang='lat' dir='ltr'>dux,</span> <span class='ocrx_word' id='word_1_71' title='bbox 2008 788 2115 858; x_wconf 92' lang='lat' dir='ltr'>quem</span> <span class='ocrx_word' id='word_1_72' title='bbox 2138 767 2268 834; x_wconf 85' lang='lat' dir='ltr'>admo·</span> <span class='ocrx_word' id='word_1_73' title='bbox 2341 795 2342 818; x_wconf 57' lang='lat' dir='ltr'>s</span> 
     </span>
     <span class='ocr_line' id='line_1_6' title="bbox 184 865 2342 980; baseline -0.012 -24"><span class='ocrx_word' id='word_1_74' title='bbox 184 909 198 930; x_wconf 74' lang='lat'><strong><em>‘</em></strong></span> <span class='ocrx_word' id='word_1_75' title='bbox 228 911 297 980; x_wconf 88' lang='lat' dir='ltr'>que</span> <span class='ocrx_word' id='word_1_76' title='bbox 314 883 478 952; x_wconf 88' lang='lat' dir='ltr'>ordinem</span> <span class='ocrx_word' id='word_1_77' title='bbox 501 866 730 952; x_wconf 81' lang='lat' dir='ltr'>cdnservant,</span> <span class='ocrx_word' id='word_1_78' title='bbox 755 866 1016 963; x_wconf 79' lang='lat' dir='ltr'>prohibentque</span> <span class='ocrx_word' id='word_1_79' title='bbox 1037 869 1219 938; x_wconf 85' lang='lat' dir='ltr'>confusio·</span> <span class='ocrx_word' id='word_1_80' title='bbox 1271 881 1414 938; x_wconf 91' lang='lat' dir='ltr'>nentem</span> <span class='ocrx_word' id='word_1_81' title='bbox 1448 881 1634 960; x_wconf 89' lang='lat' dir='ltr'>sequatur,</span> <span class='ocrx_word' id='word_1_82' title='bbox 1675 867 1839 938; x_wconf 84' lang='lat' dir='ltr'>deluerit.</span> <span class='ocrx_word' id='word_1_83' title='bbox 1901 865 2037 935; x_wconf 87' lang='lat' dir='ltr'>Verum</span> <span class='ocrx_word' id='word_1_84' title='bbox 2069 869 2269 936; x_wconf 81' lang='lat' dir='ltr'><strong>admodum</strong></span> <span class='ocrx_word' id='word_1_85' title='bbox 2341 881 2342 886; x_wconf 73' lang='grc'>’</span> 
     </span>
     <span class='ocr_line' id='line_1_7' title="bbox 178 967 2270 1074; baseline -0.011 -16"><span class='ocrx_word' id='word_1_86' title='bbox 178 1045 181 1059; x_wconf 93' lang='grc'>.</span> <span class='ocrx_word' id='word_1_87' title='bbox 229 1011 310 1056; x_wconf 90' lang='lat' dir='ltr'>nem</span> <span class='ocrx_word' id='word_1_88' title='bbox 329 1007 368 1052; x_wconf 87' lang='lat' dir='ltr'>ac</span> <span class='ocrx_word' id='word_1_89' title='bbox 385 977 700 1074; x_wconf 86' lang='lat' dir='ltr'>perturbationem.</span> <span class='ocrx_word' id='word_1_90' title='bbox 746 972 859 1042; x_wconf 90' lang='lat' dir='ltr'>Porro</span> <span class='ocrx_word' id='word_1_91' title='bbox 875 974 938 1064; x_wconf 92' lang='lat' dir='ltr'>qui</span> <span class='ocrx_word' id='word_1_92' title='bbox 952 974 997 1040; x_wconf 86' lang='lat' dir='ltr'>ab</span> <span class='ocrx_word' id='word_1_93' title='bbox 1012 967 1068 1040; x_wconf 91' lang='lat' dir='ltr'>his</span> <span class='ocrx_word' id='word_1_94' title='bbox 1083 972 1219 1040; x_wconf 86' lang='lat' dir='ltr'>artibus</span> <span class='ocrx_word' id='word_1_95' title='bbox 1272 973 1392 1062; x_wconf 86' lang='lat' dir='ltr'>paucis</span> <span class='ocrx_word' id='word_1_96' title='bbox 1417 970 1461 1037; x_wconf 90' lang='lat' dir='ltr'>de</span> <span class='ocrx_word' id='word_1_97' title='bbox 1493 991 1531 1036; x_wconf 90' lang='lat' dir='ltr'>rc</span> <span class='ocrx_word' id='word_1_98' title='bbox 1561 969 1776 1060; x_wconf 90' lang='lat' dir='ltr'>amplissima</span> <span class='ocrx_word' id='word_1_99' title='bbox 1804 969 1939 1052; x_wconf 88' lang='lat' dir='ltr'>dicam,</span> <span class='ocrx_word' id='word_1_100' title='bbox 1974 969 2072 1062; x_wconf 92' lang='lat' dir='ltr'>quod</span> <span class='ocrx_word' id='word_1_101' title='bbox 2103 968 2270 1055; x_wconf 71' lang='lat' dir='ltr'>intelligo</span> 
     </span>
     <span class='ocr_line' id='line_1_8' title="bbox 230 1068 2273 1181; baseline -0.011 -22"><span class='ocrx_word' id='word_1_102' title='bbox 230 1089 339 1181; x_wconf 84' lang='lat' dir='ltr'>probe</span> <span class='ocrx_word' id='word_1_103' title='bbox 355 1082 529 1163; x_wconf 85' lang='lat' dir='ltr'>instructi,</span> <span class='ocrx_word' id='word_1_104' title='bbox 546 1082 588 1149; x_wconf 90' lang='lat' dir='ltr'>ad</span> <span class='ocrx_word' id='word_1_105' title='bbox 605 1076 802 1167; x_wconf 82' lang='lat' dir='ltr'>superiores</span> <span class='ocrx_word' id='word_1_106' title='bbox 817 1074 1023 1166; x_wconf 89' lang='lat' dir='ltr'>disciplinas</span> <span class='ocrx_word' id='word_1_107' title='bbox 1040 1075 1220 1154; x_wconf 92' lang='lat' dir='ltr'>accedunt,</span> <span class='ocrx_word' id='word_1_108' title='bbox 1271 1068 1361 1140; x_wconf 90' lang='lat' dir='ltr'>mihi</span> <span class='ocrx_word' id='word_1_109' title='bbox 1378 1095 1455 1140; x_wconf 91' lang='lat' dir='ltr'>eam</span> <span class='ocrx_word' id='word_1_110' title='bbox 1481 1073 1655 1140; x_wconf 89' lang='lat' dir='ltr'>sermonis</span> <span class='ocrx_word' id='word_1_111' title='bbox 1678 1071 1816 1162; x_wconf 90' lang='lat' dir='ltr'>copiam</span> <span class='ocrx_word' id='word_1_112' title='bbox 1843 1085 1877 1139; x_wconf 93' lang='lat' dir='ltr'>et</span> <span class='ocrx_word' id='word_1_113' title='bbox 1901 1071 2133 1140; x_wconf 87' lang='lat' dir='ltr'>benedicendi</span> <span class='ocrx_word' id='word_1_114' title='bbox 2154 1071 2273 1140; x_wconf 87' lang='lat' dir='ltr'>facul·</span> 
     </span>
     <span class='ocr_line' id='line_1_9' title="bbox 230 1173 2272 1266; baseline -0.01 -6"><span class='ocrx_word' id='word_1_115' title='bbox 230 1189 268 1262; x_wconf 94' lang='lat' dir='ltr'>hi</span> <span class='ocrx_word' id='word_1_116' title='bbox 290 1188 464 1258; x_wconf 85' lang='lat' dir='ltr'>foeliciter</span> <span class='ocrx_word' id='word_1_117' title='bbox 484 1184 522 1250; x_wconf 90' lang='lat' dir='ltr'>in</span> <span class='ocrx_word' id='word_1_118' title='bbox 548 1181 620 1249; x_wconf 92' lang='lat' dir='ltr'>illis</span> <span class='ocrx_word' id='word_1_119' title='bbox 643 1179 770 1248; x_wconf 90' lang='lat' dir='ltr'>deiude</span> <span class='ocrx_word' id='word_1_120' title='bbox 797 1189 1001 1258; x_wconf 85' lang='lat' dir='ltr'>versantur,</span> <span class='ocrx_word' id='word_1_121' title='bbox 1028 1191 1061 1246; x_wconf 91' lang='lat' dir='ltr'>et</span> <span class='ocrx_word' id='word_1_122' title='bbox 1083 1177 1219 1244; x_wconf 84' lang='lat' dir='ltr'>fructus</span> <span class='ocrx_word' id='word_1_123' title='bbox 1272 1187 1381 1245; x_wconf 85' lang='lat' dir='ltr'>tatem</span> <span class='ocrx_word' id='word_1_124' title='bbox 1395 1174 1533 1256; x_wconf 85' lang='lat' dir='ltr'>deesse,</span> <span class='ocrx_word' id='word_1_125' title='bbox 1559 1196 1665 1266; x_wconf 90' lang='lat' dir='ltr'>quam</span> <span class='ocrx_word' id='word_1_126' title='bbox 1688 1173 1763 1242; x_wconf 88' lang='lat' dir='ltr'>eius</span> <span class='ocrx_word' id='word_1_127' title='bbox 1787 1173 1873 1242; x_wconf 90' lang='lat' dir='ltr'>artis</span> <span class='ocrx_word' id='word_1_128' title='bbox 1893 1173 2042 1242; x_wconf 83' lang='lat' dir='ltr'>virtutes</span> <span class='ocrx_word' id='word_1_129' title='bbox 2059 1173 2272 1264; x_wconf 89' lang='lat' dir='ltr'>deposcunt,</span> 
     </span>
     <span class='ocr_line' id='line_1_10' title="bbox 228 1269 2272 1369; baseline -0.01 -7"><span class='ocrx_word' id='word_1_130' title='bbox 228 1290 428 1364; x_wconf 88' lang='lat' dir='ltr'>studiorum</span> <span class='ocrx_word' id='word_1_131' title='bbox 445 1309 592 1356; x_wconf 89' lang='lat' dir='ltr'>suorum</span> <span class='ocrx_word' id='word_1_132' title='bbox 608 1282 808 1350; x_wconf 92' lang='lat' dir='ltr'>uberrimos</span> <span class='ocrx_word' id='word_1_133' title='bbox 826 1277 1024 1369; x_wconf 71' lang='lat' dir='ltr'>percipiunt</span> <span class='ocrx_word' id='word_1_134' title='bbox 1043 1279 1219 1344; x_wconf 91' lang='lat' dir='ltr'>reddunt·</span> <span class='ocrx_word' id='word_1_135' title='bbox 1272 1277 1302 1343; x_wconf 91' lang='lat' dir='ltr'>si</span> <span class='ocrx_word' id='word_1_136' title='bbox 1318 1271 1505 1342; x_wconf 91' lang='lat' dir='ltr'>hominum</span> <span class='ocrx_word' id='word_1_137' title='bbox 1521 1275 1634 1344; x_wconf 88' lang='lat' dir='ltr'>oculis</span> <span class='ocrx_word' id='word_1_138' title='bbox 1649 1269 1817 1344; x_wconf 85' lang='lat' dir='ltr'>exhibere</span> <span class='ocrx_word' id='word_1_139' title='bbox 1833 1274 1932 1346; x_wconf 90' lang='lat' dir='ltr'>velis.</span> <span class='ocrx_word' id='word_1_140' title='bbox 1985 1273 2108 1366; x_wconf 85' lang='lat' dir='ltr'>Neque</span> <span class='ocrx_word' id='word_1_141' title='bbox 2124 1298 2164 1342; x_wconf 94' lang='lat' dir='ltr'>eo</span> <span class='ocrx_word' id='word_1_142' title='bbox 2180 1296 2272 1342; x_wconf 90' lang='lat' dir='ltr'>con-</span> 
     </span>
     <span class='ocr_line' id='line_1_11' title="bbox 229 1371 2273 1488; baseline -0.011 -23"><span class='ocrx_word' id='word_1_143' title='bbox 229 1418 311 1488; x_wconf 91' lang='lat' dir='ltr'>que.</span> <span class='ocrx_word' id='word_1_144' title='bbox 364 1386 429 1459; x_wconf 84' lang='lat' dir='ltr'>Est</span> <span class='ocrx_word' id='word_1_145' title='bbox 452 1387 547 1456; x_wconf 91' lang='lat' dir='ltr'>enim</span> <span class='ocrx_word' id='word_1_146' title='bbox 572 1380 658 1452; x_wconf 92' lang='lat' dir='ltr'>haec</span> <span class='ocrx_word' id='word_1_147' title='bbox 682 1378 1221 1473; x_wconf 90' lang='lat' dir='ltr'>primaacpuerilisinstitutio,</span> <span class='ocrx_word' id='word_1_148' title='bbox 1273 1377 1353 1446; x_wconf 85' lang='lat' dir='ltr'>silio</span> <span class='ocrx_word' id='word_1_149' title='bbox 1370 1371 1462 1446; x_wconf 91' lang='lat' dir='ltr'>hanc</span> <span class='ocrx_word' id='word_1_150' title='bbox 1478 1376 1697 1467; x_wconf 90' lang='lat' dir='ltr'>provinciam</span> <span class='ocrx_word' id='word_1_151' title='bbox 1713 1376 1869 1466; x_wconf 89' lang='lat' dir='ltr'>suscepi,</span> <span class='ocrx_word' id='word_1_152' title='bbox 1892 1375 1988 1468; x_wconf 92' lang='lat' dir='ltr'>quod</span> <span class='ocrx_word' id='word_1_153' title='bbox 2008 1371 2076 1444; x_wconf 91' lang='lat' dir='ltr'>hoc</span> <span class='ocrx_word' id='word_1_154' title='bbox 2094 1399 2150 1444; x_wconf 92' lang='lat' dir='ltr'>me</span> <span class='ocrx_word' id='word_1_155' title='bbox 2166 1399 2273 1465; x_wconf 88' lang='lat' dir='ltr'>prae-</span> 
     </span>
     <span class='ocr_line' id='line_1_12' title="bbox 229 1473 2272 1575; baseline -0.011 -9"><span class='ocrx_word' id='word_1_156' title='bbox 229 1497 327 1565; x_wconf 84' lang='lat' dir='ltr'>velut</span> <span class='ocrx_word' id='word_1_157' title='bbox 356 1493 422 1560; x_wconf 91' lang='lat' dir='ltr'>llos</span> <span class='ocrx_word' id='word_1_158' title='bbox 451 1487 613 1558; x_wconf 92' lang='lat' dir='ltr'>omnium</span> <span class='ocrx_word' id='word_1_159' title='bbox 645 1485 811 1575; x_wconf 89' lang='lat' dir='ltr'>deinceps</span> <span class='ocrx_word' id='word_1_160' title='bbox 838 1495 1099 1573; x_wconf 79' lang='lat' dir='ltr'>proventuum,</span> <span class='ocrx_word' id='word_1_161' title='bbox 1132 1501 1221 1572; x_wconf 90' lang='lat' dir='ltr'>quos</span> <span class='ocrx_word' id='word_1_162' title='bbox 1274 1479 1440 1550; x_wconf 81' lang='lat' dir='ltr'>stitutum</span> <span class='ocrx_word' id='word_1_163' title='bbox 1457 1477 1689 1561; x_wconf 81' lang='lat' dir='ltr'>confiderem,</span> <span class='ocrx_word' id='word_1_164' title='bbox 1715 1480 1774 1546; x_wconf 89' lang='lat' dir='ltr'>sed</span> <span class='ocrx_word' id='word_1_165' title='bbox 1790 1501 1836 1545; x_wconf 94' lang='lat' dir='ltr'>ne</span> <span class='ocrx_word' id='word_1_166' title='bbox 1852 1477 1892 1546; x_wconf 90' lang='lat' dir='ltr'>in</span> <span class='ocrx_word' id='word_1_167' title='bbox 1909 1473 2183 1568; x_wconf 87' lang='lat' dir='ltr'>pulcherrimam</span> <span class='ocrx_word' id='word_1_168' title='bbox 2199 1501 2272 1546; x_wconf 92' lang='lat' dir='ltr'>uo-</span> 
     </span>
    </p>
   </div>
   <div class='ocr_carea' id='block_1_3' title="bbox 154 2575 411 2622">
    <p class='ocr_par' dir='ltr' id='par_1_3' title="bbox 154 2575 411 2622">
     <span class='ocr_line' id='line_1_13' title="bbox 154 2575 411 2622; baseline -0.039 -12"><span class='ocrx_word' id='word_1_169' title='bbox 154 2617 159 2622; x_wconf 42' lang='lat'>·</span> <span class='ocrx_word' id='word_1_170' title='bbox 240 2575 411 2607; x_wconf 54' lang='lat' dir='ltr'><em>w</em></span> 
     </span>
    </p>
   </div>
   <div class='ocr_carea' id='block_1_4' title="bbox 229 1588 683 1677">
    <p class='ocr_par' dir='ltr' id='par_1_4' title="bbox 229 1588 683 1677">
     <span class='ocr_line' id='line_1_14' title="bbox 229 1588 683 1677; baseline -0.026 -9"><span class='ocrx_word' id='word_1_171' title='bbox 229 1595 412 1668; x_wconf 87' lang='lat' dir='ltr'>redditura</span> <span class='ocrx_word' id='word_1_172' title='bbox 428 1605 510 1660; x_wconf 90' lang='lat' dir='ltr'>suut</span> <span class='ocrx_word' id='word_1_173' title='bbox 529 1588 683 1677; x_wconf 90' lang='lat' dir='ltr'>ingenia.</span> 
     </span>
    </p>
   </div>
   <div class='ocr_carea' id='block_1_5' title="bbox 257 1721 1221 2203">
    <p class='ocr_par' dir='ltr' id='par_1_5' title="bbox 257 1721 1221 2203">
     <span class='ocr_line' id='line_1_15' title="bbox 258 1721 1221 1814; baseline -0.023 -11"><span class='ocrx_word' id='word_1_174' title='bbox 258 1739 293 1804; x_wconf 89' lang='lat' dir='ltr'>Si</span> <span class='ocrx_word' id='word_1_175' title='bbox 307 1743 383 1800; x_wconf 89' lang='lat' dir='ltr'>bene</span> <span class='ocrx_word' id='word_1_176' title='bbox 397 1737 552 1814; x_wconf 82' lang='lat' dir='ltr'>floruerint</span> <span class='ocrx_word' id='word_1_177' title='bbox 570 1727 685 1810; x_wconf 85' lang='lat' dir='ltr'>(inquit</span> <span class='ocrx_word' id='word_1_178' title='bbox 700 1721 811 1802; x_wconf 89' lang='lat' dir='ltr'>Orid.)</span> <span class='ocrx_word' id='word_1_179' title='bbox 828 1736 951 1804; x_wconf 85' lang='lat' dir='ltr'>segetes,</span> <span class='ocrx_word' id='word_1_180' title='bbox 972 1727 1027 1784; x_wconf 88' lang='lat' dir='ltr'>erit</span> <span class='ocrx_word' id='word_1_181' title='bbox 1044 1743 1110 1782; x_wconf 82' lang='lat' dir='ltr'>area</span> <span class='ocrx_word' id='word_1_182' title='bbox 1127 1723 1221 1802; x_wconf 82' lang='lat' dir='ltr'>dives,</span> 
     </span>
     <span class='ocr_line' id='line_1_16' title="bbox 306 1825 945 1916; baseline -0.027 -13"><span class='ocrx_word' id='word_1_183' title='bbox 306 1837 342 1904; x_wconf 90' lang='lat' dir='ltr'>Si</span> <span class='ocrx_word' id='word_1_184' title='bbox 355 1841 430 1916; x_wconf 87' lang='lat' dir='ltr'>bepe</span> <span class='ocrx_word' id='word_1_185' title='bbox 447 1837 582 1895; x_wconf 90' lang='lat' dir='ltr'>floruerit</span> <span class='ocrx_word' id='word_1_186' title='bbox 596 1835 701 1907; x_wconf 82' lang='lat' dir='ltr'>vineo,</span> <span class='ocrx_word' id='word_1_187' title='bbox 726 1825 865 1888; x_wconf 86' lang='lat' dir='ltr'>Bacchus</span> <span class='ocrx_word' id='word_1_188' title='bbox 881 1829 945 1886; x_wconf 90' lang='lat' dir='ltr'>erit.</span> 
     </span>
     <span class='ocr_line' id='line_1_17' title="bbox 257 1931 1012 2010; baseline -0.026 -3"><span class='ocrx_word' id='word_1_189' title='bbox 257 1942 293 2008; x_wconf 87' lang='lat' dir='ltr'>Si</span> <span class='ocrx_word' id='word_1_190' title='bbox 307 1947 383 2004; x_wconf 90' lang='lat' dir='ltr'>bene</span> <span class='ocrx_word' id='word_1_191' title='bbox 396 1941 553 2000; x_wconf 87' lang='lat' dir='ltr'>floruerint</span> <span class='ocrx_word' id='word_1_192' title='bbox 567 1938 668 2010; x_wconf 83' lang='lat' dir='ltr'>oleos,</span> <span class='ocrx_word' id='word_1_193' title='bbox 694 1931 892 1991; x_wconf 85' lang='lat' dir='ltr'>nitidissimus</span> <span class='ocrx_word' id='word_1_194' title='bbox 906 1949 1012 2005; x_wconf 86' lang='lat' dir='ltr'>annus,</span> 
     </span>
     <span class='ocr_line' id='line_1_18' title="bbox 306 2031 1095 2125; baseline -0.018 -17"><span class='ocrx_word' id='word_1_195' title='bbox 306 2043 402 2108; x_wconf 86' lang='lat' dir='ltr'>Poma</span> <span class='ocrx_word' id='word_1_196' title='bbox 418 2061 539 2125; x_wconf 89' lang='lat' dir='ltr'>quoque</span> <span class='ocrx_word' id='word_1_197' title='bbox 555 2049 695 2100; x_wconf 78' lang='lat' dir='ltr'>eventum</span> <span class='ocrx_word' id='word_1_198' title='bbox 708 2035 852 2114; x_wconf 86' lang='lat' dir='ltr'>temporis</span> <span class='ocrx_word' id='word_1_199' title='bbox 865 2032 957 2092; x_wconf 75' lang='lat' dir='ltr'>leuius</span> <span class='ocrx_word' id='word_1_200' title='bbox 973 2031 1095 2094; x_wconf 80' lang='lat' dir='ltr'>hebent.</span> 
     </span>
     <span class='ocr_line' id='line_1_19' title="bbox 675 2127 769 2203; baseline -0.043 -4"><span class='ocrx_word' id='word_1_201' title='bbox 675 2127 769 2203; x_wconf 84' lang='lat' dir='ltr'>Dixi.</span> 
     </span>
    </p>
   </div>
   <div class='ocr_carea' id='block_1_6' title="bbox 235 2331 1222 2370">
    <p class='ocr_par' dir='ltr' id='par_1_6' title="bbox 235 2331 1222 2370">
     <span class='ocr_line' id='line_1_20' title="bbox 235 2331 1222 2370; baseline -0.025 -28"><span class='ocrx_word' id='word_1_202' title='bbox 235 2331 1222 2370; x_wconf 45' lang='grc' dir='ltr'>,ΝΜ</span> 
     </span>
    </p>
   </div>
   <div class='ocr_carea' id='block_1_7' title="bbox 199 2461 1224 2554">
    <p class='ocr_par' dir='ltr' id='par_1_7' title="bbox 199 2461 1224 2554">
     <span class='ocr_line' id='line_1_21' title="bbox 199 2461 1224 2554; baseline -0.03 1"><span class='ocrx_word' id='word_1_203' title='bbox 199 2517 201 2522; x_wconf 92' lang='grc'><strong>-</strong></span> <span class='ocrx_word' id='word_1_204' title='bbox 245 2478 389 2553; x_wconf 73' lang='lat' dir='ltr'>Noas.</span> <span class='ocrx_word' id='word_1_205' title='bbox 809 2505 811 2510; x_wconf 66' lang='lat'>,</span> <span class='ocrx_word' id='word_1_206' title='bbox 869 2471 933 2551; x_wconf 73' lang='lat' dir='ltr'>(sn.</span> <span class='ocrx_word' id='word_1_207' title='bbox 951 2469 1045 2554; x_wconf 78' lang='lat'>1⁵2⁹·</span> <span class='ocrx_word' id='word_1_208' title='bbox 1061 2469 1108 2526; x_wconf 74' lang='lat' dir='ltr'>vn</span> <span class='ocrx_word' id='word_1_209' title='bbox 1125 2463 1177 2529; x_wconf 84' lang='lat'>30.</span> <span class='ocrx_word' id='word_1_210' title='bbox 1190 2461 1224 2544; x_wconf 76' lang='lat' dir='ltr'>s)</span> 
     </span>
    </p>
   </div>
   <div class='ocr_carea' id='block_1_8' title="bbox 874 2557 1225 2594">
    <p class='ocr_par' dir='ltr' id='par_1_8' title="bbox 874 2557 1225 2594">
     <span class='ocr_line' id='line_1_22' title="bbox 874 2557 1225 2594; baseline -0.028 1"><span class='ocrx_word' id='word_1_211' title='bbox 874 2557 1225 2594; x_wconf 56' lang='lat' dir='ltr'>m</span> 
     </span>
    </p>
   </div>
   <div class='ocr_carea' id='block_1_9' title="bbox 472 2667 988 2768">
    <p class='ocr_par' dir='ltr' id='par_1_9' title="bbox 472 2667 988 2768">
     <span class='ocr_line' id='line_1_23' title="bbox 472 2667 988 2768; baseline -0.019 0"><span class='ocrx_word' id='word_1_212' title='bbox 472 2683 597 2768; x_wconf 84' lang='lat' dir='ltr'>Laus</span> <span class='ocrx_word' id='word_1_213' title='bbox 625 2677 741 2762; x_wconf 71' lang='lat' dir='ltr'>ants</span> <span class='ocrx_word' id='word_1_214' title='bbox 769 2667 988 2759; x_wconf 77' lang='lat' dir='ltr'>medicos.</span> 
     </span>
    </p>
   </div>
   <div class='ocr_carea' id='block_1_10' title="bbox 304 2825 1224 2984">
    <p class='ocr_par' dir='ltr' id='par_1_10' title="bbox 304 2825 1224 2984">
     <span class='ocr_line' id='line_1_24' title="bbox 304 2825 1224 2914; baseline -0.028 -8"><span class='ocrx_word' id='word_1_215' title='bbox 304 2853 327 2906; x_wconf 82' lang='lat' dir='ltr'>A</span> <span class='ocrx_word' id='word_1_216' title='bbox 347 2847 384 2902; x_wconf 95' lang='lat' dir='ltr'>nd</span> <span class='ocrx_word' id='word_1_217' title='bbox 399 2847 472 2901; x_wconf 88' lang='lat' dir='ltr'>Crat.</span> <span class='ocrx_word' id='word_1_218' title='bbox 483 2841 554 2914; x_wconf 80' lang='lat' dir='ltr'>Myl.</span> <span class='ocrx_word' id='word_1_219' title='bbox 571 2857 599 2910; x_wconf 93' lang='lat' dir='ltr'>p.</span> <span class='ocrx_word' id='word_1_220' title='bbox 609 2839 660 2892; x_wconf 72' lang='lat'>236</span> <span class='ocrx_word' id='word_1_221' title='bbox 672 2853 749 2907; x_wconf 65' lang='lat' dir='ltr'>sqqs,</span> <span class='ocrx_word' id='word_1_222' title='bbox 768 2835 796 2888; x_wconf 89' lang='lat' dir='ltr'>in</span> <span class='ocrx_word' id='word_1_223' title='bbox 811 2833 962 2886; x_wconf 82' lang='lat' dir='ltr'>Declamat.</span> <span class='ocrx_word' id='word_1_224' title='bbox 983 2833 1018 2885; x_wconf 84' lang='lat' dir='ltr'>T.</span> <span class='ocrx_word' id='word_1_225' title='bbox 1026 2828 1047 2884; x_wconf 93' lang='lat' dir='ltr'>l.</span> <span class='ocrx_word' id='word_1_226' title='bbox 1067 2848 1092 2900; x_wconf 91' lang='lat' dir='ltr'>p.</span> <span class='ocrx_word' id='word_1_227' title='bbox 1100 2827 1178 2896; x_wconf 60' lang='lat'>291,</span> <span class='ocrx_word' id='word_1_228' title='bbox 1196 2825 1224 2880; x_wconf 88' lang='lat' dir='ltr'>in</span> 
     </span>
     <span class='ocr_line' id='line_1_25' title="bbox 330 2869 1120 2984; baseline -0.025 -12"><span class='ocrx_word' id='word_1_229' title='bbox 330 2869 379 2972; x_wconf 82' lang='lat' dir='ltr'>ped.</span> <span class='ocrx_word' id='word_1_230' title='bbox 395 2917 515 2972; x_wconf 77' lang='lat' dir='ltr'>Servest.</span> <span class='ocrx_word' id='word_1_231' title='bbox 533 2911 556 2967; x_wconf 91' lang='lat' dir='ltr'>l.</span> <span class='ocrx_word' id='word_1_232' title='bbox 574 2909 682 2984; x_wconf 80' lang='lat' dir='ltr'>p.251.,</span> <span class='ocrx_word' id='word_1_233' title='bbox 699 2905 770 2977; x_wconf 84' lang='lat' dir='ltr'>apud</span> <span class='ocrx_word' id='word_1_234' title='bbox 789 2901 918 2958; x_wconf 85' lang='lat' dir='ltr'>Richard.</span> <span class='ocrx_word' id='word_1_235' title='bbox 937 2901 969 2957; x_wconf 88' lang='grc' dir='ltr'>Τ.</span> <span class='ocrx_word' id='word_1_236' title='bbox 988 2901 1024 2956; x_wconf 90' lang='lat' dir='ltr'>ll.</span> <span class='ocrx_word' id='word_1_237' title='bbox 1042 2897 1120 2969; x_wconf 63' lang='lat' dir='ltr'>pst.</span> 
     </span>
    </p>
   </div>
   <div class='ocr_carea' id='block_1_11' title="bbox 236 3051 1225 3234">
    <p class='ocr_par' dir='ltr' id='par_1_11' title="bbox 236 3051 1225 3234">
     <span class='ocr_line' id='line_1_26' title="bbox 236 3051 1225 3234; baseline -0.029 -83"><span class='ocrx_word' id='word_1_238' title='bbox 236 3076 364 3150; x_wconf 79' lang='lat' dir='ltr'>Oratio</span> <span class='ocrx_word' id='word_1_239' title='bbox 382 3075 424 3144; x_wconf 83' lang='lat' dir='ltr'>in</span> <span class='ocrx_word' id='word_1_240' title='bbox 451 3063 605 3139; x_wconf 81' lang='lat' dir='ltr'>laudem</span> <span class='ocrx_word' id='word_1_241' title='bbox 631 3053 943 3234; x_wconf 41' lang='lat' dir='ltr'>affiffediwe&#39;</span> <span class='ocrx_word' id='word_1_242' title='bbox 972 3051 1225 3150; x_wconf 76' lang='lat' dir='ltr'>Vitenberpoe</span> 
     </span>
     <span class='ocr_line' id='line_1_27' title="bbox 689 3182 827 3232; baseline -0.029 0"><span class='ocrx_word' id='word_1_243' title='bbox 689 3183 712 3232; x_wconf 87' lang='grc' dir='ltr'><strong><em>α</em></strong></span> <span class='ocrx_word' id='word_1_244' title='bbox 737 3183 750 3230; x_wconf 80' lang='lat' dir='ltr'>s</span> <span class='ocrx_word' id='word_1_245' title='bbox 770 3182 827 3232; x_wconf 57' lang='lat' dir='ltr'>u.v</span> 
     </span>
    </p>
   </div>
   <div class='ocr_carea' id='block_1_12' title="bbox 165 3303 1230 5451">
    <p class='ocr_par' dir='ltr' id='par_1_12' title="bbox 165 3303 1226 3604">
     <span class='ocr_line' id='line_1_28' title="bbox 236 3303 1225 3404; baseline -0.022 -10"><span class='ocrx_word' id='word_1_246' title='bbox 236 3313 400 3404; x_wconf 89' lang='lat' dir='ltr'>Vereor,</span> <span class='ocrx_word' id='word_1_247' title='bbox 421 3315 514 3384; x_wconf 87' lang='lat' dir='ltr'>&#39;Viri</span> <span class='ocrx_word' id='word_1_248' title='bbox 535 3309 763 3404; x_wconf 87' lang='lat' dir='ltr'>amplissimi,</span> <span class='ocrx_word' id='word_1_249' title='bbox 795 3331 840 3376; x_wconf 92' lang='lat' dir='ltr'>ne</span> <span class='ocrx_word' id='word_1_250' title='bbox 868 3307 931 3399; x_wconf 90' lang='lat' dir='ltr'>qui</span> <span class='ocrx_word' id='word_1_251' title='bbox 958 3307 1002 3374; x_wconf 91' lang='lat' dir='ltr'>de</span> <span class='ocrx_word' id='word_1_252' title='bbox 1024 3303 1225 3374; x_wconf 81' lang='lat' dir='ltr'>Medicinae</span> 
     </span>
     <span class='ocr_line' id='line_1_29' title="bbox 235 3407 1226 3516; baseline -0.024 -19"><span class='ocrx_word' id='word_1_253' title='bbox 235 3425 408 3516; x_wconf 79' lang='lat' dir='ltr'>dignitate</span> <span class='ocrx_word' id='word_1_254' title='bbox 432 3419 523 3486; x_wconf 90' lang='lat' dir='ltr'>male</span> <span class='ocrx_word' id='word_1_255' title='bbox 543 3414 760 3494; x_wconf 83' lang='lat' dir='ltr'>existiment,</span> <span class='ocrx_word' id='word_1_256' title='bbox 785 3411 957 3480; x_wconf 70' lang='lat' dir='ltr'>cum&#39;eam</span> <span class='ocrx_word' id='word_1_257' title='bbox 974 3408 1124 3480; x_wconf 84' lang='lat' dir='ltr'>subinde</span> <span class='ocrx_word' id='word_1_258' title='bbox 1146 3407 1226 3474; x_wconf 88' lang='lat' dir='ltr'>lau-</span> 
     </span>
     <span class='ocr_line' id='line_1_30' title="bbox 165 3509 1225 3604; baseline -0.025 -3"><span class='ocrx_word' id='word_1_259' title='bbox 165 3585 170 3592; x_wconf 91' lang='lat'>.</span> <span class='ocrx_word' id='word_1_260' title='bbox 235 3529 342 3600; x_wconf 89' lang='lat' dir='ltr'>dibus</span> <span class='ocrx_word' id='word_1_261' title='bbox 364 3521 502 3604; x_wconf 90' lang='lat' dir='ltr'>ornari,</span> <span class='ocrx_word' id='word_1_262' title='bbox 527 3531 562 3587; x_wconf 93' lang='lat' dir='ltr'>et</span> <span class='ocrx_word' id='word_1_263' title='bbox 582 3513 751 3586; x_wconf 88' lang='lat' dir='ltr'>encomiis</span> <span class='ocrx_word' id='word_1_264' title='bbox 773 3510 982 3587; x_wconf 79' lang='lat' dir='ltr'>celebraris</span> <span class='ocrx_word' id='word_1_265' title='bbox 998 3509 1111 3578; x_wconf 89' lang='lat' dir='ltr'>nostri</span> <span class='ocrx_word' id='word_1_266' title='bbox 1128 3509 1225 3577; x_wconf 92' lang='lat' dir='ltr'>ordi-</span> 
     </span>
    </p>

    <p class='ocr_par' dir='ltr' id='par_1_13' title="bbox 172 3610 1230 5451">
     <span class='ocr_line' id='line_1_31' title="bbox 229 3610 1226 3701; baseline -0.023 0"><span class='ocrx_word' id='word_1_267' title='bbox 229 3631 294 3701; x_wconf 87' lang='lat' dir='ltr'>nis</span> <span class='ocrx_word' id='word_1_268' title='bbox 322 3625 526 3696; x_wconf 90' lang='lat' dir='ltr'>hominibus</span> <span class='ocrx_word' id='word_1_269' title='bbox 549 3619 707 3689; x_wconf 90' lang='lat' dir='ltr'>audiant.</span> <span class='ocrx_word' id='word_1_270' title='bbox 768 3610 949 3683; x_wconf 89' lang='lat' dir='ltr'>Omnibus</span> <span class='ocrx_word' id='word_1_271' title='bbox 979 3611 1139 3680; x_wconf 90' lang='lat' dir='ltr'>enimin</span> <span class='ocrx_word' id='word_1_272' title='bbox 1166 3633 1226 3680; x_wconf 90' lang='lat' dir='ltr'>ore</span> 
     </span>
     <span class='ocr_line' id='line_1_32' title="bbox 172 3709 1227 3818; baseline -0.023 -13"><span class='ocrx_word' id='word_1_273' title='bbox 172 3719 175 3724; x_wconf 38' lang='lat'>¹</span> <span class='ocrx_word' id='word_1_274' title='bbox 203 3789 207 3796; x_wconf 78' lang='lat'><em>‚</em></span> <span class='ocrx_word' id='word_1_275' title='bbox 236 3747 306 3818; x_wconf 90' lang='lat' dir='ltr'>est,</span> <span class='ocrx_word' id='word_1_276' title='bbox 328 3731 432 3798; x_wconf 91' lang='lat' dir='ltr'>rebus</span> <span class='ocrx_word' id='word_1_277' title='bbox 445 3747 508 3817; x_wconf 91' lang='lat' dir='ltr'>per</span> <span class='ocrx_word' id='word_1_278' title='bbox 523 3746 559 3791; x_wconf 91' lang='lat' dir='ltr'>se</span> <span class='ocrx_word' id='word_1_279' title='bbox 574 3743 700 3812; x_wconf 90' lang='lat' dir='ltr'>parum</span> <span class='ocrx_word' id='word_1_280' title='bbox 717 3713 874 3786; x_wconf 90' lang='lat' dir='ltr'>honestis</span> <span class='ocrx_word' id='word_1_281' title='bbox 891 3739 930 3782; x_wconf 91' lang='lat' dir='ltr'>ac</span> <span class='ocrx_word' id='word_1_282' title='bbox 945 3709 1114 3804; x_wconf 90' lang='lat' dir='ltr'>pulchris,</span> <span class='ocrx_word' id='word_1_283' title='bbox 1141 3713 1227 3782; x_wconf 88' lang='lat' dir='ltr'>alie-</span> 
     </span>
     <span class='ocr_line' id='line_1_33' title="bbox 236 3817 1226 3912; baseline -0.022 -8"><span class='ocrx_word' id='word_1_284' title='bbox 236 3857 285 3905; x_wconf 89' lang='lat' dir='ltr'>no</span> <span class='ocrx_word' id='word_1_285' title='bbox 311 3842 459 3912; x_wconf 89' lang='lat' dir='ltr'>ornatu,</span> <span class='ocrx_word' id='word_1_286' title='bbox 493 3839 527 3895; x_wconf 90' lang='lat' dir='ltr'>et</span> <span class='ocrx_word' id='word_1_287' title='bbox 552 3820 724 3892; x_wconf 89' lang='lat' dir='ltr'>orationis</span> <span class='ocrx_word' id='word_1_288' title='bbox 747 3820 827 3887; x_wconf 83' lang='lat' dir='ltr'>fuco</span> <span class='ocrx_word' id='word_1_289' title='bbox 855 3839 944 3906; x_wconf 90' lang='lat' dir='ltr'>opus</span> <span class='ocrx_word' id='word_1_290' title='bbox 971 3838 1060 3898; x_wconf 89' lang='lat' dir='ltr'>esse,</span> <span class='ocrx_word' id='word_1_291' title='bbox 1098 3817 1226 3905; x_wconf 89' lang='lat' dir='ltr'>quibus</span> 
     </span>
     <span class='ocr_line' id='line_1_34' title="bbox 238 3911 1225 4018; baseline -0.023 -12"><span class='ocrx_word' id='word_1_292' title='bbox 238 3934 548 4010; x_wconf 84' lang='lat' dir='ltr'>commendentur,</span> <span class='ocrx_word' id='word_1_293' title='bbox 576 3923 719 4018; x_wconf 92' lang='lat' dir='ltr'>quando</span> <span class='ocrx_word' id='word_1_294' title='bbox 739 3915 833 3987; x_wconf 92' lang='lat' dir='ltr'>nihil</span> <span class='ocrx_word' id='word_1_295' title='bbox 856 3919 894 3984; x_wconf 92' lang='lat' dir='ltr'>in</span> <span class='ocrx_word' id='word_1_296' title='bbox 918 3941 954 3984; x_wconf 92' lang='lat' dir='ltr'>se</span> <span class='ocrx_word' id='word_1_297' title='bbox 976 3911 1128 3994; x_wconf 89' lang='lat' dir='ltr'>habeut,</span> <span class='ocrx_word' id='word_1_298' title='bbox 1155 3938 1225 4007; x_wconf 92' lang='lat' dir='ltr'>quo</span> 
     </span>
     <span class='ocr_line' id='line_1_35' title="bbox 237 4017 1226 4124; baseline -0.026 -16"><span class='ocrx_word' id='word_1_299' title='bbox 237 4037 307 4109; x_wconf 91' lang='lat' dir='ltr'>sibi</span> <span class='ocrx_word' id='word_1_300' title='bbox 320 4035 468 4124; x_wconf 88' lang='lat' dir='ltr'>gratiam</span> <span class='ocrx_word' id='word_1_301' title='bbox 486 4042 546 4098; x_wconf 91' lang='lat' dir='ltr'>aut</span> <span class='ocrx_word' id='word_1_302' title='bbox 562 4030 667 4096; x_wconf 89' lang='lat' dir='ltr'>decus</span> <span class='ocrx_word' id='word_1_303' title='bbox 683 4035 816 4112; x_wconf 91' lang='lat' dir='ltr'>parent.</span> <span class='ocrx_word' id='word_1_304' title='bbox 861 4017 960 4089; x_wconf 86' lang='lat' dir='ltr'>Sicut</span> <span class='ocrx_word' id='word_1_305' title='bbox 977 4017 1151 4086; x_wconf 82' lang='lat' dir='ltr'>foeminae</span> <span class='ocrx_word' id='word_1_306' title='bbox 1169 4021 1226 4084; x_wconf 89' lang='lat' dir='ltr'>in·</span> 
     </span>
     <span class='ocr_line' id='line_1_36' title="bbox 238 4114 1228 4216; baseline -0.024 -6"><span class='ocrx_word' id='word_1_307' title='bbox 238 4138 407 4210; x_wconf 90' lang='lat' dir='ltr'>honestae</span> <span class='ocrx_word' id='word_1_308' title='bbox 439 4159 478 4202; x_wconf 91' lang='lat' dir='ltr'>ac</span> <span class='ocrx_word' id='word_1_309' title='bbox 500 4131 695 4210; x_wconf 83' lang='lat' dir='ltr'>deformes,</span> <span class='ocrx_word' id='word_1_310' title='bbox 733 4125 814 4216; x_wconf 91' lang='lat' dir='ltr'>quia</span> <span class='ocrx_word' id='word_1_311' title='bbox 843 4123 939 4213; x_wconf 89' lang='lat' dir='ltr'>ipsae</span> <span class='ocrx_word' id='word_1_312' title='bbox 962 4114 1228 4210; x_wconf 88' lang='lat' dir='ltr'>pulchritudine</span> 
     </span>
     <span class='ocr_line' id='line_1_37' title="bbox 238 4223 1227 4316; baseline -0.023 -3"><span class='ocrx_word' id='word_1_313' title='bbox 238 4251 370 4316; x_wconf 80' lang='lat' dir='ltr'>tarent,</span> <span class='ocrx_word' id='word_1_314' title='bbox 398 4260 417 4305; x_wconf 94' lang='lat' dir='ltr'>a</span> <span class='ocrx_word' id='word_1_315' title='bbox 433 4255 571 4304; x_wconf 91' lang='lat' dir='ltr'>cerussa</span> <span class='ocrx_word' id='word_1_316' title='bbox 586 4233 720 4301; x_wconf 86' lang='lat' dir='ltr'>formae</span> <span class='ocrx_word' id='word_1_317' title='bbox 734 4223 975 4296; x_wconf 89' lang='lat' dir='ltr'>adiumentum</span> <span class='ocrx_word' id='word_1_318' title='bbox 993 4234 1128 4312; x_wconf 90' lang='lat' dir='ltr'>petunt,</span> <span class='ocrx_word' id='word_1_319' title='bbox 1155 4239 1227 4314; x_wconf 90' lang='lat' dir='ltr'>quo</span> 
     </span>
     <span class='ocr_line' id='line_1_38' title="bbox 239 4323 1228 4422; baseline -0.025 -8"><span class='ocrx_word' id='word_1_320' title='bbox 239 4368 275 4414; x_wconf 90' lang='lat' dir='ltr'>se</span> <span class='ocrx_word' id='word_1_321' title='bbox 302 4341 381 4411; x_wconf 92' lang='lat' dir='ltr'>aliis</span> <span class='ocrx_word' id='word_1_322' title='bbox 407 4335 599 4406; x_wconf 87' lang='lat' dir='ltr'>venditent.</span> <span class='ocrx_word' id='word_1_323' title='bbox 651 4329 717 4400; x_wconf 90' lang='lat' dir='ltr'>His</span> <span class='ocrx_word' id='word_1_324' title='bbox 741 4325 867 4422; x_wconf 88' lang='lat' dir='ltr'>(siqui</span> <span class='ocrx_word' id='word_1_325' title='bbox 886 4323 985 4412; x_wconf 91' lang='lat' dir='ltr'>suut)</span> <span class='ocrx_word' id='word_1_326' title='bbox 1007 4325 1121 4394; x_wconf 90' lang='lat' dir='ltr'>nostri</span> <span class='ocrx_word' id='word_1_327' title='bbox 1142 4345 1228 4392; x_wconf 88' lang='lat' dir='ltr'>con-</span> 
     </span>
     <span class='ocr_line' id='line_1_39' title="bbox 238 4426 1228 4516; baseline -0.024 -1"><span class='ocrx_word' id='word_1_328' title='bbox 238 4446 310 4516; x_wconf 92' lang='lat' dir='ltr'>silii</span> <span class='ocrx_word' id='word_1_329' title='bbox 329 4441 502 4511; x_wconf 91' lang='lat' dir='ltr'>rationem</span> <span class='ocrx_word' id='word_1_330' title='bbox 518 4436 733 4506; x_wconf 85' lang='lat' dir='ltr'>reddendam</span> <span class='ocrx_word' id='word_1_331' title='bbox 752 4429 855 4512; x_wconf 83' lang='lat' dir='ltr'>duxi,</span> <span class='ocrx_word' id='word_1_332' title='bbox 888 4451 934 4495; x_wconf 92' lang='lat' dir='ltr'>ne</span> <span class='ocrx_word' id='word_1_333' title='bbox 952 4449 989 4494; x_wconf 88' lang='lat' dir='ltr'>re</span> <span class='ocrx_word' id='word_1_334' title='bbox 1006 4426 1107 4494; x_wconf 91' lang='lat' dir='ltr'>aliter</span> <span class='ocrx_word' id='word_1_335' title='bbox 1124 4437 1228 4516; x_wconf 90' lang='lat' dir='ltr'>atque</span> 
     </span>
     <span class='ocr_line' id='line_1_40' title="bbox 227 4527 1227 4624; baseline -0.026 -4"><span class='ocrx_word' id='word_1_336' title='bbox 227 4561 290 4619; x_wconf 89' lang='lat' dir='ltr'>-est</span> <span class='ocrx_word' id='word_1_337' title='bbox 316 4542 512 4624; x_wconf 90' lang='lat' dir='ltr'>intellecta,</span> <span class='ocrx_word' id='word_1_338' title='bbox 546 4535 691 4607; x_wconf 85' lang='lat' dir='ltr'>etfalsa</span> <span class='ocrx_word' id='word_1_339' title='bbox 725 4530 952 4623; x_wconf 86' lang='lat' dir='ltr'>persuasione</span> <span class='ocrx_word' id='word_1_340' title='bbox 988 4527 1149 4610; x_wconf 91' lang='lat' dir='ltr'>adducti,</span> <span class='ocrx_word' id='word_1_341' title='bbox 1184 4527 1227 4594; x_wconf 93' lang='lat' dir='ltr'>de</span> 
     </span>
     <span class='ocr_line' id='line_1_41' title="bbox 239 4624 1229 4738; baseline -0.025 -18"><span class='ocrx_word' id='word_1_342' title='bbox 239 4647 427 4738; x_wconf 89' lang='lat' dir='ltr'>disciplina</span> <span class='ocrx_word' id='word_1_343' title='bbox 452 4641 629 4734; x_wconf 90' lang='lat' dir='ltr'>praeclara</span> <span class='ocrx_word' id='word_1_344' title='bbox 657 4635 779 4726; x_wconf 89' lang='lat' dir='ltr'>inique</span> <span class='ocrx_word' id='word_1_345' title='bbox 809 4633 985 4713; x_wconf 89' lang='lat' dir='ltr'>iudicent,</span> <span class='ocrx_word' id='word_1_346' title='bbox 1019 4643 1080 4698; x_wconf 89' lang='lat' dir='ltr'>aut</span> <span class='ocrx_word' id='word_1_347' title='bbox 1101 4631 1144 4697; x_wconf 92' lang='lat' dir='ltr'>de</span> <span class='ocrx_word' id='word_1_348' title='bbox 1162 4624 1229 4696; x_wconf 94' lang='lat' dir='ltr'>ho-</span> 
     </span>
     <span class='ocr_line' id='line_1_42' title="bbox 238 4731 1229 4827; baseline -0.024 -5"><span class='ocrx_word' id='word_1_349' title='bbox 238 4750 348 4821; x_wconf 91' lang='lat' dir='ltr'>nestis</span> <span class='ocrx_word' id='word_1_350' title='bbox 363 4747 462 4817; x_wconf 84' lang='lat' dir='ltr'>factis</span> <span class='ocrx_word' id='word_1_351' title='bbox 475 4740 659 4814; x_wconf 89' lang='lat' dir='ltr'>inhoneste</span> <span class='ocrx_word' id='word_1_352' title='bbox 676 4735 921 4827; x_wconf 88' lang='lat' dir='ltr'>pronuncient.</span> <span class='ocrx_word' id='word_1_353' title='bbox 948 4731 1021 4801; x_wconf 89' lang='lat' dir='ltr'>Nos</span> <span class='ocrx_word' id='word_1_354' title='bbox 1036 4755 1110 4800; x_wconf 90' lang='lat' dir='ltr'>non</span> <span class='ocrx_word' id='word_1_355' title='bbox 1127 4753 1229 4821; x_wconf 90' lang='lat' dir='ltr'>prae·</span> 
     </span>
     <span class='ocr_line' id='line_1_43' title="bbox 240 4835 1226 4924; baseline -0.022 0"><span class='ocrx_word' id='word_1_356' title='bbox 240 4855 399 4924; x_wconf 91' lang='lat' dir='ltr'>dicamus</span> <span class='ocrx_word' id='word_1_357' title='bbox 413 4849 534 4916; x_wconf 90' lang='lat' dir='ltr'>laudes</span> <span class='ocrx_word' id='word_1_358' title='bbox 551 4841 771 4921; x_wconf 89' lang='lat' dir='ltr'>Medicinae,</span> <span class='ocrx_word' id='word_1_359' title='bbox 799 4850 839 4906; x_wconf 93' lang='lat' dir='ltr'>ut</span> <span class='ocrx_word' id='word_1_360' title='bbox 855 4837 887 4904; x_wconf 89' lang='lat' dir='ltr'>ei</span> <span class='ocrx_word' id='word_1_361' title='bbox 903 4835 1049 4924; x_wconf 86' lang='lat' dir='ltr'>gratiam</span> <span class='ocrx_word' id='word_1_362' title='bbox 1066 4847 1104 4908; x_wconf 85' lang='lat' dir='ltr'>et¹</span> <span class='ocrx_word' id='word_1_363' title='bbox 1116 4855 1226 4902; x_wconf 82' lang='lat' dir='ltr'>venu-</span> 
     </span>
     <span class='ocr_line' id='line_1_44' title="bbox 240 4935 1228 5035; baseline -0.025 -8"><span class='ocrx_word' id='word_1_364' title='bbox 240 4970 363 5026; x_wconf 84' lang='lat' dir='ltr'>statem</span> <span class='ocrx_word' id='word_1_365' title='bbox 383 4949 629 5026; x_wconf 86' lang='lat' dir='ltr'>conciliemus,</span> <span class='ocrx_word' id='word_1_366' title='bbox 655 4943 796 5035; x_wconf 91' lang='lat' dir='ltr'>quando</span> <span class='ocrx_word' id='word_1_367' title='bbox 814 4953 910 5009; x_wconf 88' lang='lat' dir='ltr'>tanta</span> <span class='ocrx_word' id='word_1_368' title='bbox 927 4937 1003 5005; x_wconf 90' lang='lat' dir='ltr'>eius</span> <span class='ocrx_word' id='word_1_369' title='bbox 1024 4936 1143 5006; x_wconf 90' lang='lat' dir='ltr'>nativa</span> <span class='ocrx_word' id='word_1_370' title='bbox 1158 4935 1228 5003; x_wconf 87' lang='lat' dir='ltr'>ele-</span> 
     </span>
     <span class='ocr_line' id='line_1_45' title="bbox 240 5039 1228 5148; baseline -0.021 -21"><span class='ocrx_word' id='word_1_371' title='bbox 240 5057 358 5148; x_wconf 88' lang='lat' dir='ltr'>gantia</span> <span class='ocrx_word' id='word_1_372' title='bbox 376 5066 409 5122; x_wconf 91' lang='lat' dir='ltr'>et</span> <span class='ocrx_word' id='word_1_373' title='bbox 426 5053 588 5120; x_wconf 89' lang='lat' dir='ltr'>innatum</span> <span class='ocrx_word' id='word_1_374' title='bbox 607 5057 658 5114; x_wconf 90' lang='lat' dir='ltr'>est</span> <span class='ocrx_word' id='word_1_375' title='bbox 671 5046 794 5125; x_wconf 89' lang='lat' dir='ltr'>decus,</span> <span class='ocrx_word' id='word_1_376' title='bbox 821 5055 860 5112; x_wconf 92' lang='lat' dir='ltr'>ut</span> <span class='ocrx_word' id='word_1_377' title='bbox 875 5040 1015 5108; x_wconf 92' lang='lat' dir='ltr'>nullum</span> <span class='ocrx_word' id='word_1_378' title='bbox 1032 5062 1105 5107; x_wconf 91' lang='lat' dir='ltr'>uon</span> <span class='ocrx_word' id='word_1_379' title='bbox 1123 5039 1228 5106; x_wconf 94' lang='lat' dir='ltr'>modo</span> 
     </span>
     <span class='ocr_line' id='line_1_46' title="bbox 240 5139 1229 5244; baseline -0.02 -16"><span class='ocrx_word' id='word_1_380' title='bbox 240 5155 457 5230; x_wconf 88' lang='lat' dir='ltr'>lenocinium</span> <span class='ocrx_word' id='word_1_381' title='bbox 473 5151 640 5244; x_wconf 90' lang='lat' dir='ltr'>requirat,</span> <span class='ocrx_word' id='word_1_382' title='bbox 666 5145 845 5216; x_wconf 88' lang='lat' dir='ltr'>sedetiam</span> <span class='ocrx_word' id='word_1_383' title='bbox 861 5165 925 5210; x_wconf 93' lang='lat' dir='ltr'>nec</span> <span class='ocrx_word' id='word_1_384' title='bbox 940 5141 1012 5210; x_wconf 89' lang='lat' dir='ltr'>ulla</span> <span class='ocrx_word' id='word_1_385' title='bbox 1030 5154 1103 5210; x_wconf 88' lang='lat' dir='ltr'>acte</span> <span class='ocrx_word' id='word_1_386' title='bbox 1119 5139 1229 5228; x_wconf 90' lang='lat' dir='ltr'>magis</span> 
     </span>
     <span class='ocr_line' id='line_1_47' title="bbox 241 5238 1230 5346; baseline -0.023 -13"><span class='ocrx_word' id='word_1_387' title='bbox 241 5257 406 5332; x_wconf 84' lang='lat' dir='ltr'>exornari</span> <span class='ocrx_word' id='word_1_388' title='bbox 429 5255 556 5346; x_wconf 85' lang='lat' dir='ltr'>possit,</span> <span class='ocrx_word' id='word_1_389' title='bbox 591 5274 697 5344; x_wconf 80' lang='lat' dir='ltr'>quarm</span> <span class='ocrx_word' id='word_1_390' title='bbox 724 5247 846 5318; x_wconf 84' lang='lat' dir='ltr'>nativo</span> <span class='ocrx_word' id='word_1_391' title='bbox 875 5238 1114 5336; x_wconf 88' lang='lat' dir='ltr'>pulcherrimo</span> <span class='ocrx_word' id='word_1_392' title='bbox 1139 5241 1230 5325; x_wconf 87' lang='lat' dir='ltr'>fuco,</span> 
     </span>
     <span class='ocr_line' id='line_1_48' title="bbox 242 5344 1230 5451; baseline -0.021 -19"><span class='ocrx_word' id='word_1_393' title='bbox 242 5363 310 5448; x_wconf 31' lang='lat' dir='ltr'>sed·</span> <span class='ocrx_word' id='word_1_394' title='bbox 329 5382 400 5451; x_wconf 92' lang='lat' dir='ltr'>quo</span> <span class='ocrx_word' id='word_1_395' title='bbox 432 5352 714 5426; x_wconf 88' lang='lat' dir='ltr'>adolescentibus</span> <span class='ocrx_word' id='word_1_396' title='bbox 746 5344 862 5418; x_wconf 91' lang='lat' dir='ltr'>adhuc</span> <span class='ocrx_word' id='word_1_397' title='bbox 893 5366 1012 5416; x_wconf 90' lang='lat' dir='ltr'>rerum</span> <span class='ocrx_word' id='word_1_398' title='bbox 1045 5344 1230 5434; x_wconf 84' lang='lat' dir='ltr'>impetitis,</span> 
     </span>
    </p>
   </div>
   <div class='ocr_carea' id='block_1_13' title="bbox 241 5448 1257 5551">
    <p class='ocr_par' dir='ltr' id='par_1_14' title="bbox 241 5448 1257 5551">
     <span class='ocr_line' id='line_1_49' title="bbox 241 5448 1257 5551; baseline -0.021 -17"><span class='ocrx_word' id='word_1_399' title='bbox 241 5464 317 5534; x_wconf 88' lang='lat' dir='ltr'>eius</span> <span class='ocrx_word' id='word_1_400' title='bbox 347 5459 571 5551; x_wconf 91' lang='lat' dir='ltr'>splendorem</span> <span class='ocrx_word' id='word_1_401' title='bbox 598 5479 636 5524; x_wconf 92' lang='lat' dir='ltr'>ac</span> <span class='ocrx_word' id='word_1_402' title='bbox 663 5451 879 5524; x_wconf 86' lang='lat' dir='ltr'>maiestatem</span> <span class='ocrx_word' id='word_1_403' title='bbox 908 5448 1153 5530; x_wconf 90' lang='lat' dir='ltr'>ostendamus,</span> <span class='ocrx_word' id='word_1_404' title='bbox 1184 5468 1257 5514; x_wconf 86' lang='lat' dir='ltr'>ne¹</span> 
     </span>
    </p>
   </div>
   <div class='ocr_carea' id='block_1_14' title="bbox 1274 1578 2342 5540">
    <p class='ocr_par' dir='ltr' id='par_1_15' title="bbox 1274 1578 2342 5540">
     <span class='ocr_line' id='line_1_50' title="bbox 1274 1578 2272 1673; baseline -0.002 -25"><span class='ocrx_word' id='word_1_405' title='bbox 1274 1581 1339 1650; x_wconf 90' lang='lat' dir='ltr'>stri</span> <span class='ocrx_word' id='word_1_406' title='bbox 1374 1578 1564 1673; x_wconf 86' lang='lat' dir='ltr'>Gymnasii</span> <span class='ocrx_word' id='word_1_407' title='bbox 1602 1578 1894 1658; x_wconf 87' lang='lat' dir='ltr'>consuetudinem</span> <span class='ocrx_word' id='word_1_408' title='bbox 1935 1601 2133 1670; x_wconf 88' lang='lat' dir='ltr'>peccarem,</span> <span class='ocrx_word' id='word_1_409' title='bbox 2177 1603 2272 1669; x_wconf 89' lang='lat' dir='ltr'>quae</span> 
     </span>
     <span class='ocr_line' id='line_1_51' title="bbox 1274 1680 2342 1764; baseline -0.005 -11"><span class='ocrx_word' id='word_1_410' title='bbox 1274 1684 1364 1754; x_wconf 91' lang='lat' dir='ltr'>tanti</span> <span class='ocrx_word' id='word_1_411' title='bbox 1388 1681 1494 1749; x_wconf 88' lang='lat' dir='ltr'>bonis</span> <span class='ocrx_word' id='word_1_412' title='bbox 1514 1680 1600 1750; x_wconf 90' lang='lat' dir='ltr'>viris</span> <span class='ocrx_word' id='word_1_413' title='bbox 1621 1693 1693 1764; x_wconf 90' lang='lat' dir='ltr'>est,</span> <span class='ocrx_word' id='word_1_414' title='bbox 1718 1694 1758 1751; x_wconf 91' lang='lat' dir='ltr'>ut</span> <span class='ocrx_word' id='word_1_415' title='bbox 1781 1703 1856 1750; x_wconf 88' lang='lat' dir='ltr'>non</span> <span class='ocrx_word' id='word_1_416' title='bbox 1872 1681 2037 1750; x_wconf 91' lang='lat' dir='ltr'>dubitent</span> <span class='ocrx_word' id='word_1_417' title='bbox 2052 1680 2212 1749; x_wconf 82' lang='lat' dir='ltr'>diflicilia</span> <span class='ocrx_word' id='word_1_418' title='bbox 2236 1693 2274 1748; x_wconf 92' lang='lat' dir='ltr'>et</span> <span class='ocrx_word' id='word_1_419' title='bbox 2341 1695 2342 1698; x_wconf 75' lang='grc'>’</span> 
     </span>
     <span class='ocr_line' id='line_1_52' title="bbox 1275 1783 2342 1874; baseline -0.004 -21"><span class='ocrx_word' id='word_1_420' title='bbox 1275 1785 1405 1861; x_wconf 89' lang='lat' dir='ltr'>ardua,</span> <span class='ocrx_word' id='word_1_421' title='bbox 1432 1795 1466 1851; x_wconf 90' lang='lat' dir='ltr'>et</span> <span class='ocrx_word' id='word_1_422' title='bbox 1482 1805 1626 1874; x_wconf 90' lang='lat' dir='ltr'>prorsus</span> <span class='ocrx_word' id='word_1_423' title='bbox 1641 1806 1731 1874; x_wconf 87' lang='lat' dir='ltr'>quae</span> <span class='ocrx_word' id='word_1_424' title='bbox 1748 1805 1853 1873; x_wconf 90' lang='lat' dir='ltr'>supra</span> <span class='ocrx_word' id='word_1_425' title='bbox 1876 1804 1957 1852; x_wconf 87' lang='lat' dir='ltr'>suas</span> <span class='ocrx_word' id='word_1_426' title='bbox 1973 1783 2067 1852; x_wconf 86' lang='lat' dir='ltr'>vires</span> <span class='ocrx_word' id='word_1_427' title='bbox 2087 1795 2172 1853; x_wconf 91' lang='lat' dir='ltr'>sunt</span> <span class='ocrx_word' id='word_1_428' title='bbox 2189 1805 2273 1850; x_wconf 91' lang='lat' dir='ltr'>mo-</span> <span class='ocrx_word' id='word_1_429' title='bbox 2341 1821 2342 1868; x_wconf 72' lang='lat'>3</span> 
     </span>
     <span class='ocr_line' id='line_1_53' title="bbox 1275 1881 2342 1972; baseline -0.002 -18"><span class='ocrx_word' id='word_1_430' title='bbox 1275 1886 1355 1968; x_wconf 91' lang='lat' dir='ltr'>liri,</span> <span class='ocrx_word' id='word_1_431' title='bbox 1387 1885 1496 1952; x_wconf 93' lang='lat' dir='ltr'>modo</span> <span class='ocrx_word' id='word_1_432' title='bbox 1518 1885 1617 1954; x_wconf 90' lang='lat' dir='ltr'>illam</span> <span class='ocrx_word' id='word_1_433' title='bbox 1640 1897 1792 1955; x_wconf 84' lang='lat' dir='ltr'>servent.</span> <span class='ocrx_word' id='word_1_434' title='bbox 1851 1881 1972 1972; x_wconf 86' lang='lat' dir='ltr'>Quare</span> <span class='ocrx_word' id='word_1_435' title='bbox 1993 1887 2078 1952; x_wconf 76' lang='lat' dir='ltr'>darm</span> <span class='ocrx_word' id='word_1_436' title='bbox 2104 1884 2273 1972; x_wconf 90' lang='lat' dir='ltr'>publicae</span> <span class='ocrx_word' id='word_1_437' title='bbox 2341 1931 2342 1936; x_wconf 20' lang='grc' dir='ltr'><strong>κ</strong></span> 
     </span>
     <span class='ocr_line' id='line_1_54' title="bbox 1275 1984 2342 2077; baseline -0.004 -19"><span class='ocrx_word' id='word_1_438' title='bbox 1275 1985 1422 2058; x_wconf 89' lang='lat' dir='ltr'>utilitati</span> <span class='ocrx_word' id='word_1_439' title='bbox 1436 1984 1608 2056; x_wconf 91' lang='lat' dir='ltr'>inservire</span> <span class='ocrx_word' id='word_1_440' title='bbox 1632 2009 1760 2065; x_wconf 89' lang='lat' dir='ltr'>conor,</span> <span class='ocrx_word' id='word_1_441' title='bbox 1789 1999 1822 2056; x_wconf 90' lang='lat' dir='ltr'>et</span> <span class='ocrx_word' id='word_1_442' title='bbox 1840 1986 1897 2076; x_wconf 91' lang='lat' dir='ltr'>pie</span> <span class='ocrx_word' id='word_1_443' title='bbox 1911 1985 2074 2077; x_wconf 86' lang='lat' dir='ltr'>quidem,</span> <span class='ocrx_word' id='word_1_444' title='bbox 2099 1987 2183 2055; x_wconf 89' lang='lat' dir='ltr'>licet</span> <span class='ocrx_word' id='word_1_445' title='bbox 2206 2009 2275 2075; x_wconf 92' lang='lat' dir='ltr'>pa·</span> <span class='ocrx_word' id='word_1_446' title='bbox 2341 1999 2342 2012; x_wconf 63' lang='lat'>¹</span> 
     </span>
     <span class='ocr_line' id='line_1_55' title="bbox 1275 2085 2276 2180; baseline -0.003 -22"><span class='ocrx_word' id='word_1_447' title='bbox 1275 2105 1358 2158; x_wconf 81' lang='lat' dir='ltr'>runi</span> <span class='ocrx_word' id='word_1_448' title='bbox 1385 2085 1578 2171; x_wconf 81' lang='lat' dir='ltr'>foeliciter,</span> <span class='ocrx_word' id='word_1_449' title='bbox 1610 2111 1666 2156; x_wconf 91' lang='lat' dir='ltr'>me</span> <span class='ocrx_word' id='word_1_450' title='bbox 1694 2111 1823 2180; x_wconf 88' lang='lat' dir='ltr'>quaeso</span> <span class='ocrx_word' id='word_1_451' title='bbox 1851 2087 2006 2177; x_wconf 91' lang='lat' dir='ltr'>benigne</span> <span class='ocrx_word' id='word_1_452' title='bbox 2028 2099 2063 2156; x_wconf 91' lang='lat' dir='ltr'>et</span> <span class='ocrx_word' id='word_1_453' title='bbox 2095 2087 2276 2178; x_wconf 90' lang='lat' dir='ltr'>patienter</span> 
     </span>
     <span class='ocr_line' id='line_1_56' title="bbox 1278 2185 2342 2281; baseline -0.002 -21"><span class='ocrx_word' id='word_1_454' title='bbox 1278 2190 1409 2260; x_wconf 89' lang='lat' dir='ltr'>audite.</span> <span class='ocrx_word' id='word_1_455' title='bbox 1471 2187 1515 2258; x_wconf 92' lang='lat' dir='ltr'>ln</span> <span class='ocrx_word' id='word_1_456' title='bbox 1541 2185 1741 2278; x_wconf 86' lang='lat' dir='ltr'>disciplinis</span> <span class='ocrx_word' id='word_1_457' title='bbox 1774 2211 1864 2281; x_wconf 87' lang='lat' dir='ltr'>quae</span> <span class='ocrx_word' id='word_1_458' title='bbox 1897 2188 2151 2258; x_wconf 85' lang='lat' dir='ltr'>excellentibus</span> <span class='ocrx_word' id='word_1_459' title='bbox 2186 2189 2275 2258; x_wconf 90' lang='lat' dir='ltr'>illu·</span> <span class='ocrx_word' id='word_1_460' title='bbox 2341 2211 2342 2218; x_wconf 52' lang='lat'>¹</span> 
     </span>
     <span class='ocr_line' id='line_1_57' title="bbox 1276 2285 2276 2380; baseline -0.004 -18"><span class='ocrx_word' id='word_1_461' title='bbox 1276 2293 1404 2364; x_wconf 91' lang='lat' dir='ltr'>strium</span> <span class='ocrx_word' id='word_1_462' title='bbox 1420 2285 1608 2362; x_wconf 91' lang='lat' dir='ltr'>hominnm</span> <span class='ocrx_word' id='word_1_463' title='bbox 1627 2290 1779 2380; x_wconf 88' lang='lat' dir='ltr'>ingeniis</span> <span class='ocrx_word' id='word_1_464' title='bbox 1798 2291 1963 2360; x_wconf 90' lang='lat' dir='ltr'>inventae</span> <span class='ocrx_word' id='word_1_465' title='bbox 1981 2305 2082 2370; x_wconf 88' lang='lat' dir='ltr'>sunt,</span> <span class='ocrx_word' id='word_1_466' title='bbox 2104 2303 2138 2361; x_wconf 89' lang='lat' dir='ltr'>et</span> <span class='ocrx_word' id='word_1_467' title='bbox 2153 2291 2276 2359; x_wconf 91' lang='lat' dir='ltr'>incre-</span> 
     </span>
     <span class='ocr_line' id='line_1_58' title="bbox 1277 2392 2276 2482; baseline -0.001 -19"><span class='ocrx_word' id='word_1_468' title='bbox 1277 2394 1382 2464; x_wconf 90' lang='lat' dir='ltr'>dibili</span> <span class='ocrx_word' id='word_1_469' title='bbox 1398 2393 1558 2482; x_wconf 89' lang='lat' dir='ltr'>gravium</span> <span class='ocrx_word' id='word_1_470' title='bbox 1572 2393 1730 2460; x_wconf 89' lang='lat' dir='ltr'>virorum</span> <span class='ocrx_word' id='word_1_471' title='bbox 1746 2415 1841 2478; x_wconf 92' lang='lat' dir='ltr'>cura,</span> <span class='ocrx_word' id='word_1_472' title='bbox 1860 2405 1893 2462; x_wconf 94' lang='lat' dir='ltr'>et</span> <span class='ocrx_word' id='word_1_473' title='bbox 1906 2392 2082 2462; x_wconf 92' lang='lat' dir='ltr'>industria</span> <span class='ocrx_word' id='word_1_474' title='bbox 2098 2393 2276 2482; x_wconf 86' lang='lat' dir='ltr'>perfectae</span> 
     </span>
     <span class='ocr_line' id='line_1_59' title="bbox 1278 2494 2342 2585; baseline -0.005 -20"><span class='ocrx_word' id='word_1_475' title='bbox 1278 2509 1311 2566; x_wconf 91' lang='lat' dir='ltr'>et</span> <span class='ocrx_word' id='word_1_476' title='bbox 1327 2495 1523 2585; x_wconf 84' lang='lat' dir='ltr'>expolitae,</span> <span class='ocrx_word' id='word_1_477' title='bbox 1548 2517 1588 2562; x_wconf 86' lang='lat' dir='ltr'>ea</span> <span class='ocrx_word' id='word_1_478' title='bbox 1605 2494 1768 2584; x_wconf 91' lang='lat' dir='ltr'>princeps</span> <span class='ocrx_word' id='word_1_479' title='bbox 1785 2519 1824 2563; x_wconf 88' lang='lat' dir='ltr'>ac</span> <span class='ocrx_word' id='word_1_480' title='bbox 1840 2494 1962 2582; x_wconf 87' lang='lat' dir='ltr'>regina</span> <span class='ocrx_word' id='word_1_481' title='bbox 1986 2495 2177 2564; x_wconf 84' lang='lat' dir='ltr'>existimari</span> <span class='ocrx_word' id='word_1_482' title='bbox 2194 2495 2277 2562; x_wconf 90' lang='lat' dir='ltr'>sine</span> <span class='ocrx_word' id='word_1_483' title='bbox 2341 2495 2342 2560; x_wconf 68' lang='grc' dir='ltr'>ἔ</span> 
     </span>
     <span class='ocr_line' id='line_1_60' title="bbox 1278 2585 2342 2688; baseline -0.002 -22"><span class='ocrx_word' id='word_1_484' title='bbox 1278 2596 1518 2666; x_wconf 87' lang='lat' dir='ltr'>controversia</span> <span class='ocrx_word' id='word_1_485' title='bbox 1549 2596 1671 2678; x_wconf 91' lang='lat' dir='ltr'>debet,</span> <span class='ocrx_word' id='word_1_486' title='bbox 1692 2633 1696 2638; x_wconf 90' lang='lat'><em>·</em></span> <span class='ocrx_word' id='word_1_487' title='bbox 1714 2619 1804 2688; x_wconf 91' lang='lat' dir='ltr'>quae</span> <span class='ocrx_word' id='word_1_488' title='bbox 1836 2591 2030 2666; x_wconf 87' lang='lat' dir='ltr'>honestatis</span> <span class='ocrx_word' id='word_1_489' title='bbox 2061 2595 2275 2686; x_wconf 91' lang='lat' dir='ltr'>splendore,</span> <span class='ocrx_word' id='word_1_490' title='bbox 2341 2585 2342 2672; x_wconf 62' lang='grc' dir='ltr'>Ϊ</span> 
     </span>
     <span class='ocr_line' id='line_1_61' title="bbox 1276 2697 2342 2787; baseline -0.005 -18"><span class='ocrx_word' id='word_1_491' title='bbox 1276 2699 1441 2770; x_wconf 87' lang='lat' dir='ltr'>utilitatis</span> <span class='ocrx_word' id='word_1_492' title='bbox 1455 2697 1721 2787; x_wconf 82' lang='lat' dir='ltr'>magnitudine,</span> <span class='ocrx_word' id='word_1_493' title='bbox 1748 2697 1978 2768; x_wconf 89' lang='lat' dir='ltr'>iucunditatis</span> <span class='ocrx_word' id='word_1_494' title='bbox 1992 2697 2168 2768; x_wconf 87' lang='lat' dir='ltr'>illecebris</span> <span class='ocrx_word' id='word_1_495' title='bbox 2182 2698 2275 2766; x_wconf 80' lang='lat' dir='ltr'>reli·</span> <span class='ocrx_word' id='word_1_496' title='bbox 2341 2745 2342 2752; x_wconf 19' lang='grc' dir='ltr'><strong>κ</strong></span> 
     </span>
     <span class='ocr_line' id='line_1_62' title="bbox 1278 2794 2275 2895; baseline -0.005 -24"><span class='ocrx_word' id='word_1_497' title='bbox 1278 2825 1366 2895; x_wconf 88' lang='lat' dir='ltr'>quas</span> <span class='ocrx_word' id='word_1_498' title='bbox 1388 2823 1510 2868; x_wconf 91' lang='lat' dir='ltr'>omnes</span> <span class='ocrx_word' id='word_1_499' title='bbox 1532 2799 1662 2882; x_wconf 85' lang='lat' dir='ltr'>vincit,</span> <span class='ocrx_word' id='word_1_500' title='bbox 1687 2813 1762 2868; x_wconf 91' lang='lat' dir='ltr'>tum</span> <span class='ocrx_word' id='word_1_501' title='bbox 1784 2799 1890 2868; x_wconf 90' lang='lat' dir='ltr'>rebus</span> <span class='ocrx_word' id='word_1_502' title='bbox 1906 2794 2074 2870; x_wconf 87' lang='lat' dir='ltr'>humanis</span> <span class='ocrx_word' id='word_1_503' title='bbox 2090 2799 2128 2868; x_wconf 93' lang='lat' dir='ltr'>in</span> <span class='ocrx_word' id='word_1_504' title='bbox 2144 2800 2275 2889; x_wconf 90' lang='lat' dir='ltr'>primis</span> 
     </span>
     <span class='ocr_line' id='line_1_63' title="bbox 1277 2899 2342 2993; baseline -0.001 -22"><span class='ocrx_word' id='word_1_505' title='bbox 1277 2902 1472 2972; x_wconf 89' lang='lat' dir='ltr'>necessaria</span> <span class='ocrx_word' id='word_1_506' title='bbox 1485 2913 1553 2983; x_wconf 91' lang='lat' dir='ltr'>est,</span> <span class='ocrx_word' id='word_1_507' title='bbox 1578 2925 1683 2993; x_wconf 92' lang='lat' dir='ltr'>quam</span> <span class='ocrx_word' id='word_1_508' title='bbox 1699 2923 1772 2970; x_wconf 91' lang='lat' dir='ltr'>esse</span> <span class='ocrx_word' id='word_1_509' title='bbox 1789 2899 2021 2986; x_wconf 90' lang='lat' dir='ltr'>Medicinam,</span> <span class='ocrx_word' id='word_1_510' title='bbox 2047 2914 2086 2971; x_wconf 92' lang='lat' dir='ltr'>ut</span> <span class='ocrx_word' id='word_1_511' title='bbox 2100 2927 2193 2984; x_wconf 89' lang='lat' dir='ltr'>vere,</span> <span class='ocrx_word' id='word_1_512' title='bbox 2221 2902 2274 2970; x_wconf 92' lang='lat' dir='ltr'>ita</span> <span class='ocrx_word' id='word_1_513' title='bbox 2341 2903 2342 2914; x_wconf 75' lang='grc'>’</span> 
     </span>
     <span class='ocr_line' id='line_1_64' title="bbox 1278 2997 2277 3096; baseline -0.002 -22"><span class='ocrx_word' id='word_1_514' title='bbox 1278 3019 1312 3075; x_wconf 91' lang='lat' dir='ltr'>et</span> <span class='ocrx_word' id='word_1_515' title='bbox 1334 3005 1444 3074; x_wconf 91' lang='lat' dir='ltr'>libere</span> <span class='ocrx_word' id='word_1_516' title='bbox 1466 3002 1702 3094; x_wconf 88' lang='lat' dir='ltr'>pronunciare</span> <span class='ocrx_word' id='word_1_517' title='bbox 1722 2997 1815 3070; x_wconf 89' lang='lat' dir='ltr'>nihil</span> <span class='ocrx_word' id='word_1_518' title='bbox 1838 3025 2022 3083; x_wconf 80' lang='lat' dir='ltr'>veremur,</span> <span class='ocrx_word' id='word_1_519' title='bbox 2045 3025 2134 3096; x_wconf 89' lang='lat' dir='ltr'>quae</span> <span class='ocrx_word' id='word_1_520' title='bbox 2156 2998 2277 3072; x_wconf 92' lang='lat' dir='ltr'>hone-</span> 
     </span>
     <span class='ocr_line' id='line_1_65' title="bbox 1278 3103 2276 3194; baseline -0.001 -19"><span class='ocrx_word' id='word_1_521' title='bbox 1278 3121 1367 3176; x_wconf 91' lang='lat' dir='ltr'>stam</span> <span class='ocrx_word' id='word_1_522' title='bbox 1397 3127 1514 3175; x_wconf 90' lang='lat' dir='ltr'>rerum</span> <span class='ocrx_word' id='word_1_523' title='bbox 1544 3104 1761 3174; x_wconf 91' lang='lat' dir='ltr'>naturalium</span> <span class='ocrx_word' id='word_1_524' title='bbox 1787 3103 1989 3188; x_wconf 88' lang='lat' dir='ltr'>scientiam,</span> <span class='ocrx_word' id='word_1_525' title='bbox 2022 3119 2056 3176; x_wconf 89' lang='lat' dir='ltr'>ct</span> <span class='ocrx_word' id='word_1_526' title='bbox 2079 3106 2276 3194; x_wconf 84' lang='lat' dir='ltr'>elegantem</span> 
     </span>
     <span class='ocr_line' id='line_1_66' title="bbox 1278 3205 2342 3299; baseline -0.002 -21"><span class='ocrx_word' id='word_1_527' title='bbox 1278 3205 1455 3278; x_wconf 91' lang='lat' dir='ltr'>humanae</span> <span class='ocrx_word' id='word_1_528' title='bbox 1471 3220 1617 3278; x_wconf 89' lang='lat' dir='ltr'>naturae</span> <span class='ocrx_word' id='word_1_529' title='bbox 1630 3205 1866 3294; x_wconf 90' lang='lat' dir='ltr'>cognitionem</span> <span class='ocrx_word' id='word_1_530' title='bbox 1883 3207 2137 3297; x_wconf 91' lang='lat' dir='ltr'>complectitur,</span> <span class='ocrx_word' id='word_1_531' title='bbox 2161 3231 2277 3299; x_wconf 88' lang='lat' dir='ltr'>eaque</span> <span class='ocrx_word' id='word_1_532' title='bbox 2341 3225 2342 3234; x_wconf 58' lang='lat'>¹</span> 
     </span>
     <span class='ocr_line' id='line_1_67' title="bbox 1278 3301 2342 3401; baseline -0.004 -19"><span class='ocrx_word' id='word_1_533' title='bbox 1278 3311 1405 3391; x_wconf 87' lang='lat' dir='ltr'>tradit,</span> <span class='ocrx_word' id='word_1_534' title='bbox 1438 3308 1568 3401; x_wconf 89' lang='lat' dir='ltr'>quibus</span> <span class='ocrx_word' id='word_1_535' title='bbox 1595 3308 1651 3376; x_wconf 84' lang='lat' dir='ltr'>vel</span> <span class='ocrx_word' id='word_1_536' title='bbox 1676 3309 1808 3376; x_wconf 92' lang='lat' dir='ltr'>bonam</span> <span class='ocrx_word' id='word_1_537' title='bbox 1835 3309 2075 3380; x_wconf 88' lang='lat' dir='ltr'>valetudinem</span> <span class='ocrx_word' id='word_1_538' title='bbox 2108 3321 2277 3378; x_wconf 89' lang='lat' dir='ltr'>tueamur</span> <span class='ocrx_word' id='word_1_539' title='bbox 2339 3301 2342 3310; x_wconf 54' lang='lat'>,</span> 
     </span>
     <span class='ocr_line' id='line_1_68' title="bbox 1279 3410 2275 3499; baseline -0.002 -17"><span class='ocrx_word' id='word_1_540' title='bbox 1279 3426 1311 3482; x_wconf 90' lang='lat' dir='ltr'>et</span> <span class='ocrx_word' id='word_1_541' title='bbox 1325 3421 1575 3494; x_wconf 85' lang='lat' dir='ltr'>sustentemus,</span> <span class='ocrx_word' id='word_1_542' title='bbox 1596 3410 1653 3478; x_wconf 89' lang='lat' dir='ltr'>vel</span> <span class='ocrx_word' id='word_1_543' title='bbox 1669 3411 1798 3478; x_wconf 89' lang='lat' dir='ltr'>malam</span> <span class='ocrx_word' id='word_1_544' title='bbox 1814 3411 2031 3499; x_wconf 89' lang='lat' dir='ltr'>corrigamus</span> <span class='ocrx_word' id='word_1_545' title='bbox 2049 3435 2088 3480; x_wconf 90' lang='lat' dir='ltr'>ac</span> <span class='ocrx_word' id='word_1_546' title='bbox 2103 3414 2275 3480; x_wconf 88' lang='lat' dir='ltr'>emende-</span> 
     </span>
     <span class='ocr_line' id='line_1_69' title="bbox 1279 3508 2275 3604; baseline -0.003 -20"><span class='ocrx_word' id='word_1_547' title='bbox 1279 3537 1378 3599; x_wconf 91' lang='lat' dir='ltr'>mus,</span> <span class='ocrx_word' id='word_1_548' title='bbox 1410 3515 1456 3582; x_wconf 91' lang='lat' dir='ltr'>ad</span> <span class='ocrx_word' id='word_1_549' title='bbox 1492 3508 1595 3594; x_wconf 94' lang='lat' dir='ltr'>haec,</span> <span class='ocrx_word' id='word_1_550' title='bbox 1629 3513 1715 3604; x_wconf 90' lang='lat' dir='ltr'>quid</span> <span class='ocrx_word' id='word_1_551' title='bbox 1748 3513 1926 3583; x_wconf 92' lang='lat' dir='ltr'>commodi</span> <span class='ocrx_word' id='word_1_552' title='bbox 1960 3527 2021 3582; x_wconf 89' lang='lat' dir='ltr'>aut</span> <span class='ocrx_word' id='word_1_553' title='bbox 2053 3515 2275 3583; x_wconf 91' lang='lat' dir='ltr'>incommodi</span> 
     </span>
     <span class='ocr_line' id='line_1_70' title="bbox 1280 3610 2276 3710; baseline -0.002 -24"><span class='ocrx_word' id='word_1_554' title='bbox 1280 3639 1439 3710; x_wconf 90' lang='lat' dir='ltr'>quaeque</span> <span class='ocrx_word' id='word_1_555' title='bbox 1467 3638 1522 3684; x_wconf 89' lang='lat' dir='ltr'>res</span> <span class='ocrx_word' id='word_1_556' title='bbox 1547 3615 1652 3682; x_wconf 90' lang='lat' dir='ltr'>nobis</span> <span class='ocrx_word' id='word_1_557' title='bbox 1675 3615 1847 3682; x_wconf 81' lang='lat' dir='ltr'>adferant.</span> <span class='ocrx_word' id='word_1_558' title='bbox 1911 3610 2008 3701; x_wconf 87' lang='lat' dir='ltr'>Quid</span> <span class='ocrx_word' id='word_1_559' title='bbox 2033 3631 2149 3685; x_wconf 91' lang='lat' dir='ltr'>autem</span> <span class='ocrx_word' id='word_1_560' title='bbox 2175 3617 2276 3684; x_wconf 93' lang='lat' dir='ltr'>bono</span> 
     </span>
     <span class='ocr_line' id='line_1_71' title="bbox 1279 3710 2274 3810; baseline 0.002 -26"><span class='ocrx_word' id='word_1_561' title='bbox 1279 3719 1370 3798; x_wconf 90' lang='lat' dir='ltr'>viro,</span> <span class='ocrx_word' id='word_1_562' title='bbox 1397 3729 1431 3786; x_wconf 92' lang='lat' dir='ltr'>et</span> <span class='ocrx_word' id='word_1_563' title='bbox 1447 3715 1647 3784; x_wconf 85' lang='lat' dir='ltr'>excellentis</span> <span class='ocrx_word' id='word_1_564' title='bbox 1664 3714 1798 3803; x_wconf 90' lang='lat' dir='ltr'>ingenii</span> <span class='ocrx_word' id='word_1_565' title='bbox 1815 3710 1956 3786; x_wconf 91' lang='lat' dir='ltr'>homini</span> <span class='ocrx_word' id='word_1_566' title='bbox 1971 3711 2165 3798; x_wconf 87' lang='lat' dir='ltr'>honestius,</span> <span class='ocrx_word' id='word_1_567' title='bbox 2182 3720 2274 3810; x_wconf 92' lang='lat' dir='ltr'>quid</span> 
     </span>
     <span class='ocr_line' id='line_1_72' title="bbox 1279 3811 2276 3909; baseline 0.002 -23"><span class='ocrx_word' id='word_1_568' title='bbox 1279 3819 1426 3906; x_wconf 90' lang='lat' dir='ltr'>melius,</span> <span class='ocrx_word' id='word_1_569' title='bbox 1448 3817 1534 3908; x_wconf 91' lang='lat' dir='ltr'>quid</span> <span class='ocrx_word' id='word_1_570' title='bbox 1549 3815 1707 3906; x_wconf 89' lang='lat' dir='ltr'>dignius,</span> <span class='ocrx_word' id='word_1_571' title='bbox 1734 3841 1840 3909; x_wconf 88' lang='lat' dir='ltr'>quam</span> <span class='ocrx_word' id='word_1_572' title='bbox 1858 3818 1988 3886; x_wconf 88' lang='lat' dir='ltr'>versari</span> <span class='ocrx_word' id='word_1_573' title='bbox 2012 3811 2050 3886; x_wconf 80' lang='lat' dir='ltr'>in</span> <span class='ocrx_word' id='word_1_574' title='bbox 2074 3841 2194 3888; x_wconf 79' lang='lat' dir='ltr'>carram</span> <span class='ocrx_word' id='word_1_575' title='bbox 2215 3844 2276 3888; x_wconf 90' lang='lat' dir='ltr'>re-</span> 
     </span>
     <span class='ocr_line' id='line_1_73' title="bbox 1279 3919 2274 4011; baseline 0.001 -21"><span class='ocrx_word' id='word_1_576' title='bbox 1279 3943 1359 3991; x_wconf 83' lang='lat' dir='ltr'>rum</span> <span class='ocrx_word' id='word_1_577' title='bbox 1379 3919 1611 4010; x_wconf 90' lang='lat' dir='ltr'>inquisitione</span> <span class='ocrx_word' id='word_1_578' title='bbox 1633 3931 1667 3988; x_wconf 88' lang='lat' dir='ltr'>et</span> <span class='ocrx_word' id='word_1_579' title='bbox 1686 3919 1930 4006; x_wconf 90' lang='lat' dir='ltr'>indagatione,</span> <span class='ocrx_word' id='word_1_580' title='bbox 1958 3945 2108 4011; x_wconf 88' lang='lat' dir='ltr'>quarum</span> <span class='ocrx_word' id='word_1_581' title='bbox 2125 3921 2274 3990; x_wconf 88' lang='lat' dir='ltr'>seientia</span> 
     </span>
     <span class='ocr_line' id='line_1_74' title="bbox 1280 4017 2277 4112; baseline -0.006 -18"><span class='ocrx_word' id='word_1_582' title='bbox 1280 4036 1316 4094; x_wconf 90' lang='lat' dir='ltr'>et</span> <span class='ocrx_word' id='word_1_583' title='bbox 1334 4021 1552 4112; x_wconf 91' lang='lat' dir='ltr'>splendoris,</span> <span class='ocrx_word' id='word_1_584' title='bbox 1579 4035 1612 4090; x_wconf 92' lang='lat' dir='ltr'>et</span> <span class='ocrx_word' id='word_1_585' title='bbox 1632 4021 1912 4106; x_wconf 88' lang='lat' dir='ltr'>magnificentiae</span> <span class='ocrx_word' id='word_1_586' title='bbox 1932 4021 2126 4112; x_wconf 90' lang='lat' dir='ltr'>plurimum</span> <span class='ocrx_word' id='word_1_587' title='bbox 2142 4017 2277 4094; x_wconf 84' lang='lat' dir='ltr'>habet?</span> 
     </span>
     <span class='ocr_line' id='line_1_75' title="bbox 1279 4109 2277 4217; baseline -0.001 -23"><span class='ocrx_word' id='word_1_588' title='bbox 1279 4148 1384 4194; x_wconf 89' lang='lat' dir='ltr'>usum</span> <span class='ocrx_word' id='word_1_589' title='bbox 1398 4145 1481 4192; x_wconf 90' lang='lat' dir='ltr'>vero</span> <span class='ocrx_word' id='word_1_590' title='bbox 1499 4121 1538 4191; x_wconf 82' lang='lat' dir='ltr'>ae</span> <span class='ocrx_word' id='word_1_591' title='bbox 1553 4109 1951 4207; x_wconf 55' lang='lat' dir='ltr'>fructnm&#39;immensum,</span> <span class='ocrx_word' id='word_1_592' title='bbox 1971 4123 2190 4217; x_wconf 84' lang='lat' dir='ltr'>maximeque</span> <span class='ocrx_word' id='word_1_593' title='bbox 2207 4149 2277 4193; x_wconf 88' lang='lat' dir='ltr'>na·-</span> 
     </span>
     <span class='ocr_line' id='line_1_76' title="bbox 1280 4223 2277 4318; baseline -0.002 -22"><span class='ocrx_word' id='word_1_594' title='bbox 1280 4239 1397 4296; x_wconf 92' lang='lat' dir='ltr'>turam</span> <span class='ocrx_word' id='word_1_595' title='bbox 1412 4248 1530 4294; x_wconf 89' lang='lat' dir='ltr'>rerum</span> <span class='ocrx_word' id='word_1_596' title='bbox 1548 4224 1709 4292; x_wconf 92' lang='lat' dir='ltr'>omnium</span> <span class='ocrx_word' id='word_1_597' title='bbox 1725 4238 1904 4314; x_wconf 90' lang='lat' dir='ltr'>parentem</span> <span class='ocrx_word' id='word_1_598' title='bbox 1923 4225 2093 4314; x_wconf 85' lang='lat' dir='ltr'>attingit?</span> <span class='ocrx_word' id='word_1_599' title='bbox 2127 4223 2277 4318; x_wconf 90' lang='lat' dir='ltr'>lamque</span> 
     </span>
     <span class='ocr_line' id='line_1_77' title="bbox 1280 4321 2279 4418; baseline 0 -20"><span class='ocrx_word' id='word_1_600' title='bbox 1280 4328 1440 4398; x_wconf 90' lang='lat' dir='ltr'>animum</span> <span class='ocrx_word' id='word_1_601' title='bbox 1464 4325 1624 4396; x_wconf 87' lang='lat' dir='ltr'>attollere</span> <span class='ocrx_word' id='word_1_602' title='bbox 1647 4321 1776 4409; x_wconf 91' lang='lat' dir='ltr'>humo,</span> <span class='ocrx_word' id='word_1_603' title='bbox 1812 4339 1846 4396; x_wconf 88' lang='lat' dir='ltr'>et</span> <span class='ocrx_word' id='word_1_604' title='bbox 1871 4327 2038 4396; x_wconf 89' lang='lat' dir='ltr'>sublimia</span> <span class='ocrx_word' id='word_1_605' title='bbox 2062 4341 2200 4418; x_wconf 87' lang='lat' dir='ltr'>petere,</span> <span class='ocrx_word' id='word_1_606' title='bbox 2234 4343 2279 4398; x_wconf 91' lang='lat' dir='ltr'>ut</span> 
     </span>
     <span class='ocr_line' id='line_1_78' title="bbox 1281 4426 2278 4520; baseline 0 -22"><span class='ocrx_word' id='word_1_607' title='bbox 1281 4429 1371 4499; x_wconf 90' lang='lat' dir='ltr'>aeris</span> <span class='ocrx_word' id='word_1_608' title='bbox 1392 4441 1554 4498; x_wconf 89' lang='lat' dir='ltr'>naturam</span> <span class='ocrx_word' id='word_1_609' title='bbox 1580 4439 1614 4496; x_wconf 92' lang='lat' dir='ltr'>et</span> <span class='ocrx_word' id='word_1_610' title='bbox 1628 4426 1717 4496; x_wconf 88' lang='lat' dir='ltr'>coeli</span> <span class='ocrx_word' id='word_1_611' title='bbox 1743 4429 1816 4496; x_wconf 90' lang='lat' dir='ltr'>vim</span> <span class='ocrx_word' id='word_1_612' title='bbox 1838 4427 2005 4520; x_wconf 88' lang='lat' dir='ltr'>inspicias</span> <span class='ocrx_word' id='word_1_613' title='bbox 2032 4443 2066 4498; x_wconf 92' lang='lat' dir='ltr'>et</span> <span class='ocrx_word' id='word_1_614' title='bbox 2091 4431 2278 4520; x_wconf 81' lang='lat' dir='ltr'>vigilanti-</span> 
     </span>
     <span class='ocr_line' id='line_1_79' title="bbox 1279 4528 2342 4623; baseline 0 -21"><span class='ocrx_word' id='word_1_615' title='bbox 1279 4533 1348 4602; x_wconf 90' lang='lat' dir='ltr'>bus</span> <span class='ocrx_word' id='word_1_616' title='bbox 1367 4529 1479 4600; x_wconf 89' lang='lat' dir='ltr'>oculis</span> <span class='ocrx_word' id='word_1_617' title='bbox 1501 4529 1540 4598; x_wconf 93' lang='lat' dir='ltr'>in</span> <span class='ocrx_word' id='word_1_618' title='bbox 1562 4528 1606 4596; x_wconf 91' lang='lat' dir='ltr'>iis</span> <span class='ocrx_word' id='word_1_619' title='bbox 1626 4531 1810 4613; x_wconf 85' lang='lat' dir='ltr'>observes,</span> <span class='ocrx_word' id='word_1_620' title='bbox 1842 4555 1933 4623; x_wconf 91' lang='lat' dir='ltr'>quae</span> <span class='ocrx_word' id='word_1_621' title='bbox 1956 4555 2038 4599; x_wconf 87' lang='lat' dir='ltr'>cura</span> <span class='ocrx_word' id='word_1_622' title='bbox 2061 4545 2095 4604; x_wconf 90' lang='lat' dir='ltr'>et</span> <span class='ocrx_word' id='word_1_623' title='bbox 2117 4532 2277 4602; x_wconf 88' lang='lat' dir='ltr'>admira·</span> <span class='ocrx_word' id='word_1_624' title='bbox 2341 4609 2342 4618; x_wconf 8' lang='grc' dir='ltr'>χ</span> 
     </span>
     <span class='ocr_line' id='line_1_80' title="bbox 1281 4633 2278 4724; baseline -0.002 -20"><span class='ocrx_word' id='word_1_625' title='bbox 1281 4635 1378 4704; x_wconf 89' lang='lat' dir='ltr'>tione</span> <span class='ocrx_word' id='word_1_626' title='bbox 1396 4633 1502 4721; x_wconf 90' lang='lat' dir='ltr'>digna</span> <span class='ocrx_word' id='word_1_627' title='bbox 1515 4643 1609 4710; x_wconf 90' lang='lat' dir='ltr'>sunt,</span> <span class='ocrx_word' id='word_1_628' title='bbox 1630 4655 1788 4724; x_wconf 89' lang='lat' dir='ltr'>quaeque</span> <span class='ocrx_word' id='word_1_629' title='bbox 1802 4633 1980 4702; x_wconf 92' lang='lat' dir='ltr'>commodi</span> <span class='ocrx_word' id='word_1_630' title='bbox 1995 4647 2055 4703; x_wconf 92' lang='lat' dir='ltr'>aut</span> <span class='ocrx_word' id='word_1_631' title='bbox 2071 4634 2278 4703; x_wconf 89' lang='lat' dir='ltr'>detrimenti</span> 
     </span>
     <span class='ocr_line' id='line_1_81' title="bbox 1280 4729 2275 4828; baseline -0.001 -22"><span class='ocrx_word' id='word_1_632' title='bbox 1280 4734 1414 4828; x_wconf 92' lang='lat' dir='ltr'>aliquid</span> <span class='ocrx_word' id='word_1_633' title='bbox 1432 4729 1620 4804; x_wconf 90' lang='lat' dir='ltr'>hominum</span> <span class='ocrx_word' id='word_1_634' title='bbox 1640 4747 1786 4802; x_wconf 88' lang='lat' dir='ltr'>naturae</span> <span class='ocrx_word' id='word_1_635' title='bbox 1800 4737 2027 4825; x_wconf 90' lang='lat' dir='ltr'>portendant,</span> <span class='ocrx_word' id='word_1_636' title='bbox 2052 4749 2092 4804; x_wconf 92' lang='lat' dir='ltr'>ut</span> <span class='ocrx_word' id='word_1_637' title='bbox 2107 4737 2220 4826; x_wconf 87' lang='lat' dir='ltr'>possis</span> <span class='ocrx_word' id='word_1_638' title='bbox 2238 4751 2275 4806; x_wconf 90' lang='lat' dir='ltr'>et</span> 
     </span>
     <span class='ocr_line' id='line_1_82' title="bbox 1281 4835 2273 4927; baseline -0.001 -20"><span class='ocrx_word' id='word_1_639' title='bbox 1281 4836 1547 4908; x_wconf 88' lang='lat' dir='ltr'>commoditates</span> <span class='ocrx_word' id='word_1_640' title='bbox 1575 4858 1616 4903; x_wconf 86' lang='lat' dir='ltr'>ex</span> <span class='ocrx_word' id='word_1_641' title='bbox 1648 4835 1815 4904; x_wconf 90' lang='lat' dir='ltr'>omnibus</span> <span class='ocrx_word' id='word_1_642' title='bbox 1844 4837 2047 4927; x_wconf 88' lang='lat' dir='ltr'>decerpere,</span> <span class='ocrx_word' id='word_1_643' title='bbox 2082 4851 2116 4906; x_wconf 91' lang='lat' dir='ltr'>et</span> <span class='ocrx_word' id='word_1_644' title='bbox 2140 4839 2273 4906; x_wconf 89' lang='lat' dir='ltr'>damna</span> 
     </span>
     <span class='ocr_line' id='line_1_83' title="bbox 1281 4932 2278 5028; baseline -0.001 -20"><span class='ocrx_word' id='word_1_645' title='bbox 1281 4961 1413 5020; x_wconf 85' lang='lat' dir='ltr'>cavere.</span> <span class='ocrx_word' id='word_1_646' title='bbox 1466 4933 1542 5005; x_wconf 91' lang='lat' dir='ltr'>lam</span> <span class='ocrx_word' id='word_1_647' title='bbox 1565 4961 1649 5004; x_wconf 86' lang='lat' dir='ltr'>vero</span> <span class='ocrx_word' id='word_1_648' title='bbox 1679 4935 1829 5005; x_wconf 82' lang='lat' dir='ltr'>infinitis</span> <span class='ocrx_word' id='word_1_649' title='bbox 1860 4932 2051 5008; x_wconf 89' lang='lat' dir='ltr'>herbarum</span> <span class='ocrx_word' id='word_1_650' title='bbox 2085 4939 2278 5028; x_wconf 86' lang='lat' dir='ltr'>generibus</span> 
     </span>
     <span class='ocr_line' id='line_1_84' title="bbox 1282 5038 2279 5132; baseline 0.001 -22"><span class='ocrx_word' id='word_1_651' title='bbox 1282 5038 1565 5130; x_wconf 89' lang='lat' dir='ltr'>contemplandis</span> <span class='ocrx_word' id='word_1_652' title='bbox 1585 5052 1619 5108; x_wconf 89' lang='lat' dir='ltr'>te</span> <span class='ocrx_word' id='word_1_653' title='bbox 1642 5038 1790 5121; x_wconf 85' lang='lat' dir='ltr'>dedere,</span> <span class='ocrx_word' id='word_1_654' title='bbox 1821 5039 1943 5132; x_wconf 88' lang='lat' dir='ltr'>ibique</span> <span class='ocrx_word' id='word_1_655' title='bbox 1969 5042 2032 5110; x_wconf 93' lang='lat' dir='ltr'>diu</span> <span class='ocrx_word' id='word_1_656' title='bbox 2055 5039 2205 5126; x_wconf 88' lang='lat' dir='ltr'>morari,</span> <span class='ocrx_word' id='word_1_657' title='bbox 2241 5055 2279 5112; x_wconf 88' lang='lat' dir='ltr'>et</span> 
     </span>
     <span class='ocr_line' id='line_1_85' title="bbox 1282 5140 2280 5234; baseline -0.003 -22"><span class='ocrx_word' id='word_1_658' title='bbox 1282 5140 1432 5234; x_wconf 92' lang='lat' dir='ltr'>propius</span> <span class='ocrx_word' id='word_1_659' title='bbox 1455 5161 1664 5230; x_wconf 89' lang='lat' dir='ltr'>cognoscere</span> <span class='ocrx_word' id='word_1_660' title='bbox 1687 5140 1913 5212; x_wconf 92' lang='lat' dir='ltr'>admirabiles</span> <span class='ocrx_word' id='word_1_661' title='bbox 1933 5141 2013 5210; x_wconf 90' lang='lat' dir='ltr'>illas</span> <span class='ocrx_word' id='word_1_662' title='bbox 2039 5153 2072 5210; x_wconf 91' lang='lat' dir='ltr'>et</span> <span class='ocrx_word' id='word_1_663' title='bbox 2091 5142 2196 5232; x_wconf 89' lang='lat' dir='ltr'>plane</span> <span class='ocrx_word' id='word_1_664' title='bbox 2219 5143 2280 5209; x_wconf 91' lang='lat' dir='ltr'>di-</span> 
     </span>
     <span class='ocr_line' id='line_1_86' title="bbox 1282 5241 2280 5336; baseline 0 -24"><span class='ocrx_word' id='word_1_665' title='bbox 1282 5246 1383 5312; x_wconf 89' lang='lat' dir='ltr'>vinas</span> <span class='ocrx_word' id='word_1_666' title='bbox 1398 5267 1518 5312; x_wconf 91' lang='lat' dir='ltr'>earum</span> <span class='ocrx_word' id='word_1_667' title='bbox 1535 5241 1683 5312; x_wconf 85' lang='lat' dir='ltr'>virtutes</span> <span class='ocrx_word' id='word_1_668' title='bbox 1697 5255 1800 5336; x_wconf 89' lang='lat' dir='ltr'>atque</span> <span class='ocrx_word' id='word_1_669' title='bbox 1817 5267 1917 5335; x_wconf 88' lang='lat' dir='ltr'>opes,</span> <span class='ocrx_word' id='word_1_670' title='bbox 1942 5269 2032 5336; x_wconf 93' lang='lat' dir='ltr'>quae</span> <span class='ocrx_word' id='word_1_671' title='bbox 2052 5258 2123 5313; x_wconf 92' lang='lat' dir='ltr'>tam</span> <span class='ocrx_word' id='word_1_672' title='bbox 2145 5243 2280 5324; x_wconf 87' lang='lat' dir='ltr'>variae,</span> 
     </span>
     <span class='ocr_line' id='line_1_87' title="bbox 1283 5345 2279 5437; baseline -0.003 -22"><span class='ocrx_word' id='word_1_673' title='bbox 1283 5359 1356 5415; x_wconf 80' lang='lat' dir='ltr'>tam·</span> <span class='ocrx_word' id='word_1_674' title='bbox 1376 5356 1592 5437; x_wconf 87' lang='lat' dir='ltr'>praestantes</span> <span class='ocrx_word' id='word_1_675' title='bbox 1617 5358 1760 5436; x_wconf 86' lang='lat' dir='ltr'>tamque</span> <span class='ocrx_word' id='word_1_676' title='bbox 1781 5345 2009 5416; x_wconf 88' lang='lat' dir='ltr'>incredibiles</span> <span class='ocrx_word' id='word_1_677' title='bbox 2031 5358 2128 5428; x_wconf 89' lang='lat' dir='ltr'>sunt,</span> <span class='ocrx_word' id='word_1_678' title='bbox 2154 5359 2195 5416; x_wconf 92' lang='lat' dir='ltr'>ut</span> <span class='ocrx_word' id='word_1_679' title='bbox 2217 5347 2279 5414; x_wconf 87' lang='lat' dir='ltr'>ni·</span> 
     </span>
     <span class='ocr_line' id='line_1_88' title="bbox 1284 5443 2281 5540; baseline 0.002 -24"><span class='ocrx_word' id='word_1_680' title='bbox 1284 5444 1337 5516; x_wconf 92' lang='lat' dir='ltr'>hil</span> <span class='ocrx_word' id='word_1_681' title='bbox 1353 5449 1507 5539; x_wconf 83' lang='lat' dir='ltr'>prolecto</span> <span class='ocrx_word' id='word_1_682' title='bbox 1527 5446 1565 5516; x_wconf 86' lang='lat' dir='ltr'>in</span> <span class='ocrx_word' id='word_1_683' title='bbox 1590 5443 1666 5538; x_wconf 88' lang='lat' dir='ltr'>ipsa</span> <span class='ocrx_word' id='word_1_684' title='bbox 1682 5459 1808 5518; x_wconf 92' lang='lat' dir='ltr'>natura</span> <span class='ocrx_word' id='word_1_685' title='bbox 1825 5448 1888 5534; x_wconf 91' lang='lat' dir='ltr'>sit,</span> <span class='ocrx_word' id='word_1_686' title='bbox 1913 5461 1973 5517; x_wconf 93' lang='lat' dir='ltr'>aut</span> <span class='ocrx_word' id='word_1_687' title='bbox 1994 5447 2154 5537; x_wconf 88' lang='lat' dir='ltr'>dignius,</span> <span class='ocrx_word' id='word_1_688' title='bbox 2180 5450 2281 5540; x_wconf 90' lang='lat' dir='ltr'>quod</span> 
     </span>
    </p>
   </div>
   <div class='ocr_carea' id='block_1_15' title="bbox 0 0 2361 5826">
    <p class='ocr_par' dir='ltr' id='par_1_16' title="bbox 0 0 2361 5826">
     <span class='ocr_line' id='line_1_89' title="bbox 0 0 2361 5826; baseline 0 0"><span class='ocrx_word' id='word_1_689' title='bbox 0 0 2361 5826; x_wconf 95' lang='lat' dir='ltr'> </span> 
     </span>
    </p>
   </div>
  </div>
 </body>
</html>
