4688 5826
69 275 135 360 aaa
230 252 236 260 ’
322 375 340 386 ·
523 261 1653 400 ‚,.uscu.=nsseuenervffittttnrlsr..a
1792 286 1795 295 ·
2014 275 2103 362 ero,
2194 377 2198 384 ³

69 449 181 542 gallum
203 441 453 534 gallinaceum:
485 437 575 512 alius
599 439 690 512 sedit
706 439 745 509 in
762 463 873 512 vacuo
892 436 1045 526 tlteatro,
1099 461 1204 532 quam
1220 438 1482 531 simplicissimo
1497 465 1536 510 ae
1553 441 2097 538 ptadtsstmspauttciamosre=

69 549 228 624 somnians
242 567 278 614 se
292 545 413 614 videre
429 542 638 635 spectacula.
690 539 758 612 His
772 543 969 634 persimiles
990 543 1045 614 vi-
1097 542 1246 614 ritate'm.
1271 577 1287 594 -ν
1313 539 1409 612 Haec
1445 543 1538 612 enim
1572 559 1608 616 et
1632 545 1707 616 Deo
1741 573 1808 618 nos
1834 552 2018 636 conciliat,
2058 567 2097 627 st

68 658 180 725 dentur
194 646 340 740 plurimi
357 641 575 730 hebetiores,
599 644 662 736 qui
678 645 750 716 levi
766 645 883 740 alique
898 645 1045 716 cavilla·
1097 643 1248 712 maxime
1274 644 1441 712 convenit
1467 657 1631 731 naturae,
1665 659 1699 717 et
1721 648 1869 722 salutem
1895 655 1998 726 alten
2020 652 2094 734 Rp..

69 757 149 828 tione
163 747 318 842 decepti,
345 760 464 817 amant
481 739 651 816 absurdas
668 747 874 838 opiniones,
897 763 930 820 et
947 747 1043 842 quod
1097 745 1249 836 buspub.
1264 759 1296 814 et
1314 741 1493 816 Ecclesiis.
1547 747 1620 818 Nec
1635 750 1707 819 ulla
1724 753 1962 830 existimemus
1978 732 2095 828 docta*

68 853 382 934 estmiserandmn,
412 845 469 918 his
495 849 544 919 ita
563 849 750 919 blanditur
773 871 890 936 error,
917 864 957 920 ut
973 849 1042 919 sibi
1097 846 1175 917 Deo
1205 847 1358 935 gratiora
1385 871 1478 932 esse,
1512 845 1604 920 nibil
1627 849 1781 942 Reip'ub.
1810 857 1950 937 utilius,
1985 879 2095 950 quara

68 959 285 1052 applaudant,
310 951 874 1025 sebeatosducantillainsania.'
912 947 1042 1021 Excm-
1096 943 1164 1016 boc
1196 949 1353 1022 studium
1389 951 1616 1039 explicandae
1651 955 1818 1024 veritatis.
1881 955 2092 1040 Rectissime

66 1065 110 1154 pla
122 1057 257 1130 suntin
274 1048 404 1126 scholis
420 1068 454 1124 et
470 1052 508 1120 in
525 1048 693 1122 Ecclesiis
711 1053 875 1143 plurima.
929 1051 1042 1124 Stoici
1095 1051 1190 1120 enim
1204 1052 1338 1120 dictum
1356 1065 1407 1122 est
1423 1053 1512 1122 illud
1529 1055 1566 1122 in
1582 1055 1903 1142 legibusl‘latouis:
1932 1054 2093 1153 ἀλήθεια

66 1175 188 1258 propter
213 1159 308 1228 leves
334 1155 575 1226 cavillationes
599 1155 837 1224 discesserunt
858 1180 877 1226 a
902 1169 1041 1235 natura,
1094 1144 1249 1224 πάντων
1273 1145 1345 1244 μὲν
1371 1149 1536 1250 ἀγαθῶν
1555 1155 1660 1236 θεοῖς
1680 1153 1842 1255 ἡγεῖται,
1877 1157 2091 1238 aderanda*

65 1281 197 1336 etsuam
222 1257 323 1328 illam
352 1251 541 1330 ἀπάθειαν
566 1255 716 1326 ridicule
749 1257 818 1329 sibi
852 1257 1042 1330 linxerunt.
1094 1246 1323 1348 ἀνθρώποις.
1385 1254 1524 1326 Veritas
1545 1260 1706 1328 omnium
1727 1260 2091 1340 bonorumcausaest

64 1365 201 1456 Longius
224 1361 332 1432 etiam
368 1373 542 1429 enatura
573 1359 721 1428 discedit
743 1353 938 1449 Epicurus,
980 1360 1040 1452 qui
1094 1357 1163 1424 diis
1186 1351 1457 1426 ethominibus.
1513 1356 1630 1446 Quam
1656 1363 1778 1431 crebro
1797 1365 1968 1457 praecipit
1983 1363 2091 1438 Chri-

64 1475 187 1561 pmrsus
202 1463 331 1534 evertit
345 1457 522 1556 Physica„
540 1460 634 1530 tollit
657 1459 845 1530 efficientes
871 1469 904 1530 et
921 1461 1042 1530 finales
1093 1469 1166 1526 stus
1189 1459 1233 1526 de
1258 1459 1406 1528 colenda
1427 1473 1461 1530 et
1483 1463 1613 1532 tuenda
1630 1463 1803 1536 veritate?
1845 1478 1951 1559 qoam
1972 1483 2091 1550 sancta

66 1591 183 1652 causas,
210 1564 408 1660 etquidem
426 1566 469 1632 de
485 1557 541 1630 his
557 1561 713 1632 inventis
728 1562 872 1656 utrique
886 1561 953 1632 sibi
972 1563 1041 1630 mi·
1093 1563 1316 1630 commendat
1331 1561 1435 1630 nobis
1454 1561 1530 1632 eius
1545 1564 1730 1634 studium?
1767 1591 1872 1660 quam
1900 1563 2091 1644 horribiles

64 1671 183 1742 rnnrin
206 1669 357 1737 modum
378 1665 531 1758 placent.
593 1661 689 1751 Quid
721 1687 818 1732 nunc
841 1659 1041 1754 Anabapti-
1094 1685 1224 1750 poenas
1245 1662 1350 1732 etiam
1378 1665 1553 1754 proponit
1569 1660 1624 1734 bis
1650 1668 1710 1759 qui
1730 1670 1913 1740 veritatem
1929 1672 2091 1745 violent?

65 1787 138 1856 stae,
162 1793 268 1864 quarn
287 1780 370 1840 sunt
391 1767 496 1856 plane
513 1760 769 1860 τετυφωμένοι
789 1790 830 1834 ac
848 1767 1040 1837 dementati
1093 1761 1208 1834 Porro
1219 1764 1282 1856 qui
1304 1778 1425 1834 amant
1440 1761 1664 1857 Sophisticen
1688 1770 1773 1840 etin
1792 1773 1936 1843 caeteris
1952 1775 2088 1848 artibus

65 1870 274 1966 sophistica?
326 1867 395 1956 Sed
414 1863 480 1939 bos
498 1861 697 1936 hebetiores
713 1867 852 1940 omitto.
1095 1865 1217 1934 ludere
1240 1881 1519 1952 consueverunt,
1551 1870 1594 1936 ad
1619 1872 1769 1940 eundem
1790 1876 1937 1944 modum
1958 1877 2090 1952 ludunt

146 1973 219 2046 Atii
242 1972 390 2065 qnidam
409 1969 594 2040 abundant
615 1969 787 2056 ingeniis,
820 1969 881 2062 qui
903 1968 941 2036 in
965 1980 1040 2038 stu-
1094 1967 1132 2036 in
1149 1968 1309 2038 doctrina
1325 1969 1477 2040 coelesti.
1539 1968 1609 2038 lam
1628 1967 1686 2041 bic
1711 1975 1868 2044 remedia
1887 1981 2088 2070 quaerenda

17 2141 18 2148 ,
64 2081 119 2148 dlis
132 2078 200 2147 suis
216 2098 295 2144 non
313 2083 520 2165 proponunt
537 2066 720 2140 sibi-hone
740 2071 865 2155 linem,
890 2083 930 2140 ut
947 2069 1041 2140 veri·
1092 2083 1209 2153 erant,
1234 2071 1362 2162 quibus
1376 2071 1687 2162 praemunirentur
1702 2076 1810 2144 animi
1823 2076 2089 2174 coutraSophi-

63 2195 150 2252 tatem
172 2185 304 2248 eruant
324 2199 363 2246 ac
390 2172 623 2268 patefaciant,
656 2174 714 2242 sed
738 2185 779 2242 ut
809 2174 852 2240 de
874 2173 1042 2242 omnibus
1092 2169 1213 2244 stictn.
1265 2169 1333 2242 Sed
1347 2175 2087 2276 me‘vetusversiculosperterrefacit,·qui

63 2284 148 2352 rebus
163 2275 554 2373 prodigiosavarietate
567 2274 761 2365 disputent.
800 2270 1040 2366 Et'hdsprae-
1093 2284 1198 2362 negat
1213 2273 1411 2354 remedium
1426 2297 1499 2344 esse
1515 2289 1638 2346 contra
1654 2274 1901 2372 Sycophantae
1916 2305 2086 2356 morsum.

64 2385 161 2475 stigias
175 2387 355 2453 summani
374 2375 506 2468 ingenii
521 2377 663 2446 laudem
679 2399 753 2446 csse
766 2377 912 2450 ducunt.
966 2375 1040 2446 Ta·
1091 2372 1138 2446 Et
1156 2377 1205 2444 ita
1222 2376 1291 2444 late
1315 2387 1491 2466 grassatur
1514 2371 1599 2448 haec
1622 2380 1748 2468 pestis,
1780 2405 1885 2474 quam
1903 2385 1958 2454 v'el
1975 2385 2087 2480 Syco-

63 2487 100 2556 les
122 2488 263 2556 loeurnt
289 2482 376 2552 olim
394 2477 598 2550 Academici
619 2501 681 2548 seu
701 2473 894 2573 Pyrrhonii
912 2478 1040 2570 potius,
1091 2472 1311 2568 phanticam,
1349 2479 1402 2548 vel
1427 2475 1662 2570 Sophisticam
1696 2495 1794 2572 potes
1815 2487 2011 2576 appellare,
2045 2500 2087 2560 ut

64 2589 110 2682 qui
133 2588 250 2656 omnia
278 2585 411 2676 pariter
433 2581 568 2652 incerta
594 2603 669 2650 esse
688 2583 970 2666 contendebant,
1006 2594 1041 2651 et
1092 2580 1291 2668 conlegium
1309 2580 1531 2675 virusquam
1552 2585 1847 2674 possiseliugere:
1883 2611 2086 2680 repugnan-

17 2755 18 2764 ,
62 2714 96 2758 ne
115 2687 333 2781 probabilius
357 2685 500 2781 quidem
523 2682 593 2752 alio
616 2683 734 2768 alind,
758 2681 1042 2754 acGeometrica·
1091 2684 1175 2752 dum
1193 2694 1243 2752 est
1256 2697 1457 2754 tamenarte
1471 2685 1601 2778 aliqua.
1643 2683 1804 2758 Primum
1821 2689 1947 2779 ingens
1961 2691 2085 2766 odium
2139 2754 2141 2763 .

16 2782 18 2860 ἷ
64 2792 216 2885 principia
240 2789 349 2862 etiam
371 2799 527 2857 evertere
549 2786 798 2870 conabantur,
824 2786 973 2870 scilicet,
999 2799 1040 2856 ut
1091 2779 1307 2876 sophistices
1333 2787 1604 2877 concipiendum
1620 2801 1682 2859 est.
1734 2786 1875 2866 D'einde
1890 2793 2086 2868 videndum

16 2929 17 2940 κ
63 2895 152 2978 acuti,
181 2907 221 2964 ut
252 2889 389 2982 copiosi
418 2889 634 2960 viderentur.
694 2886 801 2958 Tales
830 2901 913 2958 sunt
943 2881 1035 2980 apud
1090 2887 1127 2955 iri
1143 2881 1291 2972 scholis,
1316 2888 1355 2956 in
1371 2883 1557 2974 Ecclesiis,
1583 2891 1620 2958 in
1645 2892 1819 2978 conciliis,
1854 2895 2000 2988 quinam
2027 2896 2086 2966 in-

16 3029 17 3032 *
63 2995 226 3067 Platonem
237 2988 430 3084 Sophistae
444 2988 616 3080 Gorgias,
640 2983 946 3084 Thrasymachus,
972 3014 1039 3060 nec
1090 2988 1233 3082 quirant
1268 2993 1470 3074 veritatem,
1511 2991 1573 3083 qui
1611 2993 1739 3064 ludant
1768 2998 1924 3088 quadam
1949 2998 2085 3090 ingenii

64 3097 121 3188 ipsc
134 3121 210 3168 raro
226 3097 274 3165 ad
292 3097 443 3165 eundem
457 3093 604 3162 modum
619 3091 723 3161 ludit.
763 3089 1039 3182 Haecingenio-
1091 3091 1318 3183 procacitate,
1351 3093 1412 3184 qui
1440 3094 1634 3164 defendant
1657 3095 1811 3186 privatas
1828 3100 1964 3192 aliquas
1984 3100 2086 3192 cupi-

65 3197 291 3269 rumlicentia
315 3195 509 3280 plurimum
535 3189 640 3264 babet
665 3193 826 3284 periculi.
878 3190 929 3263 Ea
948 3218 1038 3289 quae
1091 3193 1228 3263 ditates.
1279 3189 1397 3290 Atque
1412 3189 1790 3268 laicassumendumest
1806 3197 2085 3295 illudEpichar-

64 3315 177 3386 amant,
221 3299 441 3390 amplificant
476 3295 513 3365 in
548 3296 780 3380 immensum3
832 3319 923 3388 quae
962 3321 1035 3366 non
1090 3295 1157 3379 mi,
1180 3294 1299 3388 inquo
1318 3297 1417 3364 nervi
1432 3311 1535 3390 atque
1553 3313 1649 3370 artus
1665 3322 1738 3368 esse
1752 3301 1943 3391 sapientiae
1957 3306 2084 3376 dicun-

65 3417 179 3488 amant,
210 3415 368 3472 extreme
390 3397 580 3483 abiiciunt3
613 3398 737 3468 dicunt
753 3397 869 3466 vicina
892 3421 956 3488 pro
976 3423 1038 3468 ve·
1089 3409 1165 3482 tur,
1183 3393 1373 3490 ’μέμνησο
1396 3394 1575 3471 ἀπιστεῖν.
1631 3399 1715 3470 Νοη
1740 3405 1859 3474 statim
1890 3407 2085 3479 assentien-

65 3503 114 3590 ris,
143 3505 291 3574 miscent
308 3526 384 3571 non
399 3495 643 3582 cohaerentia,
669 3494 873 3570 distrahunt
888 3525 926 3568 ea
948 3523 1038 3592 quae
1089 3499 1263 3579 domest,
1290 3499 1493 3588 praesertim
1512 3504 1718 3572 monstrosis
1734 3517 1768 3572 et
1782 3505 1989 3595 irreligiosis
2004 3509 2085 3600 opi-¹

65 3607 207 3696 coniungi
229 3604 411 3696 oportuit,
444 3602 594 3693 perinde
615 3621 655 3670 ac
681 3600 711 3668 si
742 3615 927 3670 centauros
950 3625 989 3670 ac
999 3595 1036 3696 *)
1089 3600 1275 3684 nionibus,
1301 3625 1375 3669 nou
1392 3615 1444 3671 est
1459 3604 1719 3694 praecipitanda
1736 3609 1920 3678 sententia.
1974 3607 2083 3680 Tem-¹

65 3701 213 3778 chimeras
235 3707 442 3800 pingerent:
474 3699 566 3772 nihil
589 3702 750 3793 proprie,
788 3697 881 3772 nihil
908 3704 1037 3772 diserte
1090 3725 1155 3792 pus
1171 3697 1415 3772 adhibendum
1442 3717 1494 3773 est
1517 3705 1555 3773 in
1578 3707 1786 3793 consilium,
1818 3711 1912 3801 quod
1932 3733 2014 3782 rere
2032 3725 2083 3784 est
2105 3709 2119 3738 ⁸

65 3809 182 3896 dicunt,
220 3811 358 3878 ludunt
380 3806 507 3876 ironiis
534 3819 568 3873 et
594 3803 672 3872 aliis
696 3803 844 3878 deliciis.
912 3803 1038 3876 Videte
1089 3817 1129 3874 ut
1156 3804 1217 3872 ille
1244 3804 1378 3898 inquit,
1412 3806 1691 3896 sapientissimus
1718 3810 1885 3882 monitor.
1943 3809 2083 3886 Deinde

66 3911 170 4002 quihus
189 3911 374 3982 coloribus
395 3931 492 3978 nune
515 3906 689 3995 ingeniosi
705 3901 868 3976 homines
888 3907 1037 3996 pingant
1089 3907 1134 3976 sit
1150 3907 1280 3976 directa
1305 3932 1404 3976 mens
1423 3909 1465 3977 ad
1490 3908 1757 4002 inquisitionem
1775 3914 1951 4000 veritatis,
1977 3909 2083 3986 adhi'a

65 4013 170 4084 abusos
200 4012 473 4089 ecclesiasticos,
505 4010 634 4102 quibus
664 4003 801 4078 technis
830 4032 930 4077 veras
954 4034 1036 4078 sen·
1089 4009 1169 4077 beat
1192 4003 1415 4093 methodum,
1444 4035 1534 4102 qnae
1556 4024 1596 4082 ut
1621 4009 1720 4084 Plato
1748 4013 1880 4106 inquit:
1916 4017 2008 4106 ignis
2032 4031 2083 4088 est

65 4117 167 4186 teutias
195 4117 365 4186 obruant.
423 4109 541 4200 Quam
565 4111 676 4178 mult'a
712 4110 906 4179 inveniunt
934 4106 1036 4206 σοφὰ
1089 4111 1188 4180 coelo
1212 4111 1359 4192 allatus,
1394 4113 1454 4203 qui
1479 4113 1642 4202 praebeat
1671 4114 1794 4183 lumen
1819 4119 1864 4186 ad
1897 4119 2083 4190 veritatem

67 4209 239 4311 φάρμακα,
284 4229 326 4285 ut
358 4215 566 4282 medeantur
597 4212 761 4282 absurdis
792 4208 1035 4302 opinionibus,
1088 4214 1313 4280 cernendam.
1365 4207 2083 4312 Coberceattequisqucintrasepta'mea

70 4322 178 4408 quoties
192 4322 230 4390 in
246 4343 330 4388 eum
346 4317 464 4386 locum
480 4328 624 4384 ventum
647 4325 717 4398 est,
740 4313 804 4383 ubi
821 4327 957 4402 oportet
974 4338 1036 4384 seu
1088 4309 1207 4396 thodi,
1233 4337 1298 4381 nec
1313 4327 1442 4384 temere
1453 4329 1615 4386 excurrat
1626 4317 1667 4384 ‚in
1684 4318 1934 4396 alienbslocos.
1975 4320 2082 4396 Amet

69 4441 180 4492 versare
195 4423 323 4504 dolos,
348 4441 409 4488 seu
428 4430 543 4486 certae
557 4415 765 4484 occumbere
781 4415 899 4487 morti.
1088 4416 1336 4506 proprietatem
1354 4416 1391 4486 in
1409 4417 1563 4500 artibus,
1589 4433 1622 4487 et
1638 4419 1704 4486 sibi
1717 4422 1867 4493 subinde
1879 4425 1967 4496 illud
1980 4449 2082 4516 prae-

146 4522 232 4594 Com
256 4519 326 4592 hac
346 4515 545 4610 Sophistica
568 4517 701 4586 bellum
724 4511 1036 4588 donordovdebet
1087 4529 1227 4606 ceptum
1244 4519 1330 4587 utile
1351 4517 1553 4588 Stoicorum
1567 4519 1735 4590 inculcet:
1768 4518 2082 4620 ὅσοφὸςεύθυρ·

70 4625 325 4707 neomutus,
358 4621 420 4713 qui
444 4635 479 4690 et
503 4620 590 4692 boni
612 4619 682 4686 viri
703 4615 882 4709 perhiberi
899 4619 1036 4702 volum,
1087 4611 1215 4712 ρήμων
1238 4616 1321 4712 ἴση,
1354 4620 1492 4708 sapiens
1519 4623 1661 4713 proprie
1679 4623 1858 4716 loquatur·
1910 4628 2079 4718 Magnam

70 4729 213 4796 etstudia
238 4751 304 4796 sua
329 4722 488 4792 releuant
510 4725 553 4792 ad
585 4742 810 4792 communem
833 4721 1035 4792 utilitatem.
1087 4722 1159 4789 vim
1177 4735 1211 4790 et
1226 4715 1293 4791 boc
1317 4715 1442 4802 habet,
1475 4725 1628 4793 multum
1647 4739 1777 4815 operae·
1792 4728 1965 4800 collocare
1978 4733 2019 4800 in
2037 4733 2080 4802 iis

71 4819 148 4898 Plato
174 4827 380 4920 gravissime
408 4825 513 4905 dicit,
547 4825 701 4896 dandam
727 4845 800 4891 esse
829 4845 972 4914 operam
996 4821 1034 4890 in
1086 4823 1240 4906 attilius,
1266 4824 1565 4916 quae'plurimum
1581 4821 1711 4898 habent
1727 4831 2079 4906 demonstrationum.

72 4927 210 5012 dicendo,
237 4953 314 5000 non
331 4941 371 4998 ut
384 4921 572 4996 hominum
588 4926 732 5018 plausus
747 4917 945 5015 captemus,
973 4925 1034 4994 sed
1085 4924 1175 4995 Nam
1193 4938 1227 4996 et
1244 4923 1402 4996 Galenus
1417 4928 1546 4996 fatetur
1563 4950 1598 4997 se
1619 4951 1709 5018 pene
1724 4930 1762 4998 in
1786 4936 1974 5004 amentiam
1990 4933 2080 5030 Pyr·

71 5019 233 5122 [lengun
256 5033 431 5102 dicamus.
489 5026 609 5116 Quare
640 5041 713 5098 tota
745 5039 862 5096 mente
889 5040 1034 5119 totoque
1086 5021 1298 5096 rhoniorum
1323 5029 1504 5119 delapsum
1527 5053 1618 5115 esse,
1654 5033 1778 5100 nisiin
1797 5031 2000 5106 Geometria
2026 5038 2080 5106 vi-

73 5131 164 5203 euimo
184 5135 221 5204 in
237 5129 335 5204 bunc
351 5155 495 5223 scopum
512 5152 626 5200 uuum
645 5129 866 5214 intueamur,
889 5124 960 5199 buc
977 5127 1033 5196 di·
1086 5129 1193 5199 disset
1209 5141 1342 5200 tantam
1361 5153 1435 5199 esse
1449 5129 1522 5198 vim
1540 5129 1896 5209 demonstrationum.
1958 5137 2080 5232 Neque

73 5237 369 5320 rectasitmanus,
394 5233 507 5320 oculi,
539 5254 641 5315 cura,
675 5243 765 5302 utet
783 5253 966 5317 eruamus,
1000 5243 1035 5302 et
1085 5225 1153 5300 hoc
1176 5255 1217 5300 eo
1242 5229 1339 5314 dico,
1371 5233 1465 5326 quod
1490 5245 1609 5324 putem
1632 5235 1669 5304 in
1693 5237 1824 5307 divinis
1846 5240 1999 5310 oraculis
2020 5255 2086 5334 aut

74 5387 254 5406 ..--...
483 5352 486 5361 ’
1050 5419 1052 5424 Α
1085 5331 1219 5426 ubique
1254 5335 1485 5427 requirendas
1527 5358 1600 5404 esse
1634 5338 1970 5429 demonstrationes3
1995 5345 2078 5426 ,sed

98 5462 447 5539 *tuanrdayponoua
532 5477 535 5484 ·
566 5455 572 5465 “
807 5495 829 5518 .,
933 5478 936 5486 ,
1016 5525 1021 5532 .
1086 5435 1305 5507 consuetudo
1327 5435 1486 5507 methodi
1512 5440 1657 5529 prodest
1680 5441 1868 5526 studiosis,
1900 5445 2079 5516 etlormat
