4718 5828
254 233 330 308 aaa
685 197 846 306 naon.
894 225 976 303 nn
1010 223 1285 303 utsuaus
1318 223 1846 304 raunacoaoauu
2213 231 2290 308 saa

256 411 417 495 berneri,
446 429 553 502 quam
575 400 652 480 hos.
703 400 752 474 Et
775 415 895 474 tamen
916 405 956 472 in
974 397 1113 473 scholas
1135 414 1243 495 quot·
1293 402 1381 474 dicit
1401 403 1445 474 de
1468 403 1564 488 filio,
1590 404 1713 474 eadem
1736 415 1998 494 praeceptorem
2012 401 2206 475 sollicitum
2222 398 2291 474 ha-

257 527 344 608 quot
359 515 433 581 fere
447 509 659 593 mittuntur,
684 505 855 600 pessimos
876 528 1012 590 mores,
1038 504 1244 596 turpissima
1293 505 1398 590 bont,
1424 529 1470 574 ne
1485 506 1547 574 ille
1563 506 1701 598 uspiam
1716 505 1905 592 ceciderit,
1921 509 1982 578 dut
1997 505 2204 599 perfregerit
2219 507 2290 576 ali-

239 616 415 708 ·erempla
437 613 621 694 adferunt,
653 625 694 680 ut
714 608 910 698 refingendi
933 608 1006 678 sint
1027 608 1071 676 de
1091 607 1244 697 integro.
1294 605 1400 700 quid,
1434 621 1496 678 aut
1519 607 1652 677 vulnus
1674 607 1867 699 acceperit,
1893 622 1930 680 ει
1955 604 2027 678 hoc
2056 631 2167 700 genus
2201 609 2290 680 alia:

129 745 133 754 ¹
257 713 323 789 Est
345 729 462 786 autem
490 712 690 798 difficilius,
722 715 830 802 prava
855 733 944 803 quae
969 709 1077 778 semd
1103 708 1245 780 insede-
1293 733 1404 802 quare
1427 709 1499 778 iam
1514 709 1645 802 cogitat
1665 709 1735 780 sibi
1748 710 1937 781 summani
1954 711 2189 784 coercendum
2214 733 2291 782 esse

257 832 364 902 runt,
386 817 580 910 dedocere,
605 837 710 907 quam
724 826 818 884 recta
835 814 972 886 docere.
1024 811 1131 882 Scitis
1146 811 1243 882 anim
1294 810 1521 902 discipulum.
1571 807 1716 884 Etcum
1733 807 1903 882 hactenus
1924 835 1945 882 a
1970 813 2083 905 plagis
2100 814 2291 884 abstinue-

256 920 431 993 musicum
471 917 574 987 illum
608 915 747 1006 gemina
780 916 941 984 mercede
969 915 1148 995 docuisse,
1180 913 1246 1006 qui
1293 913 1364 998 rit,
1389 908 1449 983 hic
1470 914 1616 985 demum
1638 915 1684 982 ad
1705 913 1925 986 ferocitatem
1937 916 2177 1006 castigandam
2202 941 2290 1010 pro-

258 1035 340 1095 ante
354 1023 420 1094 sub
436 1019 515 1090 aliis
532 1018 707 1108 magistris
719 1016 812 1084 male
827 1017 1011 1087 assuefacti
1025 1027 1136 1087 erant.
1172 1013 1246 1084 Pu·-
1293 1027 1445 1086 suuntur
1471 1015 1603 1106 virgae.
1661 1013 1753 1086 Nam
1784 1016 1899 1088 nostri
1929 1013 2093 1088 homines
2120 1043 2197 1090 non
2218 1019 2292 1088 nisi

258 1147 408 1218 gnamus
430 1145 513 1213 ergo
534 1145 614 1190 cum
644 1119 796 1208 ingeniis
817 1117 1036 1210 puerilibus,
1069 1139 1160 1211 quae
1183 1139 1246 1208 per
1295 1117 1408 1208 plagis
1422 1119 1554 1203 coacti,
1576 1117 1669 1190 sicut
1686 1119 1731 1186 de
1747 1111 1950 1212 Phrygibus
1963 1119 2002 1188 in
2019 1122 2209 1212 proverbio
2226 1135 2291 1204 est,

258 1251 332 1300 sese
350 1225 567 1296 ferocissima
583 1235 685 1302 suut,
711 1221 915 1312 praesertim
935 1221 974 1288 in
992 1217 1183 1288 Germanis
1211 1231 1247 1288 et
1296 1220 1466 1310 imperata
1482 1220 1628 1291 faciunt.
1681 1217 1751 1289 Hic
1774 1219 1836 1289 ille
1859 1219 1966 1292 miser
1987 1245 2094 1314 supra
2119 1237 2176 1294 tot
2195 1225 2290 1294 mala

123 1317 129 1338 ’
218 1318 449 1402 'domestico
470 1350 537 1396 usu
561 1336 739 1414 corrupto.
802 1321 930 1392 Videte
954 1321 1049 1391 euim
1073 1321 1159 1392 istos
1180 1321 1246 1390 bo-
1295 1321 1536 1392 carnificinam
1566 1321 1705 1412 cogitur
1729 1343 1917 1408 exercere,
1944 1346 2021 1394 rem·
2039 1325 2290 1404 miserrimam,

257 1431 324 1503 nos
344 1441 525 1524 parentes,
551 1449 704 1519 quorum
728 1425 834 1494 multi
859 1447 896 1492 se
918 1419 1152 1512 Evangelicos
1180 1447 1246 1491 vo·
1295 1447 1457 1518 quaeque
1481 1423 1537 1492 vel
1561 1423 1747 1516 inprimis
1770 1415 2109 1496 noceat'valetudini
2135 1443 2291 1499 nostrae.

258 1531 360 1618 cant,
385 1553 466 1602 cum
484 1531 522 1600 in
539 1553 577 1596 ea
593 1541 705 1598 aetate
719 1527 832 1617 prima
853 1550 926 1595 esse
942 1527 1136 1595 tradendae
1161 1524 1247 1594 reli·
1295 1524 1408 1596 Nemo
1428 1526 1525 1594 enim
1547 1539 1618 1595 tam
1636 1521 1790 1618 ἀπαθὴς
1805 1539 1858 1597 εει
1873 1540 2099 1620 praeceptor,
2126 1530 2219 1622 quin
2247 1553 2291 1598 ex

259 1636 376 1728 gionis
400 1656 482 1704 cura
508 1631 650 1716 debeat,
676 1624 716 1696 hi
741 1651 786 1696 ne
810 1629 954 1720 quidem
977 1650 1092 1696 sacras
1116 1649 1247 1718 preces,
1296 1627 1519 1698 contumacia
1544 1627 1822 1702 adolescentium
1848 1645 2130 1716 commoveatur,
2162 1655 2291 1725 quem-

258 1737 474 1826 Decalogum
493 1746 526 1802 et
547 1728 614 1800 hoc
635 1753 745 1820 genus
760 1730 827 1798 alia
844 1730 942 1800 domi
960 1731 1108 1818 docent,
1135 1728 1246 1820 pleri·
1296 1753 1365 1822 que
1383 1753 1459 1798 non
1474 1730 1657 1820 perturbet
1672 1731 1713 1798 iu
1728 1730 2148 1823 verberando'impetus?
2187 1730 2292 1822 Quid
2350 1745 2351 1756 ¹

260 1863 330 1935 quc
343 1849 504 1931 parentes
519 1846 761 1924 contemptum
775 1830 958 1922 religionis
973 1832 1113 1902 docent.
1154 1829 1247 1900 Tam
1296 1833 1367 1901 iam
1394 1833 1439 1900 de
1458 1855 1542 1901 cura
1565 1831 1779 1903 valetudinis
1808 1857 2001 1924 puerorum
2023 1835 2168 1904 dicam?
2200 1836 2293 1927 quid
2350 1883 2351 1900 ι

260 1953 467 2033 corruptum
485 1931 553 2006 hoc
568 1957 730 2005 nostrum
744 1935 902 2004 seculum
918 1947 987 2019 εει,
1012 1946 1055 2004 ut
1074 1933 1151 2003 iure
1164 1955 1247 2024 pos-
1297 1934 1342 2002 de
1364 1932 1565 2024 sumptibus
1594 1933 1847 2005 moderandis?
1901 1935 2060 2028 quidde
2088 1938 2294 2007 rationibus

261 2046 309 2118 sis
325 2045 460 2122 dicere,
487 2040 672 2130 deceptum
696 2059 769 2106 esse
787 2035 1008 2131 Satyricum,
1035 2059 1117 2106 cum
1140 2034 1246 2104 dixit:
1297 2047 1503 2126 sumptuum
1518 2035 1805 2125 perscribendis?
1831 2059 1939 2130 quae,
1954 2038 2123 2108 nenirnis
2141 2041 2294 2128 longum
2350 2109 2351 2112 ,

307 2183 361 2250 Nil
376 2185 430 2244 erit
444 2181 569 2242 ulterius
585 2179 667 2264 quod
680 2181 789 2239 nostris
804 2179 938 2240 moribus
953 2175 1042 2238 addat
1296 2136 1441 2220 faciam,
1467 2159 1574 2226 ‘⁰8⁰²'
1589 2137 1765 2209 omittere·
1816 2134 1963 2209 Etenim

312 2287 484 2351 Posterius.
651 2301 655 2314 ¹
1348 2261 1420 2326 Non
1435 2263 1553 2324 mihist
1571 2275 1692 2344 eentum
1707 2267 1828 2344 linguae
1846 2267 2031 2348 sint-oraque
2047 2279 2178 2358 eentum,

313 2387 416 2454 Omne
431 2391 464 2448 in
478 2383 635 2468 praecipiti
647 2383 757 2444 vitium
771 2383 861 2443 stetit.
1350 2363 1465 2428 Omnis
1479 2386 1617 2427 curarum
1633 2379 1806 2450 percurrere
1819 2372 1945 2428 nomina
1957 2371 2083 2452 possim.
2156 2369 2161 2385 '

1297 2489 1489 2587 Postquam
1529 2493 1782 2586 praeceptoris.
1800 2495 1939 2566 labores
1974 2477 2153 2593 recensui,
2193 2493 2297 2570 nunc

262 2678 343 2726 rum
367 2647 483 2719 omnis
504 2643 641 2733 generis
649 2649 680 2728 ‚⁸
691 2667 807 2734 nuper
834 2646 922 2712 adeo
950 2645 994 2712 ad
1021 2655 1139 2712 vetera
1162 2639 1247 2708 ,qia
1298 2595 1414 2716 videte
1432 2619 1524 2690 quae
1540 2595 1694 2664 vicissim
1715 2619 1780 2687 pro
1797 2591 1946 2668 histum
1963 2623 2095 2718 merces
2112 2609 2185 2670 tum
2209 2625 2298 2690 gra-

372 2733 373 2736 *
1299 2711 1348 2770 tra
1377 2699 1508 2771 redeat.
1569 2695 1667 2767 Haec
1699 2722 1782 2768 vero
1816 2711 1867 2769 est
1890 2711 2021 2791 tragica
2050 2699 2297 2792 catastrophe:

1298 2800 1481 2892 superiora
1514 2798 1635 2870 omnia
1668 2801 1795 2869 ludum
1829 2815 1864 2872 et
1897 2801 2016 2872 iocum
2043 2804 2138 2874 dices
2170 2805 2299 2890 fuisse,

1298 2915 1407 2994 prout
1439 2896 1525 2972 haec
1555 2901 1647 2972 mala
1677 2915 1760 2974 sunt
1781 2927 1872 2996 quae
1904 2917 2038 2976 restant
2071 2929 2298 2977 commemo-

1299 3005 1423 3074 raudo.

259 2517 383 2645 Neque
412 2545 508 2615 enim
540 2542 612 2612 dici
646 2555 762 2634 potest
794 2555 924 2634 quanta
960 2539 1111 2610 accessio
1139 2536 1248 2606 scale-

261 2761 352 2830 facta
375 2751 431 2821 sit.
482 2745 684 2817 Domestica
705 2745 895 2835 disciplina
916 2745 1048 2836 periit,
1081 2765 1171 2836 quae
1192 2754 1248 2810 ta-

262 2881 346 2929 men
370 2849 474 2923 nobis
502 2847 624 2940 pueris
649 2860 724 2917 crat
744 2847 946 2919 mediocris.
1007 2844 1139 2934 Magna
1163 2842 1249 2914 dili-

264 2957 381 3053 gentia
396 2951 495 3024 domi
511 2951 744 3020 tradebantur
761 2950 933 3020 elementa
956 2947 1108 3039 pietatis.
1144 2943 1248 3015 Nunc

264 3062 333 3135 alia
345 3081 402 3129 res
419 3067 492 3142 est,
518 3051 680 3122 ridentur
694 3074 811 3131 sacra,
841 3073 989 3143 eamque
1003 3071 1178 3120 summam
1192 3069 1249 3116 sa·
1454 3117 1462 3134 ‚
2350 3109 2351 3112 ,

264 3160 433 3258 pientiam
461 3156 609 3226 ducunt.
668 3149 715 3222 Ει
734 3153 817 3244 quia
838 3149 907 3220 Dei
930 3165 1045 3222 metus
1069 3161 1249 3240 exemptus
1400 3117 1563 3192 Pflmum
1585 3143 1718 3192 mem*
1740 3123 1828 3241 ³f1⁰⁰
1846 3135 1898 3242 (ξεῖ
1918 3124 2062 3214 “linas
2087 3139 2127 3196 ¹1²
2149 3123 2298 3222 satyri·

264 3279 316 3338 est
330 3258 457 3333 animis
471 3255 815 3348 puerorum,ruitur
830 3254 869 3322 in
886 3255 1007 3324 omnia
1024 3253 1129 3336 vitia,
1155 3275 1247 3342 quo·
1299 3224 1900 3316 011503ἆθῑθῆὓθῧῑῑῑῧῧθῃΡεθΠῑῑ
1937 3307 1938 3311 ,
2039 3315 2043 3324 .

264 3389 345 3438 rum
368 3385 431 3451 ego
456 3358 526 3426 iam
550 3357 804 3427 memoratione
832 3380 907 3426 non
932 3357 1098 3426 deiecmi'.
1157 3351 1250 3422 Pro·
1280 3415 1282 3425 .
1348 3345 1504 3411 Poenituit
1518 3352 1631 3411 mulfo!
1644 3369 1739 3411 vanae
1757 3352 1928 3434 sterilisque
1943 3352 2110 3417 (taihedt'ae.

265 3469 349 3540 inde
372 3487 453 3534 cum
475 3461 516 3528 in
540 3454 696 3528 scholam
713 3471 943 3540 ventumst,
964 3476 1106 3524 necesse
1121 3467 1174 3524 est
1189 3475 1250 3522 su·
1301 3457 1382 3530 lure
1393 3459 1549 3528 sterilem
1567 3455 1770 3530 cathedram
1784 3461 1889 3531 dixit:
1915 3486 1999 3532 nam
2021 3464 2190 3534 fossorem
2208 3469 2297 3556 plu-

264 3571 317 3641 rni
338 3569 377 3637 in
398 3559 568 3634 docendis
591 3558 716 3648 primis
739 3557 879 3649 pietatis
901 3555 1250 3651 gymnasmatisope·
1299 3559 1349 3631 ris
1366 3583 1473 3654 quam
1488 3575 1749 3652 praeceptorem
1765 3563 1984 3636 conducunt.
2037 3564 2080 3642 ln
2098 3562 2157 3636 his
2181 3569 2298 3638 mise-

266 3695 354 3743 ram.
381 3666 451 3738 Sed
460 3663 547 3758 quid
558 3661 733 3729 discerent
748 3659 870 3728 infecti
884 3673 966 3730 ante
981 3656 1252 3748 impiisopinio·
1299 3663 1363 3732 riis
1376 3662 1550 3750 algemus,
1575 3653 1731 3730 vivimus
1746 3662 1886 3756 siliquis
1901 3677 1934 3734 et
1951 3689 2042 3755 pane
2058 3671 2235 3750 secundo,
2259 3689 2299 3744 ει

267 3769 399 3844 nibus?
450 3764 522 3836 Sed
547 3768 587 3832 ut
617 3759 844 3829 mediocriter
866 3761 1045 3842 succedat,
1070 3772 1188 3830 tamen
1212 3757 1251 3824 in
1300 3763 1360 3832 vix
1377 3783 1442 3830 nos
1459 3785 1478 3828 a
1496 3761 1588 3830 fame
1604 3762 1839 3836 defendimus.
1893 3764 2032 3840 Videtis
2055 3771 2149 3838 enim
2173 3797 2296 3844 meam

268 3873 383 3947 officio
404 3866 556 3939 retinere
578 3873 731 3956 quantus
751 3860 945 3932 laborasti
970 3859 1069 3928 domi
1088 3857 1253 3942 retinere,
1300 3862 1466 3942 maciem,
1492 3861 1619 3932 videtis
1634 3877 1674 3934 ut
1686 3864 1781 3935 lacer
1795 3864 1969 3949 incedam,
1996 3893 2085 3963 quae
2100 3872 2131 3940 si
2145 3873 2296 3948 fortuna
2350 3917 2351 3924 κ

268 3999 385 4050 arcere
409 3996 428 4064 a
452 3964 630 4056 corruptis
652 3962 853 4046 sodalibus,
884 3986 903 4030 a
927 3961 1066 4050 ganeis,
1101 3963 1146 4058 ab
1166 3959 1253 4066 alea,
1300 3965 1437 4034 fecisset
1453 3964 1510 4032 vel
1526 3965 1779 4057 bibliopolam,
1805 3970 1902 4040 scitis
1920 3973 2024 4063 quale
2039 3972 2085 4041 sit
2107 3974 2142 4042 id
2166 3998 2296 4063 genus,

268 4095 303 4150 et
316 4071 463 4166 reliquis
478 4065 678 4139 similibus?
728 4061 807 4133 Hoc
822 4064 885 4157 qui
905 4077 1039 4154 potest,
1062 4063 1164 4134 illum
1189 4083 1252 4150 ego
1302 4089 1364 4156 ego
1381 4065 1451 4134 iam
1467 4088 1555 4136 auro
1571 4081 1719 4138 onustus
1735 4069 1953 4156 incederem,
1978 4087 2144 4167 tanquam
2160 4077 2297 4171 aliquis

269 4201 344 4251 non
360 4173 561 4254 homiuem,
586 4169 646 4237 sed
661 4167 767 4258 plane
781 4163 897 4235 Deum
912 4167 1089 4258 quendam
1107 4163 1254 4234 coelitus
1303 4183 1452 4259 satrapa.
1910 4245 1918 4264 ὓ
2199 4215 2202 4220 -

269 4285 309 4352 in
324 4294 434 4349 terras
448 4272 610 4366 publicae
625 4269 748 4338 salutis
765 4290 869 4338 causa
883 4268 1065 4357 delapsum
1082 4287 1155 4334 esse
1169 4289 1255 4357 pro-
1408 4266 1547 4338 Deinde
1580 4292 1718 4342 summa
1745 4272 1964 4362 ingratitudo
1998 4301 2191 4368 puerorum
2229 4299 2298 4369 est,

269 4381 498 4453 nunciavero.
547 4369 653 4442 Mille
669 4384 759 4441 artes
777 4371 973 4457 excogitant
987 4368 1090 4460 pueri
1106 4365 1255 4438 fallendi
1303 4371 1456 4464 quinon
1470 4371 2178 4451 modonullumseanobisberleficium
2196 4390 2298 4455 acci-

244 4476 518 4580 ,praeceptoris
569 4467 616 4544 Et
632 4473 672 4540 in
685 4471 850 4563 pluribus
869 4471 1106 4542 tautusfuror
1122 4482 1191 4553 εει,
1214 4481 1255 4538 ut
1302 4495 1385 4562 pere
1401 4473 1544 4552 dicunt,
1569 4477 1628 4544 sed
1647 4476 1824 4546 nemiuem
1842 4478 2002 4568 peiusde
2024 4505 2060 4550 se
2079 4487 2208 4554 mereri
2232 4512 2297 4558 ar-

270 4585 387 4682 palam
407 4573 850 4665 contemnautimperium.
901 4570 1150 4668 Quia‘enima
1172 4571 1255 4660 lite·
1302 4573 1605 4667 bitranturquam
1620 4601 1696 4650 nos.
1739 4578 1812 4666 Qui
1828 4576 1921 4650 nihil
1937 4581 2098 4668 discunt,
2124 4611 2188 4656 nos
2208 4613 2296 4679 pcr-

270 4691 320 4762 ris
340 4695 530 4780 perpetuae
550 4677 658 4747 feriae
680 4687 782 4757 sunt,
804 4673 934 4772 'ocium
958 4686 993 4742 et
1014 4675 1118 4744 docet
1142 4687 1176 4744 et
1190 4673 1255 4743 alit
1302 4676 1440 4746 indeut
1454 4673 1574 4745 literas
1590 4679 1759 4748 acerrime
1772 4683 1926 4752 odarum
1946 4685 2044 4756 velut
2064 4709 2147 4756 suos
2171 4695 2297 4761 carni-

270 4789 370 4862 vitia.
421 4779 487 4854 Est
501 4779 597 4850 enim
618 4776 802 4847 verissima
815 4775 1014 4856 sententia,
1038 4797 1144 4868 quam
1169 4773 1255 4844 reli·
1302 4777 1393 4846 lices.
1444 4775 1600 4865 Quidam
1615 4781 1676 4848 alii
1690 4781 1817 4850 leviter
1839 4785 2030 4872 degustatis
2053 4787 2180 4874 literis,
2207 4817 2296 4862 cum

270 4893 349 4988 quit
362 4888 527 4980 scriptam
540 4877 738 4951 Columella
761 4877 801 4946 in
819 4877 1015 4969 praeceptis
1032 4899 1123 4970 quae
1144 4875 1254 4966 patri·
1303 4879 1373 4946 iam
1398 4877 1553 4972 aliquam
1584 4881 1736 4952 induant
1768 4885 1980 4956 eruditionis
2012 4892 2297 4980 persuasionem,

270 4992 422 5068 familias
444 4981 670 5080 praescribit,
721 4979 784 5051 Nil
800 4980 937 5070 agendo
954 4978 1050 5062 lieri,
1074 4990 1115 5048 ut
1135 4971 1254 5046 homi·
1302 4979 1352 5050 sic
1365 4981 1504 5072 placent
1527 4981 1597 5051 sibi
1623 4979 1722 5077 (nam
1739 4983 1777 5054 id
1791 4985 1880 5058 solet
1893 5012 1931 5056 ea
1949 4987 2061 5086 aetas)
2084 5007 2124 5064 ut
2145 5017 2297 5083 praece-

271 5094 440 5168 nesmale
462 5109 562 5178 agere
586 5083 735 5154 discant.
788 5078 862 5152 lam
880 5081 941 5150 ubi
959 5083 1066 5150 domo
1083 5093 1254 5174 tauquam
1302 5095 1421 5173 ptores
1446 5077 1540 5152 nihil
1571 5099 1772 5171 morentur,
1806 5109 1914 5183 seque
1936 5091 2006 5160 iarn
2036 5095 2081 5162 ad
2109 5117 2294 5170 summum

271 5217 448 5276 ecarcere
480 5185 639 5260 refractis
670 5183 846 5275 repagulis
877 5182 1009 5272 fugerit
1040 5183 1256 5266 adolescens,
1301 5184 1479 5276 fastigium
1506 5184 1718 5256 eruditionis
1745 5191 1946 5280 pervenisse
1978 5207 2122 5284 putent,
2157 5201 2222 5268 ubi
2249 5227 2296 5274 ex

268 5297 487 5373 miserrimae
515 5312 619 5360 curae
640 5285 795 5356 subeunt
818 5284 978 5356 animum
1006 5283 1254 5375 praeceptoris.
1302 5286 1373 5356 alto
1405 5307 1471 5355 nos
1500 5286 1706 5375 despiciant.
1767 5287 1815 5362 Et
1837 5317 1911 5362 nou
1933 5295 2039 5364 modo
2061 5321 2136 5368 non
2164 5303 2297 5377 vident

269 5403 370 5492 Quae
391 5397 452 5470 ille
472 5395 512 5462 in
535 5389 655 5462 fabula
677 5385 784 5460 Mitio
809 5385 877 5458 sihi
892 5385 1015 5458 venire
1036 5385 1076 5454 in
1096 5397 1252 5460 mentem
1301 5411 1407 5480 quam
1437 5401 1572 5459 curtam
1602 5383 1755 5464 habeant
1787 5395 2058 5488 supellectilem,
2091 5403 2151 5471 scd
2178 5426 2225 5475 ue
2254 5408 2302 5477 id·
