4718 5828
266 163 314 246 n
992 169 1154 250 uuor.
1187 171 1261 252 ιιι
1292 171 1564 252 tucruus
1657 211 1659 216 -
2239 187 2283 259 ιι

276 343 357 416 odia
381 346 614 422 mortalium'
603 359 696 418 mter
716 368 752 418 se
769 359 965 433 execretur,
988 349 1124 420 mederi
1145 363 1261 421 tamen
1310 347 1431 420 strtuta
1445 371 1485 418 ac
1499 345 1594 438 leges
1605 361 1735 420 temere
1748 348 1902 438 lastrdrt,
1926 353 2049 446 opicus
2068 349 2157 426 milri
2179 368 2211 426 et
2229 382 2337 452 pa-
2336 363 2337 396 ι

273 463 345 520 tam
387 449 593 542 perniciosis
633 448 768 518 morbis
808 450 951 541 patitur.
1018 452 1139 542 Quare
1176 451 1262 522 vitia
1311 475 1391 520 rum
1412 452 1572 521 urbanus
1587 452 1739 524 videtur
1790 455 1840 524 Et
1863 479 1942 524 cum
1967 456 2126 528 inomni
2150 458 2216 528 vita
2238 484 2286 528 sa·
2336 447 2337 530 ι

275 551 438 620 damnari
455 553 587 642 patiar,
612 551 808 622 remedium
825 575 889 644 par
909 565 979 637 est,
1004 566 1045 624 ut
1062 566 1161 644 grato
1183 553 1264 624 aui·
1311 552 1521 644 pientissimi
1555 547 1720 623 homines
1751 557 2012 647 praeceperint,
2054 562 2287 630 communibus

275 677 334 721 mo
349 655 631 744 complectamur
674 649 777 724 Furit
791 648 850 722 luc
864 653 1039 726 vindictae
1055 654 1263 748 cuprdrtate
1313 654 1474 724 moribus
1509 665 1679 747 tanquam
1714 679 1837 728 scenae
1869 659 2182 732 obsecundandum
2214 685 2288 743 esse,
2336 657 2337 744 l

276 753 338 822 ille
367 778 423 824 res
449 754 596 824 alterins
626 754 749 823 fraude
777 769 935 844 occupat.
983 755 1096 844 *Quos
1120 781 1200 828 cum
1226 757 1263 826 iu
1314 755 1441 825 valde
1431 755 1555 826 rmustr
1571 769 1670 840 sunt
1697 758 1760 850 qui
1780 772 1951 854 tanquam
1964 785 2044 830 cum
2060 763 2163 832 rebus
2175 758 2288 832 buma-
2336 759 2337 828 ἶ

277 855 371 926 viam
397 879 471 924 non
493 868 634 926 revocet
655 856 783 945 pietas,
808 857 966 928 iudicum
984 859 1191 930 auctoritate
1207 859 1266 930 fu
1315 856 1370 925 nis
1399 857 1533 927 bellum
1560 859 1712 947 gesturi,
1750 875 1887 950 praeter
1912 883 1992 947 sua,
2022 863 2116 932 nihil
2139 867 2337 954 probant

277 981 339 1027 ror
361 957 616 1048 comprimitur.
667 953 768 1026 Nihil
787 955 922 1044 David,
947 957 1085 1045 Muses,
1118 959 1298 1030 Solomo
1315 956 1489 1028 Sordrdos
1502 982 1542 1027 ac
1560 959 1714 1050 plebeios
1729 985 1867 1032 animos
1882 963 1955 1032 lere
1970 967 2202 1054 praesentium
2216 989 2290 1056 pue
2336 915 2337 1048 l

279 1073 484 1150 peccarunt,
510 1059 925 1151 quantumvisimprobis
943 1060 1266 1132 nebulonibusali-
1316 1059 1423 1144 nitet,
1446 1059 1526 1152 qui,
1551 1061 1801 1130 cumlibidine
1822 1087 1902 1148 sua,
1927 1088 2002 1138 nou
2024 1067 2161 1136 ratione
2184 1067 2289 1138 omnia
2336 1119 2337 1128 ι

280 1160 396 1230 cubi'
385 1183 442 1232 rus
463 1159 630 1234 dixerint.
682 1159 838 1230 Proinde
858 1157 1040 1248 Christus,
1064 1176 1104 1234 ut
1123 1164 1267 1254 litigan-
1316 1161 1518 1246 metiantur,
1545 1185 1637 1232 mrro
1653 1165 1806 1255 quodam
1823 1167 1978 1235 novanda
1996 1167 2114 1238 studeo
2130 1177 2337 1240 tenentur

279 1275 350 1334 tem
371 1285 412 1332 ac
432 1261 611 1332 vindictae
632 1285 751 1332 amore
766 1263 947 1334 ardentem
964 1266 1125 1350 damnet,
1150 1279 1266 1336 tamen
1316 1260 1438 1355 Neque
1454 1263 1549 1332 ullus
1561 1259 1729 1354 Euripus,
1748 1265 1863 1336 ullum
1878 1267 2008 1336 fretum
2025 1282 2097 1338 tam
2112 1293 2223 1340 varios
2236 1264 2291 1338 lta·

280 1387 360 1434 suas
383 1363 561 1434 iudicibus
584 1376 698 1454 ριιιιι
722 1363 887 1456 reliquit,
919 1366 993 1436 sive
1013 1391 1054 1436 ex
1077 1317 1268 1456 gebtilibus
1318 1366 1376 1436 bet
1389 1377 1503 1434 aestus
1523 1388 1563 1432 ac
1581 1365 1727 1450 fluctus,
1748 1390 1852 1459 quam
1867 1391 1955 1438 varri
1945 1369 2066 1458 vulgi
2082 1383 2196 1440 motus
2209 1373 2337 1458 sunt.

279 1467 428 1556 legibus,
451 1487 525 1534 srve
540 1488 581 1532 ex
596 1488 757 1536 mosaicis
770 1490 826 1536 rus
842 1468 973 1542 dicant.
1008 1465 1179 1538 Gentium
1194 1491 1269 1538 res-
1318 1463 1558 1582 Quaecunque
1583 1467 1813 1537 commoverit
1833 1481 2037 1560 tempestas,
2068 1471 2185 1568 subito
2205 1471 2291 1554 furit,
2336 1507 2337 1550 ι

281 1567 441 1660 publicas
470 1566 783 1647 administrarunt,
819 1563 964 1660 loseph,
995 1569 1141 1658 Daniel,
1175 1568 1268 1642 Naa-
1319 1567 1508 1660 miscetque
1526 1591 1657 1640 omma
1690 1566 1835 1649 Contra,
1857 1593 2046 1658 generosae
2062 1587 2196 1644 ruentes
2209 1595 2337 1642 com-
2336 1551 2337 1616 l

281 1693 384 1754 meu,
416 1665 605 1752 Centurio,
638 1669 726 1761 qui,
752 1669 783 1738 si
810 1669 983 1759 flagitium
1015 1685 1066 1742 est
1090 1669 1268 1763 Rempulr.
1318 1669 1486 1738 munibus
1507 1692 1545 1738 se
1567 1669 1728 1740 moribus
1751 1683 2004 1762 attemperant,
2035 1675 2219 1768 solentque
2243 1685 2292 1744 ut·
2336 1649 2337 1732 l

281 1794 412 1862 gerere,
434 1769 490 1838 vel
504 1769 696 1858 gentilibus
713 1771 848 1860 legibus
865 1772 936 1851 uti,
959 1773 1085 1845 ordine
1102 1773 1266 1844 movendi
1318 1793 1457 1862 cunque
1471 1781 1513 1838 et
1518 1769 1721 1862 ubicunque
1736 1795 1826 1862 opus
1839 1773 1965 1858 fuerit,
1989 1775 2158 1868 obsequi,
2182 1799 2292 1868 quem-
2336 1803 2337 1868 ι

281 1885 376 1944 sunt.
426 1867 561 1941 Verum
583 1871 668 1942 nolo
689 1867 747 1942 lric
767 1872 943 1962 longius'
932 1874 1126 1948 immorari.
1177 1873 1267 1944 Nam
1317 1873 1510 1940 admodum
1526 1871 1586 1940 rlle
1602 1869 1952 1963 Terentianuspater
1966 1889 2098 1950 mouet.
2142 1873 2213 1948 lam
2229 1893 2337 1946 ιιοιι

281 1989 316 2046 et
332 1973 418 2044 alras
433 1985 592 2043 accurate
609 1967 695 2043 haec
709 1997 932 2060 excussimus
957 1989 991 2048 ιι
1007 1999 1075 2068 pus
1091 1976 1269 2048 mentrbus
1315 1973 1465 2064 simplex
1481 1972 1668 2058 rusticitas
1692 1977 1752 2044 sed
1766 1971 1868 2047 furor
1883 1990 1934 2048 est
1946 1976 2060 2068 plane,
2082 1977 2214 2069 patrios
2225 2000 2337 2052 mo-

281 2076 308 2146 ιι
297 2074 496 2167 luciquos
511 2074 997 2165 produximussatissecerint.
1039 2076 1196 2150 Tantum
1212 2099 1268 2146 re-
1319 2097 1374 2144 res
1401 2096 1441 2143 ac
1466 2073 1580 2164 patria
1604 2073 1765 2146 instituta
1786 2075 1911 2146 odisse.
1972 2071 2117 2150 Etenim
2142 2103 2219 2150 cum
2239 2101 2294 2168 pe-

282 2178 435 2248 clamant
458 2171 514 2260 ιιι,
546 2176 607 2269 qui
634 2200 698 2246 nec
720 2201 836 2246 sacras
864 2203 926 2248 uec
949 2173 1149 2270 prophanas
1177 2180 1270 2266 leges
1319 2176 1406 2246 triae
1426 2189 1585 2246 sanctum
1602 2178 1778 2268 quendam
1803 2201 1959 2248 amorem
1979 2180 2149 2252 omnibus
2166 2180 2337 2251 indide-

282 2280 383 2372 pensi
403 2273 547 2350 habent.
598 2271 762 2348 Christus
782 2279 913 2369 optima
937 2281 1005 2348 lide
1028 2303 1172 2352 censum
1188 2277 1268 2348 tta·
1319 2277 1366 2346 rit
1382 2289 1519 2362 natura,
1543 2299 1688 2367 prorsus
1704 2278 1808 2348 obliti
1824 2279 1881 2350 sui
1900 2279 2076 2368 videntur,
2101 2281 2337 2378 quipatrias

280 2379 441 2472 gistratui
458 2393 640 2465 numerat,
665 2394 705 2450 ut
727 2382 924 2472 exemplum
949 2382 1176 2470 colendarum
1202 2403 1269 2471 pu·
1321 2379 1412 2467 leges
1429 2390 1609 2469 tantopere
1625 2393 1845 2452 aversantur.
1897 2379 2185 2472 sapientissimus
2198 2371 2337 2452 Poe'tal

281 2483 454 2552 blicarum
471 2481 588 2569 legum
612 2483 786 2569 proderet.
839 2479 877 2550 ld
896 2483 983 2552 adeo
1007 2483 1138 2552 imitari
1163 2504 1269 2572 opor·
1321 2479 1420 2566 lingit
1443 2477 1603 2573 Ulyssem
1627 2495 1768 2571 optare,
1803 2494 1844 2552 ut
1868 2482 1925 2552 vel
1947 2484 2084 2554 fumum
2111 2488 2158 2554 de
2185 2482 2337 2580 patriis

179 2623 186 2636 ,
283 2585 377 2655 tebet
397 2606 478 2667 eos,
502 2581 564 2676 qni
580 2577 817 2653 Christianam
834 2583 1031 2654 libertatern
1047 2583 1180 2677 ubique
1196 2583 1270 2652 lor·
1319 2579 1533 2650 exorientem
1550 2580 1637 2650 focis
1654 2583 1784 2652 videat:
1810 2581 1849 2650 hi
1865 2583 1958 2674 leges
1971 2599 2220 2667 contemnunt
2244 2609 2296 2654 or·
2336 2581 2337 2658 l

280 2686 364 2756 titer
385 2684 526 2754 iactant.
578 2677 628 2752 Et
648 2707 728 2752 cum
744 2683 867 2753 divino
891 2684 1059 2776 suffragio
1077 2685 1132 2754 ius
1150 2683 1270 2776 publi-

282 2809 362 2858 cum
378 2785 645 2876 comprobatum
662 2783 718 2868 sit,
745 2785 855 2876 pietas
871 2785 995 2875 exigit,
1015 2801 1055 2857 ut
1070 2800 1105 2856 et
1119 2786 1271 2876 diligen-

283 2901 337 2958 ter
355 2899 603 2976 cognoscatur,
630 2898 665 2956 et
687 2887 850 2978 religiose
873 2887 1009 2958 colatur
1032 2901 1067 2958 et
1092 2901 1270 2958 tractetur.

282 2985 548 3080 Legumlat'ures
564 3001 696 3058 veteres
710 3011 843 3072 omnes,
868 3013 940 3082 quo
955 2989 1036 3080 plus
1052 2989 1271 3060 auctoritatis

282 3091 355 3161 suis
360 3089 514 3181 legibus
538 3091 723 3184 adderent,
754 3087 912 3160 Deorum
934 3089 1086 3160 oraculis
1106 3089 1270 3182 probatae

281 3192 547 3264 adseverabant
599 3189 721 3260 Minos
737 3191 933 3280 fingebatur
946 3215 1075 3261 novem
1093 3215 1268 3262 annorum

283 3293 402 3385 spacio
428 3293 524 3362 Iovis
551 3315 636 3362 ustas
659 3292 826 3362 familiari
852 3287 1124 3378 consuetudine,
1155 3293 1202 3360 ab
1228 3317 1269 3362 eo

284 3395 551 3468 constituendae
574 3391 678 3484 Reip.
704 3395 879 3464 rationem
908 3394 1084 3466 didicisse.
1135 3393 1269 3488 Lycur-

284 3521 366 3588 gum
391 3497 511 3566 terunt
527 3509 562 3566 et
578 3496 622 3565 nb
638 3493 807 3585 Apolline
822 3492 936 3566 Deum
951 3496 1165 3588 appellatum
1187 3519 1270 3576 esse,

283 3614 318 3670 et
336 3623 398 3668 sua
419 3599 531 3666 edicta
555 3588 689 3692 ῥήτρας
703 3621 863 3680 vocasse,
888 3599 982 3691 quud
998 3597 1139 3668 oracula
1157 3598 1270 3666 videri

284 3703 401 3770 vellet.
460 3697 613 3767 Numam
645 3696 747 3766 aiunt
774 3699 955 3767 simulasse
974 3713 1168 3768 nocturnos
1190 3723 1269 3768 cum

283 3797 411 3892 Egeria
435 3821 650 3887 congressus.
718 3795 960 3887 Fingebantur
992 3793 1096 3882 haec,
1129 3811 1169 3868 nt
1190 3823 1269 3868 cum

244 3924 249 3934 ¹
284 3904 409 3974 divino
425 3901 557 3972 iudicio
572 3897 785 3992 adprobatae
799 3899 892 3987 leges
907 3899 1132 3980 viderentur,
1158 3899 1270 3990 pluris

285 4007 419 4078 fierent.
455 4001 599 4091 Quanto
616 4000 770 4072 sanctius
786 4025 804 4070 a
818 4000 921 4070 nobis
936 4000 991 4070 ius
1006 3999 1188 4091 publicum
1202 4001 1269 4070 coli

284 4109 409 4191 debet,
433 4128 511 4173 cum
528 4105 563 4172 id
581 4125 654 4172 non
669 4102 913 4172 commenticia
930 4102 1091 4183 oracula,
1116 4103 1177 4172 sed
1193 4127 1271 4172 cer·

284 4209 439 4281 tissimae
460 4229 562 4274 voces
582 4205 724 4274 divinae
747 4204 851 4276 nobis
870 4204 1074 4295 gravissime
1089 4227 1271 4274 commen-

284 4310 427 4382 derint?

384 4409 496 4480 Porro
520 4432 600 4478 cum
625 4421 776 4494 constet,
801 4405 892 4478 nihil
915 4429 1071 4499 pugnare
1088 4431 1168 4477 cum
1184 4407 1272 4478 civi·-

246 4527 250 4540 '
284 4511 379 4586 libu's
404 4511 540 4599 legibus
562 4509 787 4599 religionem,
820 4525 855 4582 ιι
877 4511 914 4580 in
943 4512 1049 4580 rebus
1078 4505 1272 4601 prophanis

286 4613 486 4688 iudicandis
512 4613 565 4680 sas
593 4634 684 4696 esse,
718 4612 774 4680 vel
806 4611 997 4702 gentilibus
1026 4611 1083 4682 vel
1110 4609 1272 4682 mosaicis

284 4719 420 4810 legibus
436 4715 500 4791 nti,
522 4713 820 4804 expostulabimus
832 4713 1013 4807 aliquanto
1029 4713 1174 4784 liberius
1190 4737 1269 4783 cum

285 4821 329 4891 iis
355 4820 418 4914 qui
449 4814 636 4906 publico'
626 4817 695 4884 ruri
723 4831 859 4905 praeter
885 4815 1047 4885 meritum
1075 4814 1271 4908 iniquiores

284 4937 380 4994 sunt.
432 4917 513 4988 Non
529 4917 622 5000 satis,
647 4917 696 4988 ιιι
712 4941 768 4986 me
787 4917 876 4992 bene
889 4929 1007 4986 ament
1023 4913 1160 5001 Musae,
1184 4940 1271 4986 con-

283 5025 427 5094 stituere
452 5042 611 5110 possum,
645 5018 776 5088 morosi
806 5017 847 5086 hi
864 5013 955 5086 milri
975 5018 1163 5088 videantur
1190 5031 1271 5088 tan-

284 5139 378 5210 tum,
404 5143 608 5212 enprorsus
630 5121 764 5190 furere:
790 5143 873 5190 narn
892 5133 933 5191 nt
950 5118 1160 5190 illiberalem
1181 5143 1270 5190 con·

258 5223 259 5226 '
283 5225 402 5297 vivam
419 5246 492 5293 esse
511 5243 709 5306 censemus,
734 5221 796 5316 qui
812 5223 904 5314 apud
928 5221 1081 5290 amicum
1103 5243 1269 5312 praesen·

281 5341 354 5402 tem
368 5325 504 5418 copiam
519 5336 681 5412 nauseat,
701 5324 748 5394 ita
764 5323 827 5418 qui
839 5335 1039 5417 praesentes
1054 5345 1187 5410 mores,
1209 5322 1269 5393 in·

1320 2695 1525 2752 namentum
1549 2682 1683 2772 patriae
1705 2679 2004 2775 pulcherrimum,
2029 2713 2181 2780 quarum
2200 2690 2337 2756 bene-

1321 2782 1428 2852 ficio
1418 2783 1484 2874 rpsi
1513 2796 1546 2854 et
1562 2783 1724 2866 aluntur,
1750 2800 1784 2854 et
1801 2797 2006 2873 servantur,
2029 2802 2068 2858 ιιι
2093 2814 2140 2860 ne
2164 2803 2337 2858 naturae

1321 2884 1463 2977 quidem
1486 2885 1565 2975 plus
1587 2909 1692 2977 quam
1713 2837 1772 2954 leis
1793 2887 1956 2962 debeant.
2008 2889 2147 2960 Mirum
2165 2917 2201 2958 ιιι
2192 2887 2337 2956 ⁸7-lul

1321 2985 1415 3054 turio
1439 2986 1518 3076 plus
1542 2999 1593 3056 est
1616 2981 1782 3071 humani,
1810 3013 1916 3081 quam
1940 2985 2024 3060 huic
2046 2993 2180 3080 generi.
2230 2987 2337 3078 Ego

1321 3088 1495 3177 prolecto,
1528 3086 1667 3179 quoties
1688 3089 1916 3178 defatigatum
1937 3091 2096 3164 animum
2133 3093 2297 3164 remittere
2336 3085 2337 3112 ¹

1321 3211 1546 3282 recreareque
1566 3188 1670 3274 libet,
1702 3191 1837 3260 nulla
1826 3215 1865 3260 ιιι
1883 3215 1925 3262 ἰι
1951 3193 2113 3280 suavius,
2144 3210 2245 3288 atque
2265 3192 2298 3260 iu

1322 3289 1454 3380 patriae
1468 3289 1712 3360 recordatione
1729 3293 1921 3386 acquiesco.
1973 3291 2015 3364 ld
2031 3297 2127 3388 quod
2143 3295 2215 3366 ficri
2231 3315 2296 3362 nou
2336 3283 2337 3294 ¹

1322 3404 1456 3478 posset,
1481 3390 1550 3461 nisi
1575 3391 1706 3462 mirum
1732 3396 1908 3486 quendam
1939 3395 2014 3468 eius
2036 3421 2193 3468 amorem
2216 3398 2299 3466 inse·
2336 3465 2337 3470 ,

1323 3491 1425 3562 risset
1449 3479 1587 3564 natura.
1644 3493 1777 3564 Videor
1792 3491 1914 3564 mihi
1905 3521 1973 3564 ram
1989 3519 2091 3594 agros
2116 3494 2299 3590 pervagari,

1304 3595 1391 3662 iam
1410 3595 1447 3662 in
1465 3589 1578 3665 hortis
1593 3607 1752 3685 reptare,
1777 3595 1847 3666 iam
1864 3597 1907 3666 ad
1925 3598 2057 3668 flumen
2072 3601 2298 3670 deambulare.

1321 3693 1390 3764 Hic
1406 3709 1552 3764 naturae
1568 3719 1669 3786 opes,
1695 3695 1906 3770 industriam
1923 3699 2132 3772 colonorum
2150 3719 2299 3772 meorum

1321 3795 1451 3864 civium
1470 3797 1594 3866 tacitus
1610 3801 1840 3889 contemplor,
1865 3801 2022 3870 admiror
2036 3803 2209 3874 maiorum
2224 3825 2300 3893 pru·

1321 3897 1496 3976 dentiam,
1522 3898 1584 3992 qui
1606 3921 1725 3988 agros,
1750 3901 1811 3992 qni
1828 3902 1999 3992 oppidum
2020 3903 2135 3994 ipsum
2157 3905 2301 3993 diligen·
2336 3909 2337 3918 ’

1323 3999 1454 4068 tissime
1467 4014 1642 4071 ornarunt
1656 4013 1692 4070 et
1710 4002 1930 4076 munierunt.
1980 4002 2078 4074 Haec
2092 4029 2173 4074 curn
2188 4005 2299 4076 animo

1321 4100 1523 4184 considero,
1551 4115 1586 4172 et
1607 4105 1862 4193 propemodum
1888 4105 2046 4191 intueor,
2070 4107 2300 4178 mediocrine

1322 4226 1377 4270 me
1399 4202 1577 4293 voluptate
1599 4204 1731 4294 perleui
1754 4206 1926 4276 censetis?
1959 4206 2020 4277 Me
2035 4231 2118 4280 vere
2135 4235 2216 4280 cum
2238 4203 2300 4276 luci

1321 4304 1513 4374 amoenitas
1530 4328 1590 4392 per
1608 4329 1682 4374 sese
1699 4305 1865 4392 delectat,
1890 4322 1965 4380 tum
1983 4310 2065 4403 quia
2089 4311 2222 4402 patriae
2240 4331 2300 4378 uo·

1322 4429 1402 4474 men
1419 4407 1571 4490 accedit,
1595 4408 1697 4476 valde
1713 4408 1869 4480 ιιιιιιιοι.
1920 4408 1993 4480 Νιι
2015 4412 2134 4482 minus
2156 4413 2219 4482 tali
2243 4433 2300 4500 pa·

1321 4507 1386 4576 tria
1404 4507 1540 4598 ιιρίοι,
1567 4533 1672 4600 qnam
1699 4509 1760 4578 ille
1782 4505 1921 4594 ltltaca,
1944 4513 2006 4606 qui
2021 4514 2184 4606 quamvis
2205 4507 2301 4582 steri·

1322 4610 1410 4688 lem,
1436 4623 1471 4678 et
1493 4609 1563 4677 in
1554 4611 1756 4697 asperrimis
1770 4612 1861 4680 saxis
1879 4627 2045 4705 tanquam
2060 4615 2251 4686 nidulum·
2243 4612 2300 4682 ad·

1321 4709 1443 4794 fixam,
1470 4710 1583 4802 pluris
1601 4710 1862 4782 immortalitate
1885 4715 1978 4785 lecit.
2028 4711 2170 4786 Etcum
2189 4729 2301 4785 tanto-

1319 4835 1401 4902 pere
1418 4813 1533 4881 sulnm
1549 4813 1663 4903 ipsum
1678 4827 1827 4899 emetur,
1852 4839 1926 4884 non
1942 4841 2082 4908 possum
2100 4843 2172 4888 nnn
2189 4818 2301 4886 favere

1319 4927 1354 4986 et
1369 4914 1523 5003 legibus,
1547 4915 1678 5006 quibus
1693 4913 1824 4984 civium
1839 4917 1932 4986 inter
1952 4943 1988 4988 se
2011 4921 2125 4990 studia
2141 4919 2301 4990 volttttta·
2333 4911 2337 4924 “

1319 5030 1441 5109 tesqua
1465 5017 1701 5086 conciliantur
1724 5031 1759 5086 ct
1780 5019 2051 5107 devinciuntur,
2075 5047 2165 5114 quae
2183 5023 2302 5090 durite-

1318 5117 1439 5188 sticarn
1474 5118 1719 5208 disciplinam,
1757 5115 1878 5188 bonos
1902 5145 2038 5208 mores,
2081 5117 2299 5216 popularium

1317 5218 1517 5290 libertatem
1542 5233 1706 5304 tuentur,
1731 5243 1821 5312 quae
1838 5224 1991 5312 profecto
2008 5249 2081 5294 non
2105 5226 2222 5297 minus
2239 5239 2301 5290 ιιοι

1318 5345 1423 5417 quam
1447 5321 1537 5392 lares
1561 5322 1692 5409 nostri,
1719 5322 1906 5399 delectant.
1950 5321 2121 5398 'Proinde
2141 5349 2222 5398 cum
2246 5324 2302 5392 iu·
