4718 5828
226 169 278 302 ea
631 229 1835 316 uacuusconnrcnuursanonsrunus.
1954 348 1958 354 .
2199 243 2252 316 as
2353 261 2354 328 s

230 398 315 492 quid
339 423 434 486 non,
466 402 606 492 plenius
626 427 667 474 ac
686 404 814 476 melius
827 402 1027 502 Chrysippo
1048 423 1083 481 et
1101 407 1217 482 Cran·
1267 411 1307 480 in
1327 407 1442 480 vineis
1463 403 1630 502 Engaddi
1653 433 1823 506 cyperum
1850 408 2061 501 legerimus,
2093 427 2259 486 occurret

172 549 178 560 ·
230 513 308 572 tore
324 501 421 573 dicit.
471 501 548 574 Hac
561 505 660 576 nulla
683 507 776 578 vitae
797 509 896 601 pals,
921 535 1037 605 neque
1059 513 1218 604 publica,
1266 535 1417 604 sponsus
1433 511 1562 583 saliens
1578 537 1685 605 super
1700 527 1849 594 montes,
1866 514 2132 586 cttranmiliens
2148 539 2259 608 super
2353 517 2354 580 ἶ

231 625 347 706 neque
364 605 501 705 privata
520 630 642 684 vacere
660 623 785 704 petest.
836 610 932 685 Huic
956 613 1216 688 administratio
1266 615 1394 706 colles,
1420 615 1546 688 ductos
1561 616 1600 685 in
1619 613 1757 686 Palatia
1776 611 1879 686 Eden
1895 628 1992 720 puin
2018 617 2131 697 mula
2147 643 2257 688 succo
2353 617 2354 640 ³

147 721 150 728 ’
232 735 352 784 rerum
383 715 601 784 urbanarum
622 717 964 811 domesticarumque
988 718 1104 790 debet.
1163 713 1217 788 Ac
1267 714 1456 814 liquido¹),
1470 719 1652 807 flagrante,
1664 716 1703 786 in
1719 717 1797 809 pios
1807 711 1836 812 ¹)
1855 719 1995 787 animos
2008 719 2182 790 difluentc
2198 720 2260 788 in·
2353 753 2354 778 ÷

232 817 350 892 nescio
366 839 413 886 an
428 816 565 887 minore
587 815 814 889 incommodo
836 819 993 889 mundus
1015 815 1075 888 bic
1097 834 1218 892 noster
1266 833 1393 910 unget,
1416 844 1456 890 ac
1477 833 1592 890 morte
1615 818 1729 888 emuli
1750 819 1969 908 dignabitur.
2022 819 2125 890 lllius
2143 845 2259 889 mem·
2353 851 2354 884 4

233 919 326 1002 sole,
352 919 471 988 animo
488 919 650 991 videlieet
662 943 726 990 suo
751 921 925 991 cariturus
940 920 1003 1006 sit,
1028 945 1134 1015 quam
1157 916 1218 991 hi·
1269 923 1342 990 bris
1375 921 1501 996 inserti
1532 921 1710 1006 vivemus,
1741 921 1972 1012 spirabimus,
2004 921 2260 1011 vegetabimur,
2353 939 2354 942 ’

232 1020 359 1104 storia,
385 1020 543 1089 civilium
560 1022 787 1111 negociorum
801 1021 905 1097 ratio.
940 1020 1128 1110 Consensu
1142 1049 1218 1094 ma·
1269 1023 1358 1096 Sion
1373 1023 1670 1114 contemplantes,
1702 1035 1738 1092 et
1753 1015 2179 1118 silentioxpvptopuiorqs
2190 1021 2259 1094 Sa·
2353 1085 2354 1090 ,

232 1119 350 1191 iorum
375 1135 578 1192 nostrorum
600 1125 814 1194 celebratum
835 1137 903 1204 cst,
936 1123 1060 1194 Musas
1078 1149 1119 1196 ex
1142 1126 1217 1196 m'e-
1269 1127 1338 1197 lem
1361 1127 1558 1196 adorantes.
1617 1121 1688 1193 Hic
1715 1124 1874 1194 coelestis
1897 1125 2092 1216 sapientiae
2118 1124 2259 1194 fructus

233 1223 462 1294 morianatas
479 1247 563 1298 esse.
613 1221 687 1309 Eo,
713 1225 753 1294 ni
768 1225 890 1311 fallor,
906 1226 1217 1316 significatum,ea
1269 1239 1330 1300 est.
1381 1223 1471 1296 Eam
1488 1226 1598 1316 igitur
1613 1249 1720 1318 quam
1736 1225 1924 1316 purissime
1947 1249 2022 1295 nou
2044 1225 2259 1318 interpolla-

232 1319 381 1397 historia
396 1349 502 1395 omne
516 1325 645 1396 artium
661 1349 770 1416 genus
786 1351 943 1402 manare.
992 1327 1220 1420 Complector
1269 1341 1340 1398 tam
1356 1323 1488 1400 nostris
1511 1327 1658 1416 argutiis
1678 1326 1846 1399 colamus.
1899 1326 1938 1397 ld
1966 1330 2061 1421 quod
2085 1351 2164 1396 cum
2188 1327 2259 1396 ali·
2353 1389 2354 1394 ,

233 1449 316 1515 ergo
330 1421 585 1518 Philosophiae
600 1429 745 1498 nomine
759 1429 940 1500 scientiam
957 1444 1120 1516 naturae,
1141 1457 1218 1501 mo·
1269 1429 1583 1524 quotiesxinculcat
1601 1427 1754 1513 Paulus,
1780 1443 1856 1500 tum
1879 1429 1917 1498 iu
1941 1421 2103 1520 Epistola
2127 1426 2260 1497 ad-Ti-

233 1551 314 1598 rum
327 1529 504 1610 rationes,
530 1543 565 1599 et
579 1531 748 1622 exempla.
800 1529 943 1620 Quibus
958 1533 1020 1627 qni
1037 1547 1129 1604 recte
1151 1534 1219 1602 im·
1270 1546 1349 1604 turn
1367 1531 1490 1604 sedulo
1515 1555 1535 1600 a
1556 1525 1753 1600 Christiani
1776 1525 1933 1600 bominis
1952 1531 2115 1602 doctrina
2136 1528 2259 1618 exigit,

213 1631 340 1708 ,butus
371 1629 501 1715 fucrit,
533 1631 596 1700 ille
616 1629 710 1701 viam
733 1631 803 1702 sihi
834 1637 879 1704 ad
911 1657 1051 1709 summa
1078 1635 1218 1704 muniit·
1270 1627 1531 1728 ἅδιαφθορίαν
1552 1631 1807 1720 integritatem,
1840 1627 1910 1702 hoc
1938 1645 2011 1718 est,
2040 1656 2086 1702 nc
2118 1631 2258 1701 lubrica
2353 1709 2354 1716 ἵ

233 1728 365 1802 Causas
387 1745 529 1802 acturus
553 1726 698 1806 habebit
727 1736 824 1804 unde
852 1735 1000 1806 divitem
1029 1761 1146 1807 rerum
1179 1761 1219 1806 ac
1268 1735 1314 1804 sit
1331 1736 1427 1805 tides.
1479 1731 1618 1804 Deinde
1634 1726 1841 1826 σεμνότητα
1857 1727 2176 1814 mundiciem,hoc
2192 1746 2258 1816 est,
2353 1737 2354 1744 ’

233 1833 389 1927 amplam
406 1834 604 1905 orationem
616 1837 761 1908 condat:
786 1835 976 1913 Civitatem
993 1839 1218 1908 administra·
1270 1861 1316 1906 ne
1342 1834 1469 1906 alienis
1494 1834 1608 1906 literis
1641 1833 1803 1926 improbe
1834 1857 1930 1905 sacra
1958 1834 2255 1906 contaminemus.
2353 1861 2354 1906 ι

234 1948 357 2018 turus,
388 1939 486 2006 unde
505 1935 626 2028 aequi,
657 1938 763 2020 honi,
794 1939 879 2009 iusti
908 1941 1079 2010 formulas
1112 1953 1217 2032 petat.
1271 1934 1524 2032 Opinorquod
1543 1939 1704 2008 futurum
1723 1936 1876 2024 sciehat,
1900 1937 2054 2006 sisacris
2071 1929 2258 2028 prophana

233 2032 416 2110 Nimirum
433 2033 1219 2132 haecPhilosophiaecommodaDemostheni
1271 2041 1521 2124 miscerentur,
1547 2039 1641 2118 lore,
1676 2051 1716 2108 ut
1748 2038 1856 2108 simul
1887 2032 2066 2132 prophani
2097 2036 2258 2122 affectus,
2353 2049 2354 2116 ἰ

100 2137 106 2146 ’
236 2139 432 2210 clarissimo
461 2135 610 2211 Oratori
637 2143 712 2211 visa
734 2157 836 2229 sunt,
875 2167 938 2212 cur
962 2157 1033 2213 tam
1060 2157 1219 2214 accurate
1270 2141 1371 2227 odia,
1395 2141 1512 2214 studia
1542 2139 1755 2226 lactionum,
1780 2134 1985 2224 schismata,
2007 2139 2140 2229 iurgia,
2169 2161 2259 2208 con·
2353 2135 2354 2154 ¹

196 2261 198 2266 ⁴
236 2263 313 2310 eam
329 2241 548 2313 adulescenti
565 2243 704 2314 cuidam
727 2245 1000 2315 commendarit:
1020 2238 1148 2340 νόμιζε
1167 2239 1219 2318 de'.
1270 2243 1389 2312 sertim
1411 2243 1650 2314 succederent.
1701 2239 1858 2310 Proinde
1881 2243 1945 2334 qui
1965 2241 2098 2310 divinis
2119 2239 2258 2309 initiari

233 2338 389 2437 Reliqua
405 2345 473 2436 ipsi
485 2340 677 2416 inErotico
693 2345 807 2436 legite.
847 2343 1030 2418 M.Cicem
1045 2357 1219 2440 nusquam
1271 2345 1383 2429 volet,
1410 2339 1527 2413 Adam
1545 2342 1649 2410 illum
1665 2355 1817 2412 veterem
1833 2355 1938 2412 exuat
1957 2355 2116 2434 oportet,
2142 2353 2182 2412 ut
2198 2341 2257 2410 in·
2353 2345 2354 2354 ’

233 2467 308 2515 non
336 2447 434 2516 dedit
455 2441 708 2539 Philosophiae
733 2448 883 2538 primas,
917 2462 951 2519 et
973 2447 1120 2518 audistis
1143 2445 1220 2538 opi·
1272 2445 1539 2536 corruptibilem
1563 2441 1681 2513 Adam
1705 2444 1856 2529 induat,
1889 2438 1957 2516 hoc
1978 2456 2046 2530 cst,
2080 2439 2258 2514 humanos
2353 2451 2354 2504 ἶ

235 2570 323 2631 nor,
350 2547 438 2641 quid
452 2549 513 2617 ille
530 2549 570 2616 in
585 2549 848 2640 comparatione
859 2548 974 2620 Servii
990 2547 1161 2642 Sulpicii,
1184 2561 1221 2618 et
1271 2547 1435 2632 allectus,
1461 2546 1647 2638 ipsumque
1662 2545 1783 2616 callidi
1796 2546 1970 2636 serpentis
1984 2545 2106 2634 iugum
2128 2567 2256 2635 supera

236 2646 283 2738 Q.
305 2647 472 2720 Scevolae
495 2647 685 2722 iuriscons.
707 2653 885 2744 quendam
920 2644 1042 2748 σοφόν
1063 2649 1219 2723 Romani
1271 2649 1402 2720 virtute
1429 2649 1586 2738 frangat,
1618 2648 1791 2733 excutiat,
1822 2661 1864 2717 ut
1895 2648 1934 2716 in
1968 2647 2081 2738 gloria
2107 2644 2259 2719 Domini

236 2746 551 2840 cognominarunt,
576 2752 741 2822 admirati
765 2753 909 2823 uberem
933 2753 971 2822 in
993 2777 1034 2822 eo
1054 2749 1221 2822 Philoso-
1262 2751 1544 2821 transformetur
1559 2749 1597 2818 in
1610 2750 1774 2843 abyssum
1796 2749 1955 2842 abyssus.
2006 2746 2085 2818 Hoc
2109 2771 2192 2817 sane
2216 2748 2257 2816 in

236 2847 423 2943 phicarum
439 2877 557 2924 rerum
573 2853 767 2924 scientiam.
818 2853 954 2926 Verum
977 2857 1072 2948 quod
1096 2855 1141 2924 ad
1164 2877 1220 2924 sa·
1271 2876 1374 2922 cansa
1397 2865 1472 2922 erat
1493 2874 1557 2922 cur
1579 2851 1732 2920 dicerem
1752 2875 1820 2921 usu
1844 2850 2026 2939 literarum
2050 2849 2256 2934 destitutam

238 2977 297 3023 cra
319 2953 465 3040 attinet,
500 2955 693 3044 plurimum
719 2945 824 3026 refert
855 2959 1033 3047 quomodo
1059 2955 1218 3027 animum
1271 2949 1482 3038 Ecclesiam,
1500 2977 1620 3022 veram
1637 2975 1677 3022 ac
1692 2957 1894 3042 germanam
1908 2953 2074 3044 pietatem
2090 2950 2257 3022 traditio·

238 3078 429 3144 compares.
480 3054 571 3125 Nam
587 3057 727 3151 siquod
746 3058 944 3129 studiorum
969 3081 1098 3149 genus,
1122 3083 1219 3128 sacra
1271 3055 1377 3126 nibus
1392 3050 1558 3125 humanis
1575 3053 1707 3125 alicubi
1722 3069 1886 3125 mutasse.
1930 3046 2259 3146 Postquam-horni-

237 3157 395 3246 prolecto
425 3157 648 3249 potissimum
677 3159 839 3248 ingenio,
869 3184 937 3231 usu
959 3173 993 3230 et
1015 3183 1101 3230 cura
1131 3183 1220 3252 opus
1270 3181 1358 3228 num
1374 3169 1570 3227 commenta
1585 3156 1723 3248 placere
1744 3167 1953 3248 coeperunt,
1979 3167 2014 3226 et
2028 3177 2148 3224 amore
2170 3177 2259 3244 ope-

217 3253 380 3344 ‚habent
431 3255 496 3332 Est
511 3259 605 3330 enim
622 3262 712 3330 odor
727 3277 990 3351 unguentorum
1007 3261 1143 3330 domini
1161 3287 1220 3332 su·
1271 3284 1349 3330 rum
1367 3271 1571 3328 nostrorum
1586 3257 1686 3339 victi,
1713 3281 1778 3349 pro
1800 3281 1929 3326 manna
1948 3251 2170 3346 Beelphegor
2189 3277 2259 3343 gu·
2278 3279 2286 3304 t

237 3363 301 3450 pe'r
334 3355 569 3431 humanarum
602 3362 870 3454 disciplinarum
904 3377 1078 3434 aromata:
1119 3365 1220 3436 Duce
1270 3361 1452 3444 stavimus,
1466 3353 1942 3452 homiuesnonxptoros'csse
1953 3358 2142 3448 coepimus.
2156 3354 2258 3426 llaec

237 3459 549 3552 Spiritn,'comite
572 3463 702 3534 artium
726 3457 927 3535 nostrarum
950 3465 1067 3549 cultu,
1093 3467 1138 3535 ad
1164 3489 1220 3535 sa·
1271 3463 1376 3532 velim
1398 3463 1447 3532 ita
1461 3461 1576 3530 dicere
1594 3461 1732 3548 videar,
1757 3473 1798 3530 ut
1813 3461 1938 3531 sentio.
1989 3458 2113 3530 Sentio
2138 3473 2258 3530 autem

237 3584 295 3632 cra
311 3565 432 3633 venire
452 3565 548 3636 licet.
600 3562 701 3634 Sicut
716 3567 762 3636 ad
777 3564 1033 3637 Herculianum
1045 3566 1219 3661 synesius
1261 3564 1419 3656 ‘omnino
1436 3563 1534 3634 aliud
1557 3557 1668 3646 nihil,
1693 3585 1799 3655 quam
1823 3564 1919 3654 quod
1936 3557 2170 3660 Evangelicae
2195 3583 2259 3630 ve-

237 3664 375 3735 scribit:
403 3662 616 3760 ddp‘wue'awa
631 3663 810 3761 εὐθυμῶς
822 3660 1002 3761 <lampadas
1015 3663 1219 3764 attempta
1271 3666 1367 3738 ritati
1387 3662 1565 3736 Ecclesiae
1586 3663 1736 3734 decretis
1767 3664 1956 3754 probatur,
1993 3663 2130 3752 eritque
2163 3655 2259 3730 mihi

234 3759 428 3859 χρώμενος
457 3767 493 3850 ἐς
518 3764 574 3841 τὰ
592 3767 701 3840 θεῖον
732 3762 983 3866 ποληγετούση
1012 3762 1219 3868 ἀξιαγᾶστε.
1270 3768 1365 3860 quod
1380 3763 1533 3836 Hebraei
1550 3765 1674 3836 dicunt
1698 3778 1820 3846 mut
1845 3777 1991 3846 mmor
2015 3759 2152 3857 ἵης’).
2179 3759 2258 3831 lam

238 3865 280 3936 ld
303 3870 331 3936 si
354 3870 412 3938 cui
436 3894 511 3940 non
535 3871 695 3954 videtur,
718 3871 845 3961 cogitet
869 3885 1007 3963 praeter
1027 3885 1162 3942 caetera
1186 3885 1220 3942 et
1270 3893 1315 3938 nc
1328 3869 1476 3938 obscure
1491 3866 1710 3956 intelligitis,
1731 3880 1903 3960 quantum
1919 3869 1964 3936 sit
1986 3865 2025 3934 in
2042 3864 2260 3936 renascenti·

237 3965 473 4043 orstchalcum
497 3997 516 4041 a
536 3970 657 4065 Tyriis
684 3972 721 4040 in
744 3974 866 4062 templi
889 3971 1027 4067 Solymi
1048 3973 1218 4044 fabricam
1270 3971 1337 4041 bus
1353 3969 1480 4041 studiis
1495 3969 1687 4051 momenti,
1713 3981 1885 4062 quantum
1902 3970 1946 4038 ad
1967 3965 2259 4037 excolendas-bo-

238 4071 405 4147 collatum
421 4098 506 4145 esse.
558 4071 681 4167 ltaque
696 4098 777 4144 cunr
788 4069 984 4164 Theologis
1002 4075 1131 4166 partim
1144 4072 1219 4144 He-
1271 4096 1334 4142 nas
1362 4084 1499 4142 mentes
1529 4071 1754 4142 conducant?
1805 4069 1923 4160 Quem
1953 4093 2027 4138 non
2054 4068 2259 4138 miserescat

237 4173 373 4258 hraica,
398 4175 527 4265 partim
544 4173 681 4246 Graeca
698 4175 763 4262 sit,
789 4200 872 4246 nam
887 4175 1007 4246 Latini
1025 4176 1121 4246 rivos
1135 4177 1219 4247 illo·
1269 4165 1460 4266 superioris
1475 4172 1615 4258 aetatis,
1640 4197 1731 4266 quae
1754 4185 1827 4244 tam
1844 4171 1937 4242 clara
1955 4171 2034 4241 luce
2057 4169 2259 4240 studiosum

238 4297 318 4344 rum
347 4274 524 4360 bibimus,
555 4275 698 4366 linguae
714 4291 889 4349 estcmae
908 4279 1096 4348 discendae
1123 4291 1219 4365 sunt,
1270 4277 1426 4361 deserta,
1451 4275 1491 4345 in
1504 4273 1580 4346 orci
1596 4275 1776 4356 tenebras,
1800 4274 1967 4345 etnescio
1982 4271 2195 4366 quasiseces
2210 4271 2258 4338 li-

237 4397 283 4444 ne
310 4375 419 4446 veluti
444 4370 556 4473 κωφὰ
576 4369 778 4472 πρόσωπα,
812 4404 893 4451 cum
919 4375 1113 4470 Theologis
1136 4403 1217 4471 aga·
1270 4392 1425 4448 terarum
1442 4375 1592 4447 incidit?
1643 4373 1760 4466 Quem
1775 4399 1849 4447 non
1864 4387 1983 4465 tangat
2000 4375 2125 4464 ingens
2142 4371 2259 4444 nostri

236 4498 328 4550 mus.
381 4475 436 4548 lbi
465 4501 501 4548 se
526 4479 696 4570 splendor
726 4481 916 4552 verborum
949 4505 989 4552 ac
1022 4483 1219 4575 proprietas
1270 4479 1380 4550 seculi
1397 4477 1596 4562 calamitas,
1617 4481 1711 4572 quod
1730 4492 1765 4550 et
1785 4477 1932 4548 vetustis
1953 4471 2165 4546 authoribus
2189 4497 2260 4543 no·

237 4578 389 4669 aperiet,
415 4595 449 4652 et
465 4593 624 4672 patescet
639 4581 736 4652 velut
758 4582 851 4653 intra
868 4583 1064 4656 meridiana
1087 4585 1217 4655 cubilia
1269 4581 1431 4652 stratium
1461 4579 1599 4652 incuria
1629 4583 1794 4652 orbatum
1820 4593 1892 4666 est,
1925 4577 2054 4649 deinde
2088 4577 2185 4670 quod
2218 4570 2260 4648 hi

237 4701 341 4749 verus
369 4681 430 4750 ille
459 4706 499 4752 ac
527 4683 703 4772 genuinus
724 4682 848 4755 literae
869 4707 1003 4760 sensus.
1052 4683 1217 4756 Proxime
1270 4707 1412 4778 quoque
1430 4683 1521 4753 lucri
1543 4681 1706 4754 iecissent
1720 4705 1761 4752 ex
1782 4681 1907 4766 bonis,
1932 4679 1971 4750 ni
1985 4677 2174 4769 periissent
2200 4675 2258 4746 illi

237 4805 318 4852 cum
333 4781 472 4853 literam
490 4783 726 4874 percepimus,
750 4809 939 4879 sequemur
958 4782 1144 4858 elenchum
1161 4811 1218 4864 re-
1268 4783 1468 4856 desiderati.
1528 4781 1696 4875 Superest
1717 4783 1845 4874 igitur,
1870 4781 2039 4862 Iuvenes,
2069 4793 2109 4851 ut
2130 4779 2258 4850 audia-
2353 4839 2354 4846 ,

105 4901 111 4908 ·
236 4907 328 4959 rum.
379 4883 565 4958 Facessent
581 4885 652 4954 iam
673 4899 727 4958 tot
747 4887 895 4978 frigidae
913 4889 1106 4977 glossulae,
1130 4913 1216 4963 con·
1268 4886 1332 4969 tis,
1357 4909 1561 4980 quanquam
1584 4887 1631 4958 ita
1647 4909 1683 4956 se
1701 4909 1756 4956 res
1771 4879 1918 4970 haheat,
1945 4897 1978 4955 et
1993 4881 2151 4954 difficilia
2173 4881 2259 4966 sint,

236 4987 461 5074 cordantiae,
492 4989 768 5074 discordantias,
802 5001 835 5062 et
856 4990 886 5060 si
911 5015 1001 5082 quae
1022 5003 1104 5061 sunt
1126 4991 1215 5062 aliae
1268 5011 1358 5082 quae
1373 4981 1522 5081 pulchra
1536 5001 1639 5074 sunt,
1663 4999 1782 5059 tamen
1797 4986 1846 5058 ita
1861 4987 1980 5059 vincet
1993 4983 2168 5058 industria
2184 4983 2258 5052 dil-

236 5087 371 5176 ingenii
395 5113 564 5160 remorae.
627 5085 746 5183 Atque
767 5115 848 5162 cum
869 5092 1008 5162 animos
1032 5095 1076 5164 ad
1100 5095 1216 5164 fontes
1273 5149 1472 5167 ..-..-,

234 5190 507 5274 contulerimus,
532 5186 714 5264 Christum
729 5216 849 5283 sapere
863 5192 1090 5283 incipiemus,
1112 5220 1215 5265 man·
1302 5241 1329 5304 1)
1348 5235 1419 5290 sont
1437 5237 1517 5294 mg,
1536 5237 1564 5292 3„
1583 5236 1660 5294 cm
1680 5243 1751 5296 unt.
1775 5240 1798 5312 1,
1816 5237 1842 5294 ρ,

234 5293 357 5362 datum
389 5293 463 5364 eius
495 5294 653 5368 lucidum
687 5293 791 5364 nobis
814 5295 890 5380 fiet,
924 5307 958 5364 et
978 5311 1119 5368 nectare
1149 5297 1213 5368 illo
1298 5325 1326 5394 ι)
1344 5324 1418 5377 ren.
1436 5324 1553 5394 aptos,
1573 5321 1721 5392 mendose,
1740 5329 1807 5393 puto
1828 5315 2056 5378 scribentum'tn
2071 5318 2143 5385 ptos.

170 5445 175 5450 -
234 5393 337 5468 heato
359 5395 502 5471 divinae
523 5397 716 5492 sapientiae
738 5397 1003 5490 perfundemur.
1061 5393 1112 5470 At
1131 5423 1212 5470 cum
1297 5425 1325 5498 a)
1344 5424 1455 5482 Potius:
1474 5411 1557 5478 taus
1580 5423 1686 5479 unum
1708 5423 1789 5494 aar,
1809 5428 1873 5477 sunt
1888 5420 1961 5475 enim
1979 5419 2062 5480 vesta
2077 5417 2149 5473 Pal.
2165 5417 2253 5486 914

213 5771 269 5781 4-
