4616 5816
71 285 138 364 sss
384 263 391 266 ’
576 281 738 359 nucu
789 275 1589 360 uumnumoureaarono
1693 217 1765 343 «⁹
1864 259 1867 269 '
2026 291 2103 378 ιιι

70 471 224 557 pererat,
246 458 282 528 id
311 459 472 529 conferre
493 459 538 528 ad
557 459 761 528 ornandum
784 456 873 528 iuris
891 433 1052 527 studidm
1105 447 1269 544 homines
1286 451 1406 523 vivere
1419 453 1551 544 cepisse
1566 455 1799 543 commodius,
1826 483 1905 529 cum
1923 474 2024 532 antea
2039 489 2101 556 pe-

70 563 184 634 roluit.
237 557 451 632 Meminerat
476 559 656 654 principes
675 555 862 634 Romanae
888 559 1053 643 civitatis,
1103 557 1236 626 sudum
1251 560 1351 625 more
1365 555 1557 646 glandibus
1572 573 1808 634 vescerentur.

70 663 260 749 Stevolam,
291 654 480 748 Crassum,
514 661 713 756 Sulpitium
735 677 769 734 et
794 663 884 733 alios
907 661 1053 747 mealtos,
1094 667 1101 675 ’
1205 654 1338 746 Magna
1361 657 1519 750 profecto
1544 671 1578 729 et
1603 658 1724 728 divina
1741 685 1798 730 res
1824 676 1875 734 est
1894 666 2100 738 constitutio

70 769 123 863 qui
141 791 221 838 cum
243 779 356 836 essent
377 766 602 849 consulares,
629 789 708 834 cum
725 765 924 856 pmvincias
940 764 1051 832 rexis-
1102 759 1287 830 civitatum
1302 772 1338 830 et
1351 760 1468 850 legum
1485 761 1635 832 mutatio
1651 763 1690 830 in
1707 765 1845 838 melius.
1871 761 1995 860 anue
2011 795 2100 863 quae

69 884 151 955 sent,
176 893 258 939 rum
276 869 369 940 bella
385 891 511 958 magna
528 866 732 957 gessissent,
757 880 877 938 tamen
901 889 1001 936 senes
1017 881 1052 938 et
1102 875 1239 934 constat
1251 875 1344 932 recte
1356 875 1390 932 et
1402 862 1576 933 foeliciter
1589 865 1777 937 constituta
1793 891 1867 937 esse
1881 892 1955 938 non
1969 884 2100 942 temere

68 971 216 1042 decesisse
231 971 286 1040 ius
304 985 339 1043 et
352 973 396 1040 de
417 969 495 1040 iure
508 969 743 1062 respondisse.
789 967 919 1040 Fertur
933 981 1050 1039 autem
1101 964 1348 1035 labefactanda
1365 979 1464 1050 sunt,
1488 979 1586 1036 nect
1604 965 1740 1037 donum
1758 966 1825 1038 Dei
1848 974 2031 1061 aspernari
2048 975 2099 1044 sic

69 1073 215 1146 lrnerius
240 1085 274 1142 et
289 1071 428 1145 Romae
450 1085 484 1141 et
504 1069 692 1141 Bononiae
714 1072 889 1156 docuisse,
915 1083 949 1140 et
976 1070 1049 1162 pri-
1101 1065 1304 1151 videamur,
1330 1079 1374 1137 et'
1389 1067 1496 1137 motis
1511 1069 1617 1138 rebus
1639 1069 1794 1160 publicis
1810 1072 1886 1142 siue
1904 1075 2097 1146 necessaria

68 1199 136 1246 mus
150 1201 190 1246 ex
207 1173 307 1246 Italis
326 1175 458 1264 glossas
471 1175 625 1246 textibus
640 1173 832 1244 addidisse.
872 1171 968 1242 Haec
984 1196 1049 1242 au·
1101 1191 1204 1238 causa
1236 1181 1430 1262 sequantur
1452 1170 1587 1240 maiora
1613 1169 1849 1248 incommoda.
1902 1173 2021 1246 Facile
2045 1191 2098 1248 est

67 1278 162 1370 spicia
182 1277 330 1348 fuerunt
352 1277 578 1346 renovandae
602 1270 710 1346 huius
732 1275 915 1346 doctrinae
935 1275 1048 1345 fausta
1100 1283 1217 1340 sutem
1240 1283 1281 1340 ut
1302 1269 1479 1342 Pindarus
1507 1272 1625 1366 inquit
1646 1273 1760 1343 cuivis
1782 1289 1919 1345 mutare
1943 1278 2096 1351 civitatis

68 1380 193 1450 etlaeta
206 1377 311 1472 Reip.
345 1377 420 1448 lam
436 1379 586 1468 cogitate
602 1377 727 1471 quanti
741 1377 787 1448 sit
801 1377 939 1468 negocii
954 1379 1049 1467 leges
1100 1383 1247 1460 statum,
1272 1373 1332 1442 sed
1357 1397 1497 1444 rursum
1519 1376 1640 1444 sedare
1663 1389 1696 1446 et
1717 1375 1755 1444 in
1781 1378 2016 1472 tranquillum
2035 1407 2094 1452 re·
2125 1453 2130 1474 ,

67 1481 234 1552 restituere
269 1494 403 1553 mutata
443 1479 559 1557 veteri
588 1477 694 1572 Reip.
728 1481 862 1566 forma,
903 1502 1048 1572 prorsus
1099 1473 1245 1546 stituere
1265 1475 1376 1546 solius
1390 1472 1468 1545 Dei.
1520 1473 1611 1548 Cum
1635 1477 1744 1567 igitur
1766 1493 1912 1551 eventus
1931 1486 2093 1556 ostendat

67 1583 233 1678 antiquata
261 1583 331 1654 lori
357 1581 633 1667 consuetudine,
675 1581 802 1652 amissa
833 1582 1048 1674 proprietate
1098 1576 1138 1644 in
1154 1576 1230 1668 ipsa
1245 1575 1461 1648 iudiciorum
1477 1579 1725 1648 emendatione
1743 1580 1799 1650 ius
1813 1580 2019 1654 Romanum
2035 1587 2092 1657 di-

67 1686 205 1775 liuguae.
260 1681 315 1756 Er
337 1685 444 1756 tantis
463 1683 733 1755 difficultatibus
758 1707 839 1756 cum
862 1684 970 1776 primi
991 1683 1046 1752 illi
1099 1678 1233 1750 vinitus
1249 1676 1451 1750 institutum
1466 1703 1553 1766 esse,
1574 1704 1815 1772 agnoscamus,
1837 1699 1872 1756 et
1886 1687 1975 1775 grati
1992 1685 2092 1760 tuea-

67 1801 307 1868 restauratores
322 1786 497 1858 foeliciter
511 1786 653 1858 eluctati
668 1786 751 1871 sint,
766 1800 801 1858 et
815 1785 916 1880 quasi
931 1809 1046 1881 quan-
1098 1805 1180 1851 mur
1195 1777 1263 1851 Dei
1278 1781 1499 1853 beneficium.
1941 1844 1942 1847 ,

68 1892 136 1959 dam
157 1889 348 1980 imaginem
371 1889 500 1959 veteris
514 1885 620 1979 Reip.
640 1888 879 1973 restituerint,
904 1911 1046 1958 necesse
1199 1881 1270 1953 Sed
1290 1885 1396 1953 redeo
1419 1885 1462 1953 ad
1478 1883 1682 1978 scriptores:
1716 1883 1883 1958 Bartolus
1897 1891 1985 1961 vixit
2000 1907 2090 1962 tem-

67 2005 109 2062 est
121 2015 174 2062 eos
187 2016 263 2061 non
277 1992 393 2062 solum
408 1990 562 2082 ingeniis
577 2004 612 2061 et
626 1991 814 2080 prudentia
831 1990 1044 2070 excelluisse,
1097 2007 1183 2076 pore
1204 1981 1293 2076 Imp.
1313 1983 1433 2055 Caroli
1455 1983 1603 2075 Quarti,
1640 2001 1675 2059 et
1698 2014 1901 2082 quanquam
1924 2017 2088 2086 magnam

67 2118 157 2186 quem
179 2117 302 2164 rerum
325 2115 410 2164 usus
434 2105 593 2176 acuerat,
615 2093 677 2162 sed
700 2093 805 2162 etiam
823 2090 1043 2182 diligentiam
1096 2087 1237 2156 laudem
1255 2087 1403 2180 adeptus
1418 2103 1480 2173 est,
1503 2099 1689 2182 propterea
1707 2093 1802 2184 quod
1820 2093 1923 2184 plura
1940 2098 2090 2188 scripse-

66 2195 251 2266 mirabilem
274 2219 315 2266 ac
337 2195 494 2265 studium
517 2189 721 2264 adhibuisse
750 2194 789 2262 in
820 2193 1045 2264 conferendis
1096 2187 1143 2258 rit
1159 2212 1266 2282 quam
1284 2191 1472 2283 quisquam
1490 2204 1571 2264 ante
1588 2191 1721 2284 ipsum:
1748 2197 1926 2266 tamenin
1951 2222 2088 2270 summa

67 2297 204 2386 legibus,
239 2311 276 2368 et
295 2297 564 2368 considerandis
591 2295 752 2368 lontibus
777 2320 818 2365 ac
844 2295 1043 2366 rationibus
1095 2289 1330 2360 admiratione
1363 2305 1415 2362 est
1440 2305 1586 2386 propter
1616 2293 1750 2384 ingenii
1781 2295 2024 2370 dexteritatem
2054 2315 2088 2374 et

67 2399 370 2469 emditissimarum
395 2399 704 2472 constitutionum.
757 2393 902 2490 Opinor
925 2411 1043 2469 tamen
1095 2415 1251 2461 amorem
1271 2391 1441 2470 veritatis.
1492 2393 1633 2485 lngenii
1654 2396 1826 2471 foelicitas
1850 2424 1890 2469 er
1914 2425 1955 2471 eo
1981 2405 2087 2476 aesti-

68 2497 272 2572 Graecorum
296 2501 561 2571 commentariis
592 2501 733 2572 adiutos
757 2523 847 2586 esse,
889 2523 1043 2594 quorum
1095 2493 1186 2563 mari
1207 2508 1340 2588 potest,
1365 2495 1461 2590 quod
1486 2495 1656 2566 iuvenilia
1679 2499 1795 2569 studia
1820 2501 2001 2574 celerrime
2021 2507 2087 2577 ab-

67 2603 161 2696 aliqui
175 2599 294 2674 adhuc
308 2604 348 2672 in
362 2600 463 2673 ltalia
481 2597 671 2676 habentur.
710 2601 758 2674 Ut
773 2615 890 2673 autem
905 2600 1043 2673 Romae
1094 2597 1221 2682 solvit,
1256 2609 1290 2666 et
1317 2591 1434 2668 adhuc
1462 2597 1666 2678 adolescens
1697 2601 1898 2674 celebritate
1927 2607 2086 2680 nominis

5 2757 6 2762 ε
66 2703 268 2796 Papinianus
284 2703 465 2776 auditores
488 2704 664 2797 plurimos
685 2725 821 2774 summa
843 2703 1043 2774 emditioue
1094 2699 1166 2768 lere
1186 2711 1296 2769 totam
1313 2695 1449 2770 Italiam
1475 2701 1676 2792 complevit.
1726 2699 1769 2772 In
1784 2701 1826 2780 L.
1842 2707 1987 2799 quidam
2004 2735 2085 2782 curn

5 2847 6 2866 ι
67 2820 94 2877 et
105 2809 247 2878 summis
262 2807 415 2897 ingeniis
430 2807 608 2898 praeditos
623 2820 702 2898 post
712 2828 749 2874 se
762 2804 1042 2897 reliquitUlpia-
1094 2800 1208 2870 filium
1231 2801 1276 2869 de
1299 2802 1397 2870 verb.
1417 2803 1525 2892 oblig.
1576 2801 1709 2874 Narrat
1731 2801 1898 2878 Bartolus
1920 2809 1995 2901 ipse
2010 2813 2085 2905 pri-

5 2983 6 2988 ,
67 2933 151 2996 num,
174 2908 329 2981 Paulum
346 2923 381 2980 et
395 2910 484 2978 alios
499 2910 646 2980 multos:
673 2908 722 2978 ita
738 2908 914 2976 lrnerium
932 2907 1046 3001 secuti
1093 2925 1193 2972 mum
1213 2902 1430 2972 curriculum
1455 2927 1602 2974 suorum
1626 2906 1847 2994 studiorum,
1875 2905 1931 2980 his
1957 2917 2086 3002 verbis,

5 3071 6 3084 ,
67 3027 135 3082 sunt
157 3012 270 3104 ipsius
291 3011 471 3082 auditores
492 3008 688 3100 Bulgarus,
715 3003 791 3079 Ano
813 3023 847 3079 et
871 3008 952 3089 alii,
980 3009 1042 3103 qui
1094 3027 1185 3099 quae
1206 3005 1361 3074 recitabo
1382 3019 1423 3076 ut
1450 3000 1536 3076 haec
1560 3009 1850 3088 commemoratio
1871 3015 1989 3103 magis·
2005 3041 2087 3087 mo·

67 3114 181 3204 pariter
204 3128 242 3186 et
271 3113 311 3182 in
335 3113 645 3184 administratione
667 3109 772 3202 Reip.
797 3125 833 3182 et
856 3111 894 3179 in
922 3105 1041 3182 schola
1093 3119 1174 3178 veat
1194 3107 1349 3193 animos3
1384 3119 1436 3177 est
1457 3107 1561 3177 etiam
1584 3107 1695 3201 ipsius
1715 3111 1830 3182 oratio
1854 3115 1954 3206 quasi
1976 3141 2085 3211 quae-
2146 3195 2155 3208 Ι

66 3215 259 3288 llomemnt.
310 3211 470 3287 Excitata
488 3215 597 3304 igitur
612 3211 714 3284 ltalia
736 3207 844 3283 huius
861 3213 1043 3284 doctrinae
1093 3211 1177 3278 dam
1201 3209 1339 3300 pictura
1362 3203 1611 3280 humanissimi
1631 3223 1666 3283 et
1685 3215 1872 3284 modestus

67 3319 307 3403 admiratione,
344 3341 474 3405 magno
507 3317 637 3390 studio,
659 3317 698 3384 in
731 3339 808 3385 eam
838 3315 1043 3386 incumbere
1086 3308 1184 3394 ‚Cum
1203 3311 1298 3379 enim
1319 3335 1359 3380 ea
1381 3311 1437 3380 lex
1456 3311 1568 3382 dicat:
1604 3311 1645 3384 si
1665 3315 1745 3408 quis
1759 3317 1942 3408 promittat
1957 3343 1993 3390 se
2017 3325 2086 3394 ali-

68 3419 155 3510 cepit.
190 3418 313 3508 Quare
328 3421 431 3488 multi
449 3420 654 3502 extiterunt,
680 3417 744 3511 qui
759 3418 933 3502 docendo,
955 3417 1043 3486 scri·
1093 3436 1199 3506 quem
1215 3423 1444 3484 tractaturum
1459 3415 1647 3496 millium,
1674 3439 1749 3486 non
1766 3441 1839 3488 esse
1857 3435 2086 3511 praetereun-

69 3521 187 3607 bendo,
208 3521 482 3613 respondendo,
509 3519 672 3610 regendis
699 3517 879 3608 imperiis,
908 3517 1043 3610 optime
1093 3517 1180 3583 dum
1203 3514 1243 3582 in
1260 3527 1483 3586 testamento.
1526 3513 1569 3584 ln
1588 3511 1654 3585 hac
1675 3519 1751 3610 lege
1772 3544 1852 3589 cum
1868 3523 1914 3593 sit
1930 3547 2030 3596 casus
2045 3543 2086 3602 ut

69 3623 104 3691 de
117 3623 182 3695 vita
193 3619 389 3694 hominum
403 3621 520 3694 meriti
539 3634 633 3695 sunt.
684 3618 757 3688 Nec
782 3619 905 3707 negari
928 3633 1043 3712 potest
1092 3615 1253 3706 ipseait,
1277 3615 1340 3708 qui
1366 3639 1541 3710 nusquam
1566 3617 1653 3688 alibi
1675 3621 1829 3694 estatio
1852 3623 1947 3710 iure,
1972 3630 2085 3701 multa

68 3718 159 3796 huius
184 3725 368 3797 doctrinae
403 3724 604 3815 cognitione
631 3720 787 3808 ltaliam,
818 3720 976 3792 Galliam
1007 3735 1043 3794 et
1093 3718 1278 3810 disputans
1289 3715 1467 3804 Bartolus,
1487 3731 1610 3789 narrat
1623 3735 1883 3814 praeceptorem
1900 3749 2003 3798 suum
2018 3733 2086 3802 ali·
2145 3751 2151 3760 ·

69 3823 302 3913 Germaniam,
325 3828 434 3898 lactas
455 3849 528 3896 esse
546 3825 729 3908 cultiores,
752 3839 858 3918 atque
873 3825 1042 3896 mitiores.
1093 3843 1183 3916 quos
1197 3819 1416 3912 exposititios
1432 3845 1561 3913 pueros
1573 3817 1640 3893 hac
1653 3824 1881 3917 stipulatione
1893 3830 1972 3902 aliis
1988 3858 2086 3904 com-

67 3923 239 4024 Postquam
263 3927 360 4000 euim
385 3929 425 3998 in
452 3927 595 3998 iudiciis
615 3927 721 3998 multi
750 3925 927 3998 barbarici
952 3927 1042 3998 ritus
1092 3919 1287 4009 mendasse,
1307 3947 1347 3996 ac
1362 3923 1484 3996 adiicit
1498 3925 1717 3996 mentionem
1731 3927 1966 4018 gratissimam
1983 3959 2086 4027 prae-

70 4034 201 4104 correcti
222 4045 328 4121 sunt,
360 4045 395 4102 et
416 4030 573 4100 actiones
599 4053 640 4098 ac
664 4027 859 4100 sententiae
883 4029 1043 4122 require·
1094 4025 1245 4117 ceptoris
1262 4039 1297 4096 et
1316 4025 1450 4116 primae
1471 4027 1595 4098 aetatis
1610 4050 1693 4098 suae
1700 4053 1709 4114 ;
1738 4030 1787 4100 sic
1802 4031 1897 4100 euim
1914 4036 1980 4106 ait:
2005 4033 2083 4130 Ego

70 4132 140 4204 bant
153 4136 333 4230 quandam
349 4133 605 4213 eruditionem,
631 4153 748 4202 mores
766 4130 871 4204 etiam
887 4130 981 4202 flecti
996 4133 1041 4202 ad
1094 4127 1299 4216 magistrum
1318 4122 1439 4213 habui,
1464 4126 1527 4222 qui
1541 4131 1735 4200 vocabatur
1748 4131 1856 4203 irater
1870 4135 1915 4205 de
1928 4133 2084 4229 Ascisio;

69 4226 308 4308 humanitatem
331 4235 442 4326 magis
464 4247 652 4326 ceperunt,
678 4248 713 4304 et
728 4248 949 4306 accesserunt
963 4232 1043 4304 lite-
1093 4228 1191 4298 nunc
1211 4252 1297 4299 vero
1318 4241 1464 4300 vocatur
1484 4229 1609 4300 Frater
1624 4229 1750 4302 Petrus
1772 4235 1931 4326 pietatis,
1956 4239 2006 4311 sic
2027 4239 2085 4313 di-

69 4357 117 4404 rae
134 4339 359 4424 eruditiores,
384 4350 418 4407 et
432 4339 604 4432 quaedam
621 4329 853 4428 Philosophia
874 4359 915 4405 ac
928 4336 1044 4406 maior
1093 4341 1189 4416 ctus,
1220 4331 1305 4424 quia
1328 4331 1446 4402 locum
1475 4331 1526 4402 ibi
1548 4333 1675 4414 erexit,
1708 4335 1770 4428 qui
1795 4338 1922 4411 domus
1947 4343 2086 4434 pietatis

71 4437 322 4515 discendicura.
373 4438 465 4510 Nam
483 4434 626 4510 hocIus
643 4436 849 4510 Romanum
863 4433 959 4508 haud
975 4439 1043 4508 du·
1093 4447 1258 4518 vocatur,
1281 4433 1346 4504 ubi
1360 4433 1513 4505 infantes
1534 4435 1727 4528 exposititii
1741 4438 1899 4517 aluntur.
1950 4443 2019 4529 Vir
2034 4461 2087 4520 est

72 4537 117 4608 bie
147 4544 282 4614 erudita
316 4544 489 4636 quaedam
524 4535 756 4632 Philosophia
790 4552 854 4613 est.
922 4537 1042 4628 Quare
1093 4547 1275 4638 expertus,
1311 4537 1448 4606 nullius
1479 4531 1695 4631 hypocrisis,
1735 4542 1847 4612 mirae
1880 4547 2086 4636 sanctitatis,

72 4641 286 4716 etiamsinon
309 4658 512 4715 revocatum
530 4659 620 4713 esset
636 4642 675 4711 in
692 4644 828 4726 lorum,
853 4655 974 4712 tamen
989 4643 1043 4712 le·
1093 4639 1188 4729 apud
1215 4662 1272 4706 me
1294 4650 1330 4708 ct
1352 4660 1493 4724 omnes,
1521 4637 1583 4732 qui
1607 4663 1686 4710 eum
1711 4641 1799 4712 bene
1820 4642 1992 4738 noscunt,
2026 4652 2084 4722 cui

72 4746 204 4829 gendum
221 4764 256 4820 et
271 4749 555 4836 cognoscendum
570 4744 691 4814 suisset
705 4739 913 4815 hominibus
930 4745 1063 4815 doctis·
1093 4739 1223 4828 gratias
1250 4762 1315 4830 ago
1340 4740 1500 4834 exemplo
1523 4741 1662 4834 Aquilii
1683 4739 1814 4834 Reguli
1841 4747 1880 4816 in
1910 4749 2016 4821 titulo
2040 4756 2084 4822 de

73 4850 299 4920 acceuurisad
315 4847 496 4942 Rempnb.
516 4848 630 4918 multo
652 4845 763 4936 magis
779 4869 885 4938 quam
901 4841 1043 4918 Aristo-
1092 4839 1223 4944 Donat
1256 4838 1502 4936 haquinus,
1528 4845 1694 4936 quidum
1715 4869 1773 4916 me
1793 4849 1902 4934 rexit,
1926 4845 2083 4924 custodi-

73 4946 137 5020 telis
157 4947 320 5036 Politice,
352 4975 444 5045 quae
466 4950 611 5044 quidem
639 4949 816 5042 sapienter
848 4961 884 5018 et
906 4949 1044 5020 utiliter
1093 4945 1147 5016 vit
1160 4969 1181 5014 a
1196 4945 1316 5036 lapsu,
1342 4959 1377 5016 et
1390 4942 1459 5015 Dei
1473 4945 1644 5016 beneficio
1656 4960 1690 5017 et
1703 4969 1765 5018 sua
1779 4951 1941 5022 doctrina
1957 4980 2015 5025 me
2031 4970 2084 5027 ta-

73 5048 181 5141 srripta
197 5077 270 5124 esse
293 5055 425 5129 iudico.
475 5051 548 5123 Nec
563 5075 646 5121 vero
664 5046 754 5120 mihi
775 5051 905 5140 legenti
924 5065 1043 5124 vetera
1094 5045 1162 5116 lem
1175 5046 1342 5131 reddidit,
1358 5061 1399 5118 ut
1410 5047 1448 5116 in
1463 5049 1728 5142 quartodecimo
1739 5068 1835 5138 annu
1849 5055 1971 5126 aetatis
1985 5083 2083 5130 meae

73 5169 105 5216 ac
116 5151 287 5226 barbarica
310 5157 388 5228 iura
409 5151 578 5226 horridae
593 5153 706 5244 gentis
723 5151 977 5243 Genuanicae,
1001 5167 1043 5226 ιιι
1093 5148 1133 5218 in
1151 5147 1291 5219 civitate
1304 5145 1475 5220 Perusina
1491 5149 1558 5220 sub
1572 5145 1729 5220 Domino
1744 5149 1845 5246 Cyno
1863 5155 1909 5225 de
1925 5158 2085 5250 pistorio,

74 5267 142 5324 suut
158 5253 372 5329 Westvalici
394 5259 502 5344 ritus,
534 5256 693 5327 venitin
715 5267 870 5326 mentem
893 5257 1042 5348 perinde
1093 5251 1171 5321 iura
1187 5249 1303 5320 civilia
1319 5251 1444 5322 audire
1456 5251 1663 5344 inceperim.
1685 5247 1735 5323 Et
1749 5255 2084 5349 eiusperseverante

75 5343 151 5424 hanc
165 5360 339 5430 nationem
355 5345 483 5430 factam
501 5351 687 5429 cultiorem
704 5358 853 5450 acceptis
866 5355 1043 5430 Romanis
1093 5339 1223 5444 gratia,
1247 5353 1415 5425 continue
1430 5354 1593 5425 sudando
1616 5355 1662 5424 ita
1683 5356 1835 5446 proleci,
1860 5374 1902 5432 ut
1918 5362 2083 5436 vicesimo
2141 5388 2144 5394 ’

76 5449 206 5626 ltgqlqum
231 5476 270 5531 ut
285 5463 322 5531 in
340 5463 470 5532 fabulis
484 5463 624 5544 ferunt,
648 5460 851 5531 monstratis
870 5461 1043 5552 frugibus,
1093 5479 1189 5526 anno
1211 5451 1397 5528 Bononiae
1417 5457 1616 5626 reputqndo
1645 5469 1679 5529 et
1704 5457 1919 5554 disputando
1944 5468 2085 5559 publice

158 5588 292 5632 ιιιιιτιι.
321 5569 426 5634 Orsa.
453 5567 536 5634 Vos.
564 5566 625 5630 XI.
1497 5563 1522 5630 2

1981 5751 1999 5785 Ι
2049 5784 2053 5790 ,
