4718 5828
1080 1343 1154 1430 lll.

329 1552 941 1648 DECLAMA'PIONES
999 1551 1315 1640 PlllIrIPl‘l
1369 1551 1901 1642 Munanrnunts.

993 1839 1225 1852 mnu—n·-
1232 1843 1249 1849 .-

125 2104 191 2176 No.
220 2103 253 2170 l.
913 2131 962 2176 sn.
983 2107 1077 2172 1517.

106 2195 275 2226 m

267 2355 270 2362 ι
299 2301 374 2388 De
401 2301 579 2386 ortibus
602 2301 882 2390 liberalibus.

165 2475 274 2530 Prodiit
293 2473 455 2545 separatim,
477 2473 605 2528 stomaro
624 2473 720 2532 dicata.
764 2475 824 2532 Vid.
844 2497 912 2550 quae
933 2477 1046 2532 diximus
1060 2497 1088 2532 ιιι

200 2545 271 2615 Epp.
287 2543 348 2598 Vol.
362 2544 382 2597 Ι.
400 2563 427 2615 p.
442 2545 498 2612 ts„
523 2545 570 2598 rbi
592 2543 674 2606 babes
694 2547 833 2617 epistolam
849 2549 1087 2619 nuncupatoriam.

199 2612 305 2666 Rectus
325 2611 397 2682 apud
414 2611 527 2668 Craton.
548 2613 665 2684 Mylium
685 2634 712 2684 p.
724 2617 782 2677 71„
802 2617 831 2670 in
849 2616 906 2672 set.
924 2618 1002 2676 Deel.
1021 2615 1088 2672 'RK

200 2685 311 2754 peta,
327 2683 356 2736 in
368 2681 411 2734 ed.
424 2679 503 2737 Serv.
516 2683 538 2737 l.
553 2701 579 2754 p.
587 2683 647 2739 teo.
660 2695 687 2738 et
701 2683 830 2745 Richard,
841 2683 874 2741 T.
889 2689 911 2742 l.
926 2705 954 2759 p.
963 2689 991 2741 2.

95 2863 159 2952 ¹lle
188 2855 749 2952 summittentemque,
783 2885 808 2934 α
836 2863 954 2938 Pbil.
984 2870 1088 2940 Mel.

305 2957 495 3058 lubiupue
508 2959 640 3058 babitu
657 2983 756 3037 enno
773 2963 884 3040 lslt.
912 2962 914 2967 ’

100 3102 275 3201 Egregius
297 3110 406 3183 animi
425 3111 482 3180 vir
497 3109 598 3181 Plato
616 3107 821 3184 Athenaeus
841 3131 876 3188 et
894 3119 1087 3210 sapientiae

100 3213 242 3282 nomine
259 3213 482 3300 venerabilis,
504 3213 545 3282 in
561 3213 807 3288 dissertatione
822 3244 927 3312 quam
944 3217 1088 3295 Erastas

7 3387 8 3392 ἵ
99 3337 156 3384 sen
172 3317 215 3382 de
230 3308 463 3404 Philosophia
480 3315 673 3408 inscripsit,
700 3316 871 3392 Socraten
887 3324 936 3392 ait
951 3324 1084 3414 ingres-

99 3439 171 3483 sum
187 3416 226 3484 in
240 3414 394 3506 Dionysi
410 3413 659 3503 Grammatici,
682 3435 855 3510 spectasse
877 3424 953 3496 illic
974 3427 1087 3516 geniis

100 3514 364 3605 elegantissimis
383 3519 522 3586 nobiles
541 3541 689 3610 pueros,
716 3536 749 3592 et
768 3548 808 3594 ex
828 3525 872 3594 iis
888 3527 979 3598 forte
995 3531 1085 3600 duos

99 3617 188 3688 ultro
217 3640 259 3686 ac
293 3616 381 3686 citro
415 3623 686 3692 contendentes:
720 3620 807 3694 Esse
839 3631 1012 3720 quaedam
1040 3631 1084 3698 de

98 3715 324 3808 Anaxagorae
348 3722 405 3790 vel
426 3715 640 3814 Oenopidae
665 3725 761 3796 scitis
785 3743 1010 3802 controversa
1028 3732 1083 3800 vi·

98 3821 280 3893 debentur.
332 3819 392 3890 Sic
416 3824 514 3892 enim
541 3823 578 3891 in
602 3825 689 3896 ludo
711 3828 765 3896 illi
793 3833 896 3901 orbes
925 3834 1083 3923 pingere,

69 3985 71 3988 ,
97 3921 243 3992 flexuras
261 3923 425 4008 ductare,
449 3925 636 3996 versilibus
658 3931 800 4018 punctis
821 3933 943 4020 linire,
970 3949 1004 4005 et
1025 3960 1083 4006 ar-

97 4021 175 4093 tifici
195 4047 306 4093 manu
330 4025 523 4115 variegatas
545 4029 706 4123 undique
727 4032 877 4104 lineolas
900 4037 1081 4111 imitarier.

95 4122 283 4208 Haec,.uti
302 4127 454 4212 solebat,
473 4130 594 4220 penito
615 4135 871 4227 contemplatus
889 4139 1008 4209 animo
1028 4163 1082 4209 se-

97 4251 174 4312 nex,
213 4226 355 4298 cuidam
389 4231 668 4304 elamiliaribus
702 4259 895 4326 puerorum
927 4243 1082 4326 adsedit,

97 4329 222 4397 blande
250 4329 355 4400 illum
381 4332 499 4402 officio
531 4335 641 4404 cubiti
670 4340 894 4410 admonitum
921 4343 1080 4412 scitatus:

97 4427 188 4518 Quid
218 4425 306 4516 hoe,
344 4435 439 4528 quod
464 4436 682 4508 meditentur
713 4441 950 4514 adolescentes
981 4458 1081 4516 tanto

96 4533 207 4602 studio
222 4545 258 4602 et
271 4535 378 4604 cura?
402 4533 498 4606 Num
516 4532 703 4610 honestum
718 4565 757 4612 ac
772 4546 966 4634 magnum?
985 4537 1082 4618 Con-

95 4633 190 4704 tinuo
210 4633 277 4704 iste
301 4638 447 4728 nugari,
472 4641 591 4720 neseio
612 4666 720 4736 quae,
745 4647 889 4734 cognitu
914 4649 1079 4720 sublimia

94 4749 123 4804 et
137 4737 307 4830 quasdam
322 4733 572 4834 Philosophiae
585 4745 730 4833 garrire.
781 4746 941 4820 Socrates
959 4766 1080 4822 contra

95 4836 347 4930 impudentiam
369 4843 562 4916 demiratus
586 4841 762 4934 hominis,
786 4865 968 4938 rontatur,
992 4879 1079 4925 num

95 4961 168 5030 ergo
193 4953 297 5030 turpe
319 4943 426 5014 ducat
446 4946 483 5016 id
506 4950 603 5042 quod
628 4949 701 5038 agit
725 4951 891 5022 iuventus
918 4951 1080 5046 philoso-

93 5035 202 5128 phari.
241 5038 379 5115 Aderat
394 5045 445 5116 ibi
459 5049 634 5141 quispiam
650 5076 724 5122 non
739 5055 853 5124 malus
869 5057 942 5143 vir,
964 5058 993 5128 is
1011 5059 1079 5128 im-

92 5144 198 5230 probe
211 5145 338 5216 dolens
351 5171 559 5240 responsum
575 5151 725 5236 Socrati,
747 5169 780 5226 et
796 5158 983 5230 autoritate
999 5175 1080 5231 tan-

92 5257 120 5312 ta
142 5245 242 5332 viro,
266 5260 303 5318 et
325 5249 369 5318 de
391 5251 581 5343 sapientiae
604 5257 731 5326 studiis
752 5262 910 5334 modesta
929 5265 1078 5352 roganti,

90 5349 311 5422 commodum
344 5350 553 5426 intervenit:
594 5356 731 5430 Socrati
760 5363 825 5448 ait,
862 5364 1075 5438 mittendum

1141 2096 1322 2172 hominem
1356 2101 1560 2182 sordidum,
1596 2095 1840 2190 squalentibus
1872 2099 2038 2168 obrutum
2070 2118 2135 2168 vo-

1140 2205 1358 2296 luptatibus,
1384 2218 1418 2272 et
1436 2201 1623 2290 indignum
1643 2199 1764 2292 plane,
1791 2197 1949 2292 quicum
1970 2195 2134 2270 Philoso-

1044 2390 1049 2402 .
1141 2301 1246 2398 phiae
1274 2305 1466 2396 disputatio
1498 2301 1790 2372 communicetur.
1848 2298 2049 2372 Prudenter
2073 2303 2133 2372 ille

1141 2410 1285 2502 quidem
1301 2432 1373 2477 non
1390 2409 1434 2476 ad
1448 2427 1570 2475 omnes
1584 2401 1762 2496 pertinere
1777 2418 2031 2474 sacrosanctam
2045 2429 2131 2486 rem,

1141 2511 1348 2602 sapientiam
1377 2509 1587 2590 arbitratus,
1623 2497 1793 2596 ἀμύητον
1825 2503 1902 2576 iure
1930 2506 2131 2576 solennium

1140 2613 1335 2686 interdixit.
1388 2611 1484 2680 ldem
1503 2631 1565 2698 ego
1587 2608 1841 2698 propemodum
1865 2621 2021 2691 acturus,
2044 2633 2131 2678 num

1141 2716 1251 2784 ardua
1267 2737 1343 2799 res,
1368 2737 1454 2782 num
1476 2705 1643 2802 pulchra,
1670 2731 1755 2776 num
1773 2707 1951 2777 laudanda
1967 2704 2133 2779 Philoso-

1140 2811 1244 2906 phia,
1270 2840 1328 2884 eos
1354 2809 1443 2884 mihi
1461 2811 1640 2884 auditores
1659 2809 1736 2880 dari
1760 2809 1883 2900 cupio,
1907 2813 2059 2904 qnorum
2083 2811 2130 2882 ita

1139 2919 1212 2988 sint
1226 2918 1368 2988 affectae
1385 2927 1537 2998 meotes,
1564 2927 1604 2982 nt
1621 2925 1745 3004 sponte
1761 2925 1920 2980 orantem
1938 2917 2036 3006 sequi
2055 2939 2131 2982 cer-

1139 3033 1226 3093 tent.
1286 3018 1326 3090 si
1352 3019 1432 3113 quis
1450 3015 1495 3086 ¹ea
1522 3015 1706 3098 barbarie,
1746 3037 1785 3082 ea
1813 3013 2052 3100 immanitate,
2091 3029 2131 3086 ut

1140 3123 1329 3214 splendore
1351 3145 1391 3192 ac
1414 3113 1681 3214 pulchritudine
1707 3115 1899 3206 sapientiae
1930 3111 2022 3186 trahi
2056 3141 2129 3186 non

1140 3225 1266 3316 possit,
1293 3225 1363 3294 iam
1383 3223 1556 3311 relegatus
1578 3235 1668 3302 esto,
1698 3219 1768 3286 iam
1790 3241 1947 3312 quasque
1970 3219 2130 3312 cycladas

1139 3340 1200 3396 aut
1212 3349 1337 3422 gyaras
1352 3325 1472 3408 malis,¹
1486 3345 1591 3416 quam
1608 3321 1765 3390 ardentis
1779 3313 2033 3412 Philosophiae
2048 3321 2129 3390 vul-

1139 3442 1206 3498 tns.
1256 3427 1378 3522 Neque
1399 3449 1482 3496 vero
1510 3419 1568 3493 hic
1595 3413 1760 3492 facundia
1783 3421 1922 3491 luditur
1943 3423 2127 3514 peregrina

1137 3531 1297 3620 ferrugo,
1323 3552 1439 3622 neque
1459 3529 1569 3596 fastus
1594 3525 1740 3614 ingenii.
1793 3521 1871 3616 ipsa
1895 3548 1969 3593 sese
1992 3549 2046 3593 res
2066 3549 2128 3614 ge-

1135 3632 1246 3700 nuina
1262 3631 1350 3700 facie
1366 3628 1469 3700 bonis
1484 3627 1664 3698 mentibus
1687 3625 1838 3718 probare
1858 3625 1964 3720 solet,
1990 3651 2060 3718 quo
2081 3627 2127 3711 fit,

1135 3749 1176 3804 ut
1191 3747 1225 3804 et
1238 3747 1356 3825 aperta
1374 3731 1484 3821 magis
1500 3754 1539 3799 ac
1552 3729 1699 3818 simplex
1713 3751 1789 3796 mea
1807 3728 1851 3796 sit
1866 3728 1983 3796 lutura
2002 3727 2126 3796 orat-io.

1135 3833 1238 3906 Artes
1262 3835 1417 3928 primum
1443 3833 1682 3924 dependemus
1712 3827 1936 3898 administras
1961 3824 2126 3898 Philoso-

1136 3934 1251 4028 phiae.
1303 3935 1442 4006 Deinde
1462 3935 1559 4002 illam
1584 3929 1695 4024 ipsam
1712 3955 1853 4024 quoqne
1868 3930 1899 3996 si
1916 3931 2030 3998 visum
2047 3931 2125 3999 fue·
2143 3967 2154 3982 ·

1135 4041 1197 4124 rit,
1225 4063 1314 4132 qnae
1330 4038 1443 4106 mains
1456 4035 1592 4128 aliquid
1613 4033 1793 4102 communi
1814 4027 2001 4121 hominum
2020 4055 2123 4100 sensu

1134 4142 1290 4232 spirans,
1325 4152 1428 4232 caput
1455 4139 1549 4206 inter
1572 4135 1696 4204 nubila
1725 4133 1867 4204 condit:
1902 4130 1954 4202 Ea
1981 4147 2032 4202 est
2056 4159 2122 4202 vox

1135 4241 1332 4314 Daemonii.
1375 4235 1530 4310 Omnem
1550 4233 1690 4308 isthnnc
1707 4235 1835 4317 locum,
1861 4236 1990 4326 opinor
2006 4249 2039 4304 et
2055 4229 2124 4304 hoc

1134 4370 1249 4430 anno,
1274 4339 1519 4426 menselulio,
1547 4340 1716 4410 concione
1737 4311 1890 4430 quadam
1908 4363 1925 4406 a
1943 4337 2048 4414 nobis
2064 4359 2124 4406 ex-

1134 4448 1302 4538 plicatum
1326 4443 1513 4533 cognostis.
1565 4439 1643 4510 Hoc
1671 4455 1745 4510 tnm
1775 4452 1849 4508 erat
1870 4437 2008 4523 studio,
2043 4463 2121 4508 eum
2150 4491 2152 4498 .

1134 4551 1241 4619 esuis
1257 4549 1416 4617 sontibus
1434 4545 1630 4614 derivarem
1646 4556 1754 4627 artes,
1781 4555 1821 4609 nt
1843 4541 1951 4609 animi
1974 4553 2121 4609 naturae

1133 4643 1353 4720 ostenderem
1369 4645 1474 4716 insita
1490 4669 1609 4716 earum
1625 4645 1738 4726 initia,
1761 4643 1893 4712 scilicet
1908 4638 1999 4710 hanc
2010 4643 2119 4710 facem

1132 4755 1245 4847 prima
1266 4755 1328 4822 lux
1352 4764 1385 4818 et
1401 4750 1599 4837 aevintegra
1618 4746 1800 4816 mentibus
1814 4745 1979 4814 humanis
2000 4745 2122 4813 loene-

1132 4871 1196 4931 rat.
1247 4853 1338 4924 Dein
1356 4865 1397 4922 ut
1418 4851 1572 4942 imperiti
1589 4863 1735 4920 naturae
1755 4848 1907 4932 iudices,
1933 4860 1973 4915 ut
1990 4840 2121 4914 abhor-

1131 4973 1247 5028 rentes
1263 4981 1282 5026 a
1299 4968 1458 5024 veterum
1475 4947 1650 5035 historiis,
1676 4949 1736 5043 qui
1753 4974 1861 5018 troam
1877 4964 2032 5036 gentem,
2060 4962 2120 5017 aut

1130 5085 1242 5130 unum
1259 5059 1406 5127 fortasse
1421 5053 1609 5148 Marsyan,
1635 5051 1805 5146 primitiis
1822 5052 1949 5150 artium
1967 5050 2120 5140 dignan-

1131 5175 1200 5235 tur.
1254 5157 1345 5230 Nam
1375 5171 1415 5230 ut
1442 5159 1563 5227 eadem
1595 5155 1760 5244 gentibus
1790 5153 1975 5235 omnibns,
2015 5166 2120 5244 atque

1130 5265 1217 5334 adeo
1235 5262 1334 5333 omni
1353 5260 1451 5332 coelo
1467 5258 1568 5352 aequi
1590 5257 1748 5350 bonique
1765 5255 1874 5338 ratio,
1902 5254 2014 5322 iidem
2036 5251 2120 5322 iusti

1128 5369 1261 5451 sontes,
1288 5365 1338 5435 sic
1360 5365 1481 5434 eadem
1503 5360 1637 5456 ubique
1660 5372 1807 5428 naturae
1823 5355 1986 5441 seientia,
2013 5354 2119 5423 modo

1464 5459 1520 5536 1*
