4616 5816
844 101 856 136 l

196 279 275 358 m
764 261 926 346 orci.
960 263 1037 342 nr.
1068 263 1406 344 nronrraru
1438 263 1721 356 nucum..
2159 275 2234 350 sao

199 454 294 522 ritae
310 447 486 541 praesidia
499 439 674 516 divinitus
688 441 919 514 donata-esse.
954 438 1008 512 lta
1027 441 1195 516 universa
1244 441 1501 533 obtemperare.
1544 437 1694 514 Possem
1716 441 1786 513 alia
1811 443 1926 514 multa
1947 457 2154 536 argumenta
2178 449 2238 520 ad·

200 551 327 648 politia
340 574 406 620 ceu
419 551 549 620 domus
563 545 737 640 quaedam
760 559 832 632 est,
856 543 948 614 mira
969 559 1045 616 arte
1061 545 1197 615 divini·
1247 546 1349 626 dere,
1374 545 1435 614 sed
1456 567 1537 614 cum
1561 541 1649 614 hacc
1673 545 1857 637 perspicua
1881 560 1917 616 et
1939 547 2041 617 lirma
2057 549 2150 636 sint,
2170 574 2240 621 non

202 654 456 736 tnslabricata,
480 648 618 738 legibus
632 644 920 737 Magistratuum,
946 648 1084 734 ordine,
1110 647 1197 718 con·
1247 646 1375 716 addam
1391 647 1514 739 plura,
1537 647 1744 736 praesertim
1761 672 1842 720 cum
1858 670 1976 720 sacrae
1998 649 2124 723 literae
2141 653 2242 723 etiam

204 757 395 841 tractibus,
426 749 587 834 iudiciis,
612 749 818 842 disciplina,
849 750 1034 840 praesidiis
1054 762 1199 833 armata,
1249 747 1409 838 exempla
1431 748 1544 818 multa
1566 763 1768 842 proponant
1790 749 1932 842 pior'um
1958 766 2056 824 extra
2085 754 2242 846 politiam

205 859 333 954 poenis
357 870 423 930 etc.
482 851 550 924 llis
576 851 666 944 septi
699 876 739 921 ac
769 853 891 922 vallati
916 853 1047 937 muris,
1080 866 1199 922 tamen
1252 849 1457 924 Mosaicam.
1511 847 1559 922 Ut
1583 851 1677 920 enim
1701 875 1775 922 non
1794 852 1908 922 dicam
1925 856 1969 924 de
1986 852 2151 928 Patribus
2166 870 2243 928 ante

205 963 322 1036 Deum
336 981 525 1051 agnoscere
541 977 737 1048 possumus,
751 979 790 1024 ac
804 967 966 1038 statuere,
980 949 1074 1026 hanc
1088 956 1202 1046 ipsam
1251 955 1377 1044 legem,
1402 965 1522 1045 postea
1540 951 1645 1024 etiam
1660 954 1766 1024 multi
1781 955 1832 1046 pii
1845 956 1991 1026 fuerunt
2005 957 2100 1029 inter
2115 955 2245 1030 Gentes

208 1063 390 1158 politiam,
417 1084 487 1154 qua
504 1054 590 1128 haec
604 1057 677 1128 vita
691 1058 913 1142 defenditur,
933 1079 1006 1127 esse
1022 1057 1120 1128 velut
1136 1059 1203 1134 do?
1254 1069 1289 1126 et
1322 1053 1467 1147 quidem
1504 1057 1760 1143 gubernatores
1792 1080 2005 1146 magnorum
2039 1081 2247 1150 regnorum,

210 1191 311 1238 mum
326 1163 502 1234 divinitus
521 1160 627 1230 nobis
648 1160 844 1230 conditam:
870 1182 936 1228 nec
950 1159 1097 1230 interest
1110 1159 1203 1229 vitae
1253 1155 1434 1242 Naaman,
1469 1155 1773 1250 Nabugdonosor,
1808 1155 1957 1244 Darius,
1990 1159 2119 1256 Cyrus.
2178 1160 2246 1232 Nec

212 1266 390 1362 spirituali
415 1289 456 1334 ac
473 1275 655 1348 aeternae,
679 1275 800 1331 utrum
820 1256 906 1331 haec
924 1261 1064 1346 domus,
1089 1261 1205 1344 idest,
1254 1257 1400 1330 Danieli
1430 1260 1526 1351 apud
1547 1257 1672 1328 Persas
1700 1259 1803 1330 licuit
1834 1257 2066 1334 haereditates
2093 1264 2247 1334 dividere
2305 1341 2306 1348 g

215 1369 362 1465 politia,
389 1367 436 1436 sit
456 1389 475 1434 a
499 1363 638 1450 Moise,
664 1387 711 1433 an
732 1366 778 1434 ab
801 1363 881 1433 aliis
903 1364 1207 1454 legumlatoribus,
1258 1361 1471 1432 ludaeorum
1495 1361 1651 1450 legibus,
1679 1363 1773 1455 quod
1791 1359 1947 1442 Romani
1971 1365 2196 1436 centuriones
2211 1389 2247 1434 ac

213 1488 255 1546 ut
278 1473 327 1543 ita
343 1470 477 1552 dicam,
501 1467 692 1546 fabricata,
716 1468 822 1535 modo
845 1479 886 1536 ut
901 1465 948 1537 sit
970 1480 1205 1536 consentanea
1256 1464 1388 1536 milites
1411 1464 1450 1532 in
1475 1458 1622 1534 historia
1640 1459 1855 1552 Evangelica
1879 1465 2081 1541 laudantur.
2134 1465 2248 1556 Quare
2305 1513 2306 1536 t

215 1575 289 1646 iuri
302 1586 461 1643 naturae.
477 1641 478 1646 ,
492 1567 532 1638 ld
549 1569 702 1660 primum
718 1563 785 1638 hoc
796 1581 1005 1658 argumento
1018 1569 1205 1638 confirmo:
1257 1562 1352 1635 nihil
1367 1565 1570 1636 dubitemus
1583 1565 1722 1657 placere
1738 1562 1836 1650 Deo,
1861 1565 1967 1637 etiam
1983 1583 2139 1640 caeteras
2162 1569 2249 1660 poli-

106 1681 111 1691 '
217 1675 385 1770 Apostoli
407 1673 447 1742 in
469 1667 569 1740 Actis
592 1670 706 1761 capite
726 1667 783 1742 15.
807 1671 1047 1762 pronunciant
1070 1669 1205 1762 perspi·
1259 1669 1345 1755 tias,
1369 1668 1580 1748 sitantum,
1610 1681 1648 1738 ut
1672 1667 1764 1750 diri,
1796 1692 1872 1740 non
1897 1686 2156 1761 pugnentcum
2178 1671 2249 1742 iure
2305 1709 2306 1728 .

217 1803 300 1860 cue,
325 1799 401 1848 non
418 1795 492 1844 esse
507 1773 707 1842 onerandas
724 1770 857 1842 Gentes
882 1773 957 1862 lege
974 1771 1101 1842 Moisi:
1136 1773 1208 1840 imo
1260 1783 1420 1855 naturae,
1444 1772 1542 1863 quod
1554 1781 1616 1852 est,
1643 1783 1684 1840 ut
1700 1768 1833 1840 Paulus
1845 1770 1980 1865 inquit:
2009 1771 2146 1844 lusDei
2161 1773 2247 1842 divi·
2305 1813 2306 1816 =

218 1881 346 1953 Petrus
373 1899 492 1949 severe
527 1875 693 1964 obiurgat
723 1875 901 1944 diversum
930 1875 1139 1958 sentientes,
1171 1897 1210 1942 ac
1260 1874 1359 1944 nitus
1374 1872 1584 1963 inscriptum
1600 1866 1767 1942 humanis
1783 1875 1982 1958 mentibus,
2006 1875 2173 1947 utaDeo
2191 1872 2248 1946 ha-
2305 1857 2306 1950 f

219 1983 357 2078 inquit,
388 2001 448 2050 eos
468 1991 605 2048 tentare
626 1971 762 2062 Deum,
795 2001 866 2070 quo
882 1977 1007 2046 durius
1023 1972 1117 2046 nihil
1139 1975 1210 2045 dici
1260 1978 1386 2046 herent
1401 1975 1558 2063 regulam
1575 1997 1665 2067 quae
1683 1975 1777 2066 leges
1794 1975 2008 2064 gubernaret
2026 1991 2060 2047 et
2077 1977 2249 2048 diiudica-
2305 1991 2306 2036 ³

221 2096 371 2180 poterat.
427 2079 519 2150 Nam
553 2085 701 2150 tentare'
722 2075 858 2162 Deum,
893 2093 946 2150 est
978 2079 1129 2150 illudere
1162 2077 1212 2161 ei,
1262 2091 1326 2152 ret.
1384 2075 1576 2170 Postquam
1612 2076 1721 2166 igitur
1751 2078 1970 2148 ostendimus
2007 2081 2147 2170 placere
2179 2079 2248 2151 Deo
2305 2083 2306 2126 ³

220 2184 424 2262 ordinando
449 2181 585 2274 aliquid
617 2193 798 2272 praetextu
824 2181 967 2250 divinae
1001 2181 1210 2252 autoritatis.
1262 2179 1370 2250 etiam
1387 2192 1540 2250 caeteras
1555 2179 1715 2270 politias,
1740 2178 2087 2253 bonaementeshoc
2103 2181 2250 2272 diligen·
2305 2177 2306 2212 ³

221 2291 342 2381 Quare
363 2285 490 2356 Petrus
511 2305 587 2366 eos,
609 2282 672 2376 qui
687 2279 881 2352 Ecclesiam
903 2287 947 2352 ad
971 2284 1083 2373 legem
1103 2282 1212 2353 Moisi
1263 2296 1318 2352 ter
1337 2281 1581 2364 considerent,
1613 2280 1693 2350 illas
1715 2305 1857 2375 quoque
1882 2305 1956 2352 esse
1978 2279 2044 2352 Dei
2077 2283 2250 2376 opificium

223 2392 432 2481 adigebant,
466 2408 540 2454 non
569 2384 695 2454 leviter
722 2409 863 2476 peccare
891 2387 1058 2460 ostendit.
1117 2382 1213 2473 Quia
1264 2407 1326 2455 seu
1346 2383 1639 2468 fabricationem,
1665 2397 1706 2454 ut
1725 2384 1775 2454 ita
1797 2383 1925 2458 dicam.
1975 2381 2066 2455 Nam
2081 2401 2117 2458 et
2130 2383 2251 2455 Daniel
2305 2431 2306 2440 η

222 2494 319 2568 enim
342 2491 431 2561 lalso
448 2500 659 2580 praetexunt
676 2487 835 2556 divinam
856 2488 1101 2572 autoritatem,
1126 2483 1213 2556 hor·
1264 2507 1424 2576 expresse
1432 2485 1492 2565 ait,
1506 2482 1623 2554 Deum
1637 2486 1851 2556 constituere
1860 2509 1983 2576 regna;
2011 2485 2252 2558 etPanlusin-
2305 2493 2306 2566 l

220 2595 375 2670 ribiliter
387 2591 546 2661 illudunt
561 2585 648 2662 Deo.
690 2584 743 2657 Ac
760 2589 922 2681 loquitur
934 2587 1061 2659 Petrus
1083 2589 1215 2682 pariter
1264 2587 1355 2682 quit,
1370 2584 1523 2678 lmperia
1538 2609 1612 2655 esse
1627 2587 1872 2656 ordinationes
1886 2586 1964 2662 Dei.
1996 2585 2174 2679 Magnum
2190 2589 2252 2679 igi·
2305 2575 2306 2588 .

224 2703 269 2770 de
290 2693 499 2768 ceremoniis
524 2704 560 2760 et
577 2691 621 2759 de
634 2687 792 2780 politicis
804 2691 958 2780 legibus,
985 2691 1077 2762 sicut
1091 2691 1213 2782 dispu-
1264 2703 1324 2761 tur
1340 2690 1453 2758 scelus
1468 2703 1532 2774 est,
1557 2689 1676 2782 legum
1691 2689 1895 2774 violatione,
1920 2691 2022 2784 quasi
2039 2693 2147 2764 telam
2164 2691 2251 2760 divi·

222 2800 311 2873 tatio
336 2798 477 2886 integra
506 2805 671 2877 testatur,
705 2792 768 2862 ubi
792 2791 945 2882 allegant
971 2793 1214 2864 testimonium
1265 2793 1362 2863 nitus
1387 2805 1517 2862 textam
1539 2791 1750 2876 dilacerare,
1784 2791 1820 2862 id
1843 2793 1939 2886 quod
1960 2789 2137 2864 Diabolus
2160 2793 2252 2865 miris
2305 2781 2306 2856 l

223 2901 380 2994 Spiritus
395 2895 524 2976 sandi,
549 2895 645 2989 quod
661 2891 795 2964 Gentes
809 2918 953 2986 prorsus
968 2895 1101 2964 alienas
1116 2919 1135 2964 a
1149 2919 1216 2987 po-
1266 2893 1384 2962 modis
1399 2908 1559 2964 conatur.
1614 2892 1713 2981 Quid
1728 2895 1823 2962 enim
1838 2889 2034 2985 pulchrius,
2057 2897 2147 2990 quid
2162 2920 2252 2966 ama·

221 3005 302 3076 litia
322 3000 432 3072 Moisi
450 2997 546 3069 Deus
561 2995 700 3066 vocavit
718 3009 752 3066 et
774 2998 918 3066 tandem
936 2997 1066 3068 diserte
1090 2998 1217 3066 iubent
1266 2996 1374 3066 bilius
1397 3007 1488 3065 esset
1508 2994 1687 3087 imperiis,
1722 2995 1752 3064 si
1777 2989 1964 3066 harmonia
1987 2998 2164 3070 societatis
2189 2993 2252 3067 hu·
2305 3027 2306 3086 ,

222 3102 317 3178 nihil
334 3099 473 3193 imponi
489 3096 680 3183 Gentibus,
702 3109 841 3186 praeter
856 3120 895 3168 ea
911 3122 1000 3192 quae
1020 3099 1058 3167 in
1075 3099 1139 3168 illo
1154 3099 1216 3168 de·
1266 3120 1392 3167 manae
1412 3121 1487 3167 non
1509 3095 1834 3168 interturbaretur?
1873 3096 1913 3169 Si
1938 3099 2119 3192 principes
2140 3121 2251 3168 veram
2305 3137 2306 3196 3

223 3219 319 3280 creto
337 3203 581 3274 continentur:
607 3213 643 3270 et
657 3199 811 3289 allegant
825 3197 990 3292 Apostoli
1004 3201 1215 3292 scripturam
1265 3199 1475 3289 religionem
1490 3200 1677 3291 propagari
1704 3212 1870 3270 curarent
1895 3224 1936 3270 ac
1955 3201 2202 3286 defenderent,
2225 3200 2253 3270 si
2305 3271 2306 3282 ,

225 3307 361 3381 Gentes
377 3305 490 3374 salvas
511 3302 599 3376 lore.
650 3299 800 3393 Proprie
824 3318 940 3374 autern
963 3316 1217 3396 nuncupantur
1267 3323 1383 3371 mores
1398 3301 1529 3371 civium
1545 3302 1733 3390 diligenter
1746 3316 1927 3392 regerent,
1951 3304 1982 3372 si
2002 3305 2252 3376 controversias
2305 3329 2306 3386 i

226 3409 370 3493 Gentes,
392 3429 482 3501 quae
505 3427 581 3472 non
605 3397 737 3474 habent
761 3403 920 3496 politiam
947 3403 1087 3474 Moisi:'
1108 3427 1217 3498 (guare
1267 3416 1531 3493 cognoscerent,
1556 3416 1589 3473 et
1604 3405 1718 3472 bonos
1735 3418 1929 3488 tuerentur,
1955 3429 1995 3474 ac
2012 3402 2252 3498 proveherent,
2305 3467 2306 3478 ,

225 3537 300 3584 non
330 3531 470 3580 necesse
498 3506 567 3577 luit
587 3503 766 3576 Gentibus
796 3507 907 3596 legem
930 3504 1040 3576 Moisi
1067 3507 1216 3600 imponi.
1268 3505 1450 3598 improbos
1474 3527 1557 3574 vero
1577 3501 1804 3576 cohercerent
1821 3530 1862 3576 ae
1885 3506 2079 3596 punirent?
2113 3506 2153 3579 si
2167 3508 2252 3577 cives

224 3614 330 3687 Addo
349 3625 384 3683 et
398 3611 494 3681 aliud
511 3608 772 3679 testimonium:
798 3604 856 3678 Ad
875 3605 1034 3680 Ebraeos
1046 3609 1215 3701 scriptum
1269 3621 1384 3678 essent
1402 3609 1593 3678 concordes
1610 3621 1645 3678 et
1659 3609 1818 3677 modeste
1833 3622 2011 3698 parerent,
2033 3610 2065 3680 si
2082 3605 2252 3680 Ecclesiae
2305 3637 2306 3672 ι

226 3731 297 3803 est,
329 3718 441 3804 legem
454 3709 566 3781 Moisi
589 3709 786 3795 institutam
804 3733 878 3780 esse
891 3713 1063 3804 usquead
1079 3723 1217 3804 tempus
1268 3722 1384 3780 essent
1414 3709 1629 3802 tranquillae
1655 3723 1690 3780 et
1714 3721 1807 3778 recte
1832 3710 2138 3799 gubernarentur,
2168 3709 2252 3782 siin
2305 3701 2306 3740 ³

226 3821 399 3892 adventus
413 3809 565 3897 Christi3
596 3834 678 3902 ergo
694 3811 826 3902 ‘politia
850 3812 913 3881 illa
929 3827 1006 3902 post
1023 3815 1059 3881 id
1078 3828 1218 3905 tempus
1269 3807 1399 3882 scholis
1421 3825 1513 3881 artes
1539 3811 1645 3882 utiles
1678 3811 1904 3882 traderentur
1931 3826 1966 3884 et
1995 3813 2186 3906 disciplina
2205 3835 2253 3880 sc·

226 3943 302 3992 non
328 3931 381 3989 est
403 3914 609 3986 necessaria.
669 3907 849 3983 Discernit
873 3927 907 3983 et
929 3909 1093 3986 Christus
1114 3937 1217 3986 suum
1269 3937 1351 3984 vere
1381 3913 1618 3986 retineretur?
1656 3910 1716 3983 An
1740 3937 1814 3982 non
1839 3913 1919 3984 talis
1942 3930 2054 3988 status
2081 3929 2173 3986 esset
2198 3913 2252 3982 illa
2305 3955 2306 4008 3

226 4015 616 4112 regnumacorporali,
639 4039 720 4086 cum
737 4013 803 4086 ait:
828 4011 992 4104 Regnum
1010 4041 1127 4086 meum
1143 4039 1218 4086 non
1269 4039 1374 4086 aurea
1397 4029 1511 4096 aetas,
1537 4039 1643 4109 quam
1660 4014 1789 4088 Poetae
1812 4017 2042 4089 describunt?
2076 4015 2148 4088 Hic
2172 4017 2252 4086 ordo

228 4138 282 4196 est
296 4125 340 4194 de
361 4116 430 4192 hoc
450 4120 598 4193 mundo.
650 4115 727 4188 lmo
741 4131 781 4188 ut
800 4118 930 4189 milites
945 4115 1128 4189 Christum
1146 4120 1219 4210 spi·
1270 4131 1321 4188 est
1339 4117 1570 4209 imperiorum
1586 4117 1761 4188 divinitus
1779 4117 1978 4204 institutus,
1993 4135 2028 4190 et
2041 4145 2147 4213 quem
2164 4117 2251 4189 Deus

228 4227 285 4296 nis
299 4236 474 4296 coronant
488 4235 521 4294 et
535 4221 715 4311 configunt
730 4233 764 4292 et
778 4218 817 4290 in
835 4243 992 4312 purpura
1016 4223 1219 4302 traducunt,
1270 4233 1471 4300 conservat,
1495 4233 1669 4314 quatenus
1684 4219 1778 4290 bona
1793 4234 1950 4292 manent.
2000 4221 2072 4294 Sed
2085 4219 2251 4292 Diabolus
2305 4291 2306 4310 ἶ

229 4329 280 4400 sic
301 4327 357 4398 illi
373 4321 556 4396 Christum
580 4347 645 4416 per
664 4323 915 4393 contumeliam
940 4337 1131 4404 coronant,
1156 4321 1220 4418 qui
1269 4323 1409 4394 rabiose
1433 4317 1529 4392 hunc
1550 4317 1700 4392 chorum
1725 4321 1959 4408 interturbat,
1989 4321 2113 4394 incitat
2140 4339 2252 4418 tyran·

228 4432 319 4502 lalso
353 4438 535 4522 praetextu
569 4424 769 4496 autoritatis
800 4423 929 4516 ipsius,
959 4426 1152 4496 dilacerant
1186 4439 1221 4496 et
1270 4449 1354 4509 uos,
1387 4439 1427 4496 ut
1447 4435 1617 4518 tanquam
1634 4421 1805 4514 Gigantes
1828 4425 1964 4495 illaturi
1990 4425 2125 4496 bellurn
2150 4423 2251 4505 coelo,

232 4543 398 4604 evertunt
417 4528 577 4620 politias,
597 4542 632 4600 et
647 4549 778 4596 novam
800 4527 1014 4598 constituere
1035 4541 1221 4598 conantur.
1270 4526 1413 4598 abolere
1438 4527 1627 4616 religiones
1649 4540 1843 4612 conentur,
1867 4539 1910 4598 ut
1933 4526 2075 4598 iniustis
2093 4525 2250 4598 caedibus

232 4635 307 4725 Qui
330 4657 371 4703 eo
394 4632 498 4702 etiarn
522 4643 666 4721 peccant
686 4629 783 4720 quod
806 4629 996 4700 obscurant
1013 4643 1048 4701 et
1063 4631 1221 4701 obruunt
1270 4641 1473 4720 grassentur
1496 4630 1535 4698 in
1560 4629 1671 4710 cives,
1704 4629 1868 4722 polluant
1889 4629 2075 4720 flagitiosis
2097 4623 2250 4700 libidini-

232 4735 430 4831 spiritualia
452 4732 619 4802 beneficia
643 4745 678 4802 et
698 4730 780 4800 fidei
796 4731 980 4812 exercitia,
1004 4755 1084 4800 eum
1103 4727 1220 4802 homi·
1272 4735 1338 4802 bus
1358 4731 1557 4802 universam
1584 4754 1705 4802 rerum
1721 4719 1914 4816 naturam,
1947 4732 2129 4804 licentiam
2152 4729 2250 4800 scele·

232 4843 341 4912 nibus
358 4836 552 4910 offundunt
575 4829 666 4904 hanc
680 4832 849 4925 speciem,
875 4835 971 4926 quod
988 4829 1149 4904 Christus
1164 4834 1222 4903 ui·
1270 4857 1350 4904 rum
1371 4833 1600 4919 confirment,
1634 4835 1775 4904 deleant
1797 4827 1946 4905 honesta
1963 4835 2100 4920 studia,
2130 4832 2250 4902 dilace-

233 4938 287 5012 hil
302 4941 374 5012 nisi
390 4939 451 5008 illa
468 4936 586 5006 civilia
602 4936 714 5006 officia
730 4933 841 5004 Moisi
853 4936 1023 5028 requirat.
1059 4933 1221 5020 Notene-
1270 4932 1551 5007 rentEcclesias.
1602 4935 1703 5008 Talis
1716 4949 1826 5007 status
1839 4933 1978 5008 Romae
1993 4931 2082 5018 furit,
2107 4929 2249 5005 Neronis

232 5045 317 5114 brae
332 5063 478 5136 prorsus
489 5039 610 5111 delent
621 5035 867 5127 Evangelium.
917 5037 1100 5109 Postremo
1120 5063 1223 5108 man·
1270 5051 1307 5110 et
1330 5037 1500 5108 similium
1527 5053 1759 5132 tyrannorum
1783 5051 1953 5130 tempore.
2003 5035 2064 5110 Sic
2086 5033 2248 5108 Diabolus
2305 5053 2306 5056 ’

233 5133 1223 5234 datllivangelium,utMagistratibusethnicisobtempe·
1271 5141 1519 5232 corrumpebat
1541 5135 1765 5210 harmoniam
1781 5141 1925 5210 divinae
1944 5138 2196 5221 ordinationis,
2219 5143 2249 5202 el

232 5269 365 5316 remus:
403 5268 511 5339 qnare
527 5264 667 5314 neeesse
685 5255 735 5313 est
758 5241 896 5336 legibus
916 5260 1042 5312 eorum
1057 5243 1222 5331 obedire;
1270 5257 1390 5314 mmen
1415 5243 1549 5314 interea
1574 5243 1670 5314 Deus
1693 5265 1767 5312 non
1795 5241 1995 5334 patiebatur
2018 5265 2094 5312 eam
2116 5254 2249 5334 prorsus

233 5371 316 5416 nam
336 5347 390 5415 ler
417 5360 469 5416 est
492 5369 559 5414 vor
586 5345 661 5435 ipsa
674 5341 913 5433 Magistratus.
962 5342 1035 5414 Nec
1051 5347 1148 5416 aliud
1170 5357 1222 5416 est
1270 5345 1400 5430 deleri,
1426 5370 1470 5416 ac
1482 5347 1587 5436 paulo
1603 5359 1683 5438 post
1706 5367 1783 5416 eam
1799 5344 2008 5418 restituebat
2030 5344 2179 5416 extincto
2198 5351 2248 5431 ty·

212 5448 379 5517 obedire
400 5445 625 5535 Magistratui
633 5495 646 5532 ,
680 5445 751 5518 nisi
769 5443 845 5516 eius
865 5443 1004 5535 legibus
1023 5457 1057 5516 et
1071 5447 1221 5518 decretis
1270 5471 1397 5520 ranno.
1452 5445 1501 5520 Ut
1511 5461 1630 5520 autern
1644 5461 1818 5543 tyrannus
1832 5447 1894 5520 ille
1908 5460 1984 5520 erat
1999 5443 2143 5520 Diaboli
2155 5460 2248 5530 orga-
