4718 5828
94 291 131 364 rr
804 278 1076 362 uuonan
1104 278 1375 364 nuoruus.
2054 281 2106 356 aa
2195 251 2212 279 “

431 421 435 426 ,
1703 399 1709 430 l

93 461 149 534 nisi
168 455 323 551 proxime
336 467 599 550 repraesentent
613 469 703 550 quos
718 453 851 526 imitari
865 454 1064 538 instituere,
1113 455 1213 526 timis
1236 453 1428 547 sapientiae
1458 451 1715 544 penetralibus,
1748 475 1789 522 ex
1818 453 2104 526 doctissimorum

93 565 132 633 ita
158 576 189 634 et
209 561 300 650 leges
322 581 447 652 parum
469 559 677 650 probamus,
709 557 933 631 arommuni
957 569 1061 648 captu
1113 555 1323 641 Poetarum,
1359 551 1555 626 Oratorum
1584 568 1619 624 et
1647 548 1948 646 Philosophorum
1974 581 2103 628 monu-

92 663 290 735 remotiores.
340 659 461 750 Quare
483 656 551 732 hoc
565 655 654 730 mihi
670 659 774 751 plane
791 659 963 750 persuasi,
989 658 1061 728 uti·
1112 661 1259 744 mentis,
1286 672 1320 729 ct
1333 658 1482 728 recitant
1495 655 1719 726 doctissimus
1732 679 1851 726 rerum
1865 653 2104 748 humanarum

92 766 198 836 liorem
225 785 299 833 esse
322 761 569 834 Romanarum
599 761 715 852 legum
748 761 985 850 cognitionem
1016 759 1061 828 iis
1113 762 1273 834 omnium
1295 761 1525 851 imperatores
1546 771 1579 826 et
1603 755 1875 829 Iurisconsultus
1897 773 2102 832 nostrorum

92 869 141 962 qni
164 863 317 956 Respub.
348 877 496 954 gerunt,
530 887 636 958 quam
659 857 991 954 Philosophirarum
1020 862 1059 929 in
1112 865 1318 934 rabularum
1341 861 1607 944 dissimiliores,
1633 885 1740 952 quam
1763 873 1846 932 sunt
1867 856 2041 934 Chiorum
2063 863 2103 932 in

72 967 146 1038 'hoc
171 991 294 1057 genere
324 953 618 1056 disputationum.
690 962 876 1048 Graviter,
908 962 1060 1034 civiliter
1113 966 1192 1036 talis
1209 963 1295 1050 Coi,
1318 965 1379 1033 sed
1400 963 1563 1033 instructi
1583 961 1714 1048 literis,
1738 985 1805 1032 usu
1821 959 1977 1054 Reipub.
2002 965 2102 1034 domi

92 1085 118 1140 et
130 1067 325 1150 humanitus
339 1067 460 1138 omnia
473 1067 663 1138 constituta
676 1079 790 1138 sunta
807 1067 924 1155 legum
938 1078 1060 1136 aucto·
1111 1067 1268 1161 forisque
1291 1067 1464 1156 gerendae
1486 1062 1682 1134 exercitati:
1722 1063 1779 1131 vel
1802 1077 1981 1134 tantorum
2004 1065 2102 1136 viro·
2180 1101 2183 1106 ·

92 1174 187 1255 ribus,
210 1170 317 1262 idque
334 1191 390 1238 res
406 1169 562 1259 cogebat.
613 1163 728 1238 Erant
745 1169 840 1238 enirn
857 1168 899 1236 ad
919 1167 1059 1236 civilem
1112 1193 1191 1240 rum
1222 1169 1413 1240 memoriae
1444 1162 1504 1248 hic
1530 1160 1646 1234 honos
1670 1165 1836 1250 debetur,
1868 1179 1909 1236 ut
1933 1179 2157 1263 tauquam!

92 1269 257 1342 homiuum
289 1271 582 1342 consuetudinem
610 1269 702 1359 leges
729 1269 1060 1352 accommodandae,
1112 1271 1271 1352 exuvias,
1295 1293 1417 1338 eorum
1440 1267 1568 1358 scripta
1585 1289 1845 1340 conservemus.
1896 1264 2003 1355 Quod
2021 1259 2108 1338 cum'

90 1399 150 1444 non
172 1373 271 1443 aliter
296 1386 401 1465 atque
421 1367 651 1464 pharmacum
674 1371 900 1463 attemperari
920 1383 1060 1461 oportet
1112 1394 1248 1442 summa
1270 1396 1353 1441 cura
1370 1370 1527 1440 Maiores
1544 1369 1655 1438 nostri
1674 1367 1929 1458 praestiterint,
1955 1371 2102 1462 aequius
2133 1421 2135 1431 .

90 1475 167 1566 aegri
180 1475 336 1566 corporis
352 1487 499 1544 naturae
513 1499 553 1544 ac
568 1473 714 1546 viribus.
766 1468 977 1564 Philosophi
991 1468 1060 1541 sibi
1112 1489 1163 1544 est
1183 1474 1327 1543 illorum
1352 1495 1416 1541 nos
1440 1471 1638 1560 exemplum
1662 1469 1814 1554 imitari,
1840 1493 1947 1563 quam
1969 1471 2014 1540 iis
2035 1473 2101 1542 ob-

90 1578 121 1646 iu
138 1571 259 1646 scholis
281 1577 454 1670 quaedam
474 1575 584 1646 libere
602 1573 810 1668 permisere,
836 1599 925 1666 quac
944 1574 983 1642 in
999 1596 1059 1662 ge-
1112 1576 1231 1668 sequi,
1257 1575 1318 1668 qui
1343 1597 1417 1644 non
1438 1574 1545 1642 modo
1568 1571 1704 1660 legibus
1725 1571 1817 1640 male
1842 1572 1985 1663 propitii
2005 1586 2102 1660 sunt,

90 1679 191 1748 randis
212 1678 318 1748 rebus
340 1677 493 1767 publicis
517 1701 589 1748 non
610 1676 717 1750 fuerit
732 1677 933 1748 consultum
949 1674 1059 1766 sequi.
1112 1678 1171 1746 sed
1193 1699 1346 1774 ‚prorsus
1376 1699 1490 1768 neque
1514 1674 1587 1758 ius,
1617 1696 1732 1766 neque
1756 1673 1889 1742 bonum
1914 1687 2020 1766 atque
2041 1699 2101 1742 ae-

90 1779 167 1851 Suut
186 1781 354 1872 quaedam
379 1777 417 1847 in
433 1773 577 1870 Europa
601 1791 740 1866 gentas,
767 1802 857 1870 quae
875 1801 947 1845 non
963 1776 1059 1844 iudi·
1111 1803 1220 1872 quum
1246 1778 1381 1860 sciunt,
1413 1775 1539 1844 melius
1562 1775 1681 1866 peius,
1712 1774 1843 1866 prosit,
1869 1775 1983 1867 obsit,
2007 1773 2100 1846 nihil

91 1895 156 1952 cant
175 1905 225 1950 res
247 1905 291 1949 ex
306 1877 480 1952 Romanis
496 1879 650 1968 legibus,
676 1881 735 1948 sed
754 1879 960 1948 vernaculis.
1011 1873 1057 1946 Et
1113 1881 1252 1962 vident,
1279 1879 1349 1947 nisi
1367 1879 1462 1970 quod
1478 1877 1576 1948 libet.

90 1997 187 2054 umen
200 1982 261 2076 qui
275 1981 328 2051 ibi
341 1979 499 2072 Respub.
514 1981 646 2072 gesturi
659 1993 762 2065 sunt,
786 1982 859 2050 sere
876 1979 1058 2051 Romanas
1212 1980 1329 2052 Puscit
1351 1975 1409 2048 hic
1428 1979 1545 2062 locus,
1577 1991 1801 2070 posteaquam
1823 1978 2034 2050 sententiam
2057 1983 2101 2050 de

90 2087 165 2174 leges
178 2084 269 2176 apud
284 2095 420 2154 exteros
431 2083 590 2166 discunt,
615 2083 696 2175 qui,
721 2082 919 2172 utaccipio,
946 2083 1057 2150 inter·
1111 2083 1412 2172 legibusnostram
1422 2079 1659 2172 exposuimus,
1674 2081 2101 2150 adversariorumcalum-

91 2185 200 2276 rogati,
225 2187 333 2278 quid,
357 2208 437 2270 cum
457 2198 659 2258 nostrarum
678 2184 794 2272 legum
812 2207 886 2254 nou
904 2183 949 2253 sit
963 2183 1056 2272 apud
1110 2185 1188 2254 nias
1209 2185 1377 2254 refutare:
1404 2205 1494 2277 quae
1516 2181 1598 2274 quia
1621 2181 1836 2252 leviusculae
1858 2197 1892 2254 et
1906 2206 1996 2274 pene
2010 2184 2100 2252 ridi-

90 2311 137 2356 eos
155 2309 249 2372 usus,
273 2287 314 2354 in
336 2285 387 2354 eis
409 2285 661 2374 cognoscendis
684 2298 823 2358 tantum
845 2307 972 2374 operae
992 2307 1056 2373 po·
1110 2287 1208 2356 culae
1221 2299 1322 2370 sunt,
1348 2285 1469 2376 paucis
1485 2308 1504 2352 a
1519 2307 1575 2352 me
1590 2283 1883 2374 perstringentur.
1935 2282 2099 2368 Mutilae,

91 2405 177 2474 nant,
197 2389 410 2478 respondere
427 2389 558 2458 solent:
585 2380 753 2456 Animam
772 2410 808 2455 se
824 2387 1057 2478 spiritumque
1110 2387 1298 2481 inquiunt,
1330 2387 1447 2475 legum
1470 2379 1697 2475 Rhapsodiae
1726 2385 1838 2458 sunl.¹
1879 2384 2025 2456 Publica
2058 2379 2102 2458 ea'

91 2491 205 2580 legum,
233 2491 286 2559 sic
316 2487 413 2559 enirn
441 2489 658 2582 loquuntur,
690 2489 868 2579 excipere,
903 2483 970 2556 huc
994 2501 1056 2568 est,
1110 2488 1300 2560 calamitas.
1318 2501 1387 2572 est,
1418 2509 1524 2580 quam
1556 2487 1719 2554 insectari
1747 2485 1894 2554 minime
1919 2489 2098 2568 convenit,

91 2591 251 2685 aequitatis
277 2589 349 2660 vim
370 2613 412 2660 ac
434 2604 598 2660 naturam
620 2583 705 2659 hinc
726 2591 933 2680 decerpere,
959 2601 999 2656 ut
1013 2577 1057 2657 de
1108 2591 1330 2660 miserescere
1345 2603 1419 2659 erat
1435 2583 1634 2658 humanius.
1685 2581 1863 2678 Optarent
1878 2601 1994 2658 autem
2009 2589 2107 2680 boni,

90 2695 192 2784 patriis
213 2691 352 2783 legibus
376 2692 504 2763 rectius
524 2691 692 2764 iudicent.
749 2689 875 2764 Laudo
899 2691 1054 2782 pruden-
1109 2715 1251 2776 omnes,
1278 2690 1418 2784 siquid
1442 2687 1533 2758 votis
1556 2687 1756 2780 proficitur,
1780 2688 1917 2777 integra
1938 2703 2097 2762 veterum
2122 2717 2128 2730 ³

90 2796 237 2865 tissimum
268 2817 412 2878 vocem,
451 2817 520 2888 qua
551 2793 748 2882 significant
776 2793 896 2862 omnia
926 2791 1056 2862 rectius
1110 2791 1435 2864 Iurcconsultorum
1465 2790 1648 2860 volumina
1671 2803 1800 2863 extare.
1858 2789 1994 2862 Verum
2016 2815 2098 2864 eum

92 2897 279 2988 perspexisse
301 2917 457 2966 summus
481 2894 563 2964 illos
585 2893 680 2964 viros
702 2895 814 2964 nostri
830 2893 918 2966 iuris
934 2905 1055 2964 aucto·
1110 2891 1194 2964 haec
1218 2907 1355 2964 tantum
1373 2893 1588 2982 fragmenta,
1612 2893 1755 2961 fortuna
1772 2892 1878 2962 nobis
1894 2892 2030 2986 reliqua
2044 2895 2097 2964 se-

90 3022 146 3082 res,
168 3014 198 3070 et
212 2996 393 3068 neminem
408 2997 492 3068 satis
506 2996 716 3069 instructum
731 3019 804 3066 esse
818 2997 863 3066 ad
878 2994 1055 3064 civitatem
1108 2995 1211 3080 cerit‚
1237 2995 1386 3086 impium
1408 2994 1534 3077 fuerit,
1560 2993 1656 3062 velut
1679 3015 1720 3062 ex
1742 2992 1925 3082 naufragio
1948 2995 2097 3086 receptis

91 3103 273 3190 regendam,
306 3098 370 3192 qui
396 3123 472 3168 non
500 3098 539 3166 iu
570 3093 626 3168 his
649 3098 900 3188 cognoscendis
923 3096 1055 3191 tyroci-
1107 3095 1324 3188 hospitibus,
1348 3098 1455 3167 vitam
1471 3095 1647 3178 invidere,
1672 3093 1877 3185 praesertim
1893 3119 1967 3165 non
1982 3097 2097 3168 malis.

91 3201 170 3270 nium
187 3201 318 3271 iecerit.
372 3197 470 3290 Quid
493 3199 588 3294 quod
608 3199 645 3268 in
663 3195 719 3268 his
734 3199 1053 3270 iureconsultorum
1107 3197 1196 3270 Nam
1234 3199 1296 3293 qui
1329 3194 1415 3268 haec
1444 3197 1755 3279 consarcinarunt,
1795 3196 1949 3288 integras
1979 3210 2096 3268 tamen

92 3301 182 3373 literis
196 3305 288 3374 bona
306 3317 386 3394 pars
403 3301 624 3396 antiquitatis
638 3302 775 3395 reliqua
790 3301 866 3373 est?
910 3298 1054 3370 Veteres
1106 3302 1297 3372 sententias
1321 3299 1452 3384 nobis,
1468 3311 1503 3369 et
1523 3300 1640 3389 legum
1663 3291 1795 3388 capita,
1820 3311 1992 3390 quantum
2013 3301 2096 3370 satis

92 3428 199 3490 mores,
223 3401 570 3476 sermonis-Romani
588 3403 774 3496 pleraeque
790 3405 938 3492 figurae,
968 3424 1054 3493 quas
1108 3418 1199 3484 erat,
1224 3403 1459 3474 tradiderunt.
1510 3398 1565 3470 De
1586 3399 1735 3489 singulis
1759 3399 1897 3470 casibus
1917 3401 2020 3471 anxie
2035 3425 2096 3472 su-

93 3501 196 3575 nisibi
219 3505 452 3598 explicarent,
477 3504 516 3572 in
538 3505 616 3572 aliis
635 3503 866 3596 scriptoribus
884 3527 1053 3572 nonnun·
1107 3505 1374 3596 perstitioseque
1403 3503 1616 3574 constituere
1643 3495 1739 3568 nihil
1768 3501 1894 3585 refert,
1932 3503 2015 3572 satis
2044 3517 2096 3574 est

94 3631 176 3698 quam
199 3633 273 3678 non
297 3607 400 3676 alitor
421 3619 526 3699 atque
549 3605 588 3674 in
610 3605 686 3674 luto
711 3601 954 3688 haereremus,
989 3627 1053 3674 nec
1106 3629 1232 3696 genera
1262 3628 1382 3675 rerum
1415 3616 1450 3674 et
1477 3624 1683 3680 communes
1714 3603 1884 3694 quasdam
1911 3601 2098 3692 formulas,

93 3705 216 3799 intelligi
242 3709 461 3801 optimorum
491 3722 673 3778 auctorum
707 3707 867 3800 plerique
898 3705 1053 3794 insignes
1106 3707 1404 3800 quemadmodum
1420 3703 1459 3772 in
1473 3703 1551 3772 aliis
1564 3703 1602 3773 fir
1616 3703 1772 3788 artibus,
1793 3702 1988 3794 concipere,
2014 3705 2095 3797 qui-

93 3807 145 3878 lori
163 3823 313 3902 possent.
365 3807 473 3898 Quod
497 3808 527 3876 si
550 3803 718 3894 historia,
744 3809 774 3878 si
789 3808 879 3878 aliae
894 3820 1052 3876 veterum
1109 3813 1172 3879 bus
1194 3809 1323 3878 similia
1345 3808 1439 3886 inter
1457 3829 1494 3874 se
1515 3805 1607 3876 facta
1622 3805 1830 3890 metiamur,
1855 3827 1920 3888 ne,
1940 3805 1970 3873 si
1984 3828 2040 3874 res
2055 3806 2095 3876 in

93 3907 187 3982 literae
200 3913 324 3998 nobis,
348 3925 389 3982 ut
400 3911 548 3994 debent,
573 3935 677 3980 curae
691 3922 785 3990 sunt,
808 3934 887 3979 cum
903 3903 959 3976 his
975 3932 1053 3998 pas-
1107 3911 1317 3980 immensum
1343 3920 1490 3992 crescat,
1519 3929 1625 3976 nemo
1648 3905 1817 3998 consequi
1838 3906 1959 3997 possit.
2002 3905 2093 3977 'De-

94 4011 143 4079 sim
160 4015 268 4084 lucem
292 4013 453 4084 adierant
470 4009 723 4096 Iurcconsulti‚
747 4011 804 4080 vel
827 4036 846 4080 a
865 4007 1053 4078 Gramma·
1107 4013 1189 4079 inde
1211 4013 1249 4080 iu
1272 4009 1409 4100 legibus
1433 4008 1599 4078 omnibus
1622 4029 1679 4074 res
1699 4007 1792 4095 cogit
1804 4007 2012 4076 brevitatem
2029 4012 2094 4079 ad·
2210 4021 2214 4030 '

93 4112 151 4182 ticis
168 4130 197 4186 et
209 4111 431 4190 Rhetoribus
450 4137 572 4183 eorum
588 4112 858 4183 commentarios
874 4111 1053 4180 adservari
1106 4113 1254 4196 sectare,
1277 4125 1317 4181 ut
1336 4109 1465 4178 animis
1485 4108 1627 4180 facilius
1649 4107 1749 4197 infigi
1771 4109 1908 4199 possint
1924 4120 2092 4203 tanquam

95 4231 252 4304 oporteret.
305 4215 428 4309 ltaque
454 4215 523 4284 nisi
544 4215 651 4285 simul
666 4215 834 4286 omnibus
850 4213 962 4282 literis
977 4213 1053 4280 bel·
1107 4213 1225 4283 brevia
1240 4207 1531 4310 ἀποφθέγματα.

93 4313 150 4384 lum
169 4319 381 4402 iudicemus,
407 4332 442 4388 et
456 4317 561 4408 plane
579 4317 618 4384 in
633 4318 756 4387 beluas
772 4317 981 4404 degenerare
997 4313 1052 4384 iu·
1099 4371 1102 4378 .
1207 4313 1278 4384 Sed
1293 4313 1513 4403 ogganniunt
1525 4309 1728 4394 adversarii,
1750 4309 1875 4382 obruta
1891 4314 2094 4384 esseomnia

95 4417 185 4506 rabit,
213 4444 288 4490 nou
316 4413 592 4512 permittendum
625 4433 693 4502 est,
728 4431 769 4489 ut
797 4417 866 4488 situ
891 4441 930 4484 ac
954 4414 1052 4484 senio
1106 4429 1140 4486 et
1161 4429 1390 4507 conspurcata
1406 4412 1559 4482 sordidis
1573 4411 1804 4503 interpretum
1822 4415 2093 4486 commentariis.

94 4512 246 4592 Romanae
271 4521 366 4612 leges
389 4519 618 4592 emoriantur.
670 4518 852 4608 Quosdam
877 4517 1051 4586 nobilium
1107 4513 1181 4606 Ego
1203 4542 1287 4587 vero
1310 4515 1483 4588 Romanis
1505 4513 1642 4602 legibus
1663 4514 1883 4605 patrocinor,
1908 4539 1984 4584 non
2004 4541 2093 4587 neo-

93 4619 210 4691 urbium
237 4622 417 4715 picturae,
450 4622 620 4715 quosdam
651 4643 848 4700 marmora,
882 4621 1052 4712 quosdam
1105 4619 1222 4688 tericis
1235 4617 1502 4707 interpretibus:
1527 4639 1692 4708 quorum,
1719 4615 1747 4684 si
1759 4617 1923 4705 prodesse
1936 4617 2093 4704 volucre,

96 4733 200 4792 statuae
221 4725 414 4806 delectant,
440 4745 550 4817 eaque
572 4743 708 4791 summa
732 4746 815 4792 rura
832 4731 1053 4790 conservant.
1105 4721 1305 4790 laudandus
1322 4732 1372 4788 est
1387 4731 1551 4796 conatus,
1578 4731 1612 4787 et
1626 4729 1744 4785 tamen
1758 4717 1927 4811 quicquid
1943 4719 2023 4790 istic
2036 4721 2091 4789 vi-

97 4815 198 4909 Quae,
220 4825 378 4910 malum,
410 4825 590 4896 barbaries
620 4835 690 4903 est,
726 4823 833 4913 leges,
865 4821 1053 4914 plusquam
1106 4822 1147 4892 tii
1170 4837 1239 4906 est,
1264 4823 1299 4892 id
1323 4820 1529 4890 universum
1551 4818 1658 4888 semel
1678 4818 1816 4910 imputo
1838 4819 1998 4890 inscitiae
2021 4816 2090 4891 hu-

96 4941 212 4995 aureum
228 4922 485 5018 pulcherrimae
497 4927 598 4997 urbis
611 4939 901 5008 monumentum,
927 4937 962 4992 et
975 4945 1053 5012 ger·
1106 4923 1286 4994 maritatis
1302 4937 1336 4994 et
1350 4922 1561 5010 elegantium
1575 4921 1774 4992 literarum:
1798 4920 1927 5014 quibus
1939 4922 2002 5014 qui
2016 4945 2091 4992 non

96 5043 208 5096 menam
224 5021 349 5100 εἰκόνα
366 5027 580 5100 obliterare?
619 5023 777 5116 Quidam
793 5026 969 5095 clarorum
986 5019 1053 5094 ho·
1106 5039 1188 5094 sunt
1209 5025 1394 5116 perpoliti,
1418 5019 1457 5091 hi
1481 5017 1596 5090 nihilo
1621 5022 1664 5090 ad
1690 5024 1890 5092 tractandas
1912 5023 2091 5110 graviores

97 5124 206 5196 minum
228 5131 410 5201 sententiis
427 5131 532 5200 unice
550 5129 757 5220 capiuntur,
786 5127 979 5218 parietibus
995 5125 1052 5194 in·
1106 5127 1324 5218 disciplinas,
1365 5123 1476 5214 magis
1498 5123 1651 5214 adpositi
1672 5137 1756 5193 suut
1775 5147 1882 5217 quam
1906 5125 1951 5194 ad
1976 5124 2090 5220 lyram

97 5226 245 5312 scribunt,
282 5231 424 5302 annulis
451 5231 675 5320 insculpunt,
710 5229 858 5300 illinunt
886 5227 1053 5300 omuibus
1104 5229 1234 5299 asinus.
1277 5227 1437 5298 Primum
1452 5225 1547 5294 enim
1562 5249 1640 5295 cum
1649 5223 1813 5297 Romano
1829 5247 1989 5295 sermone
2005 5249 2091 5298 con-

97 5319 215 5417 ehartis,
239 5333 339 5427 siqua
361 5332 548 5423 insigniter
567 5331 711 5424 placuit.
762 5329 805 5402 ln
826 5327 882 5401 his
898 5329 1052 5405 volumi·
1104 5329 1254 5421 scriptae
1268 5331 1339 5398 sint
1354 5329 1461 5417 leges,
1486 5327 1665 5419 quomodo
1679 5327 1718 5394 in
1732 5327 1782 5396 eis
1796 5327 2005 5411 versabitur,
2027 5330 2090 5423 qui

28 5431 29 5488 1
97 5423 179 5500 ribus
197 5445 249 5504 tot
269 5447 388 5506 exunt
403 5456 570 5526 gnomae,
596 5446 682 5527 quot
700 5433 792 5524 leges
805 5447 928 5505 erutae
940 5453 980 5501 ex
995 5430 1051 5500 in·
1102 5431 1245 5524 linguae
1270 5431 1398 5524 figuras
1420 5453 1462 5499 ac
1475 5429 1549 5498 vim
1564 5449 1640 5496 non
1659 5427 1779 5499 tenet?
1830 5427 2091 5516 lam,etia1nsi

28 5535 29 5574 ἕ
136 5533 299 5606 Mutum
315 5539 516 5609 Orra.Voa.
531 5535 594 5608 XI.
1603 5527 1626 5598 6
