4688 5826
134 251 311 334 vua
442 217 448 228 '
541 291 543 298 a
718 225 1780 334 nucunusruousanonascnuruu.
1956 367 1962 382 μ
2041 239 2277 338 '··.1cs

233 429 448 506 lescentibns
469 425 628 512 ostendi,
659 447 766 518 quam
789 447 885 494 nunc
911 423 1068 516 primum
1090 424 1229 508 llorere,
1279 425 1457 520 simulque
1482 439 1517 500 et
1538 427 1666 500 florere
1681 441 1718 500 et
1736 427 1951 502 intercidere
1967 429 2175 518 rolentpits
2192 455 2277 504 cum

235 549 298 608 aut
318 534 447 604 rubere
469 527 649 620 coeperint
670 527 724 596 illi
749 527 903 612 fructus,
935 529 1089 598 necdum
1110 539 1228 596 matu·
1278 541 1362 600 sunt
1395 527 1603 624 labefactata
1642 529 1794 602 immani
1831 531 1995 604 barbaric
2027 555 2069 604 ac
2102 534 2279 618 vastitate,

234 636 391 720 ruerint3
426 645 460 703 et
482 630 643 714 moneri,
675 653 746 722 quo
770 628 887 708 cultu,
922 628 1052 721 quibus
1074 627 1170 698 auris
1193 637 1228 696 et
1278 629 1399 702 omnia
1424 630 1564 700 involvi
1585 654 1726 703 necesse
1744 647 1808 708 est.
1868 631 1952 722 Quo
1975 634 2110 706 maiore
2130 659 2215 708 cura
2240 649 2276 709 et

234 739 382 822 solibus,
400 748 518 828 etqua
534 731 781 802 benedictione
796 729 918 800 divina
934 725 1051 800 adhuc
1064 730 1110 800 sit
1127 751 1228 819 opus,
1278 733 1507 804 contentione
1527 732 1625 804 viros
1639 729 1808 806 honestos
1827 729 1884 806 his
1898 738 2144 828 praesentibus
2157 737 2277 821 malis,

235 857 276 916 ut
303 839 388 910 lacti
418 861 458 906 ac
488 834 620 906 maturi
654 833 810 926 talesque
837 832 972 902 fructus
1004 831 1227 924 proveniant,
1278 857 1439 928 quaeque
1469 830 1525 906 bis
1545 835 1652 906 baud
1665 835 1772 928 paulo
1800 837 1963 926 graviora
1985 838 2192 932 impendere
2217 841 2277 910 vi-

235 944 365 1040 qnibus
379 937 539 1026 Respub.
563 950 598 1006 et
613 932 769 1004 Ecclesia
784 933 913 1002 deiude
933 934 1123 1004 salubriter
1146 956 1226 1023 pos·
1278 939 1426 1022 dentur,
1451 936 1552 1006 omni
1565 959 1693 1026 genere
1709 938 1948 1010 remediorum
1963 965 2147 1012 occurrere
2162 943 2277 1016 dccet.

237 1047 284 1118 sit
322 1043 386 1114 uti.
446 1036 530 1108 Hoc
563 1037 721 1106 efficiunt
749 1035 932 1120 examina,
972 1059 1064 1128 quae
1099 1037 1227 1127 cuique
1278 1036 1353 1108 Nec
1376 1037 1503 1108 leviter
1525 1033 1611 1110 haec
1633 1039 1794 1112 examina
1814 1041 1858 1112 ad
1883 1041 2109 1132 disciplinam
2135 1045 2278 1114 condu-

235 1165 420 1244 quousque
441 1161 646 1234 progressus
668 1139 732 1222 sit,
758 1149 793 1206 et
816 1137 902 1230 quid
928 1137 1003 1208 viae
1029 1131 1146 1208 adhuc
1169 1160 1226 1206 re·
1279 1151 1384 1224 cunt,
1424 1139 1605 1210 licentiam
1629 1153 1832 1233 temporum
1861 1139 2034 1214 nonnihil
2062 1145 2278 1238 reprimunt,

235 1262 320 1329 stet,
346 1244 555 1327 ostendunt,
579 1265 624 1310 ne
647 1263 683 1310 se
704 1240 776 1310 iam
801 1252 929 1310 metam
953 1261 1134 1331 superasse
1158 1263 1226 1328 pu·
1279 1241 1439 1312 discendi
1456 1265 1578 1312 curam
1595 1257 1744 1332 augent,
1769 1255 1805 1314 et
1821 1257 1914 1316 certa
1929 1245 2006 1336 lege
2022 1261 2127 1341 atque
2144 1247 2276 1320 ordine

234 1366 330 1436 tent,
353 1371 434 1418 curn
449 1345 595 1414 vixdum
610 1342 716 1434 septis
730 1342 960 1416 excurrerint.
1011 1339 1102 1412 Cum
1119 1339 1227 1428 igitur
1278 1343 1395 1434 studia
1419 1344 1639 1434 gubernant,
1664 1358 1771 1440 atque
1792 1346 1837 1416 ad
1861 1371 1901 1416 ca
1924 1347 2091 1418 discenda
2113 1350 2278 1440 adigunt,

190 1447 195 1462 “
236 1453 409 1550 quaedam
440 1446 632 1516 modestiae
663 1469 703 1513 ac
734 1443 942 1534 disciplinae
964 1443 1105 1512 officina
1133 1455 1228 1526 sunt,
1280 1446 1411 1538 quibus
1435 1445 1559 1536 religio
1582 1471 1768 1541 moresque
1791 1447 1898 1530 boni,
1930 1473 2075 1520 arcera
2100 1465 2135 1522 et
2157 1452 2277 1522 solida

236 1571 314 1628 tum
327 1576 411 1622 vero
430 1549 536 1619 etiam
552 1549 596 1617 ad
611 1540 832 1630 κοινωνίαν,
857 1540 925 1614 hoc
939 1558 1001 1630 est,
1026 1543 1225 1616 studiorum
1279 1546 1442 1618 doctrina
1457 1548 1670 1622 continetur.
1720 1546 1812 1618 Nam
1838 1571 1985 1644 eaquae
2003 1551 2050 1622 ad
2072 1547 2169 1622 hunc
2193 1576 2278 1642 gra-

236 1650 594 1729 communicationem
626 1661 786 1718 mutuam
812 1660 918 1740 atque
942 1646 980 1714 in
1013 1646 1226 1716 conferendo
1279 1649 1364 1718 dum
1380 1647 1520 1720 institui
1533 1650 1649 1722 solent
1662 1649 1836 1734 examina,
1860 1675 1935 1722 non
1949 1653 2064 1724 solum
2082 1651 2277 1724 Gramma-

236 1774 272 1832 et
299 1754 528 1846 disceptando
564 1750 767 1822 facilitatem
801 1744 1129 1842 humanitatemque
1163 1749 1226 1816 ad·
1279 1749 1368 1821 ticae
1396 1763 1431 1820 et
1453 1747 1666 1822 Dialecticae
1690 1751 1852 1822 exercitis
1881 1767 1985 1840 sunt,
2013 1757 2074 1826 sed
2098 1757 2277 1850 quaedam

236 1858 445 1934 suelaeiunt.
497 1851 663 1942 Quidam,
682 1853 783 1920 enim
817 1851 857 1920 in
890 1845 946 1922 his
982 1849 1227 1940 congressibus
1279 1851 1384 1922 etiam
1412 1845 1611 1946 κατήχησις
1648 1853 1899 1926 ecclesiasticae
1930 1856 2125 1930 doctrinae.
2186 1853 2280 1928 Exi-

236 1962 349 2053 magis
363 1973 446 2030 sunt
460 1955 701 2026 intractabiles
715 1978 755 2023 ac
772 1953 915 2037 morosi,
941 1977 1046 2046 quam
1064 1947 1227 2021 homines
1279 1967 1412 2045 guntur
1425 1953 1520 2024 enim
1536 1955 1738 2026 rudimenta
1761 1955 1900 2047 pictatis
1913 1958 1959 2028 ab
1976 1959 2278 2042 adolescentibus,

238 2063 421 2138 doctrinae
437 2058 563 2129 studiis
579 2056 735 2126 excultos
753 2055 862 2126 decet.
897 2051 972 2124 Alii
991 2078 1098 2146 porro
1115 2053 1228 2124 subli-
1280 2069 1314 2126 et
1331 2056 1361 2125 si
1379 2079 1471 2149 quae
1486 2079 1613 2148 parum
1630 2059 1815 2146 commode
1829 2058 2018 2150 opiniones
2039 2061 2083 2130 de
2100 2061 2278 2152 religione

237 2168 290 2238 mi
306 2161 505 2253 arrogantia
523 2159 666 2230 subnixi
682 2181 802 2242 suam,
832 2157 862 2226 si
878 2181 947 2250 qua
965 2161 1028 2242 est,
1053 2155 1228 2226 eruditio·
1279 2159 1369 2228 forte
1401 2181 1586 2249 perperam
1608 2152 1816 2244 haeserunt,
1840 2159 1969 2232 animis
1990 2163 2196 2234 evelluntur
2220 2177 2279 2236 at-

238 2293 322 2340 nem
336 2291 400 2336 ceu
416 2261 554 2354 Regum
564 2259 750 2330 Persarum
766 2261 931 2353 mysteria
949 2260 1076 2344 celant,
1102 2270 1138 2328 et
1153 2257 1227 2327 sola
1280 2283 1349 2352 que
1371 2261 1539 2330 adversus
1562 2260 1693 2331 multos
1719 2261 1845 2332 noxios
1864 2285 2002 2332 errores
2025 2277 2166 2356 pectora
2192 2291 2279 2336 rnu-

238 2371 419 2442 maiestate
445 2389 485 2435 ac
511 2357 666 2434 tenebris
689 2375 802 2432 tutam
831 2375 994 2446 censent,
1028 2385 1110 2430 cum
1134 2355 1227 2428 nihil
1279 2363 1443 2432 niuntur.
1495 2359 1603 2450 Quod
1637 2385 1744 2453 quam
1776 2387 1903 2454 operae
1930 2365 2088 2456 precium
2119 2367 2183 2452 sit,
2216 2361 2280 2440 his

236 2483 422 2567 promant,
447 2461 542 2538 nibil
558 2465 751 2558 quidquam
768 2463 812 2548 de
830 2487 894 2533 suo
911 2463 950 2532 in
970 2461 1128 2534 medium
1144 2486 1227 2556 pro-
1280 2462 1483 2554 praesertim
1513 2463 1733 2555 temporibus
1755 2465 1934 2536 nonsatis
1957 2467 2028 2538 diei
2050 2479 2176 2559 potest.
2231 2467 2280 2538 ln

237 2577 372 2656 lerant,
397 2593 478 2640 cum
494 2567 637 2638 nemine
653 2563 927 2638 communicent.
978 2561 1055 2633 Hos
1076 2563 1107 2634 ri
1123 2587 1227 2634 excu-
1281 2561 1347 2634 hac
1367 2565 1463 2634 enim
1485 2577 1583 2636 tanta
1607 2565 1794 2638 securitate
1815 2561 2002 2638 bominum
2025 2583 2060 2640 et
2080 2569 2218 2640 incuria
2235 2595 2279 2642 ac

238 2679 324 2760 tias,
354 2670 516 2742 invenias
541 2669 739 2762 plerunque
762 2667 903 2752 inanes,
937 2681 971 2740 et
991 2661 1060 2737 hoc
1085 2679 1136 2737 est
1164 2689 1228 2734 cur
1281 2666 1493 2757 negligentia
1519 2667 1721 2758 religionis,
1755 2692 1894 2738 necesse
1919 2683 1969 2740 est
1994 2665 2087 2742 banc
2115 2685 2280 2742 teneram

238 2775 434 2850 examinari
462 2787 567 2866 atque
591 2771 704 2841 excuti
733 2777 917 2862 tantopere
944 2769 1113 2859 fugitant;
1134 2791 1228 2852 ‚me-
1280 2782 1428 2842 aetatem
1445 2793 1585 2864 quoquc
1600 2770 1698 2840 velut
1712 2770 1852 2861 publica
1868 2771 2078 2862 contagione
2094 2772 2280 2854 inlectam,
2341 2811 2342 2814 ¹

237 2893 346 2956 tuunt
359 2877 468 2958 enim,
495 2898 540 2944 ne
556 2876 600 2943 de
615 2879 679 2944 sua
694 2872 880 2942 autoritate
894 2885 955 2944 aut
970 2871 1227 2972 existimatione
1280 2872 1503 2966 profanam,.
1518 2895 1559 2942 ac
1583 2871 1723 2962 pietatis
1747 2885 2032 2944 contemnentem
2054 2873 2149 2960 lieri3
2182 2899 2281 2968 quae

238 2981 441 3078 plusculum
460 2977 642 3061 amittant,
668 2975 698 3044 si
720 2997 756 3043 se
773 2973 945 3065 aperiant.
995 2972 1063 3044 His
1081 2974 1228 3068 permit·
1281 2997 1362 3045 cum
1378 2973 1424 3046 sit
1440 2973 1671 3044 seminarium
1686 2971 1864 3044 Ecclesiae
1886 2999 1926 3046 ac
1941 2971 2165 3072 Rerumpub.
2184 2989 2218 3048 et
2235 2978 2280 3048 in

238 3101 356 3159 tamus
381 3097 421 3153 ut
446 3080 598 3150 aliorum
621 3077 792 3168 opinione
814 3077 935 3167 magni
957 3077 1123 3171 doctique
1147 3077 1229 3163 sint,
1281 3072 1349 3148 boc
1364 3089 1508 3146 veterno
1529 3069 1637 3146 huius
1652 3075 1762 3146 seculi
1779 3089 1950 3170 tantoque
1968 3091 2173 3170 contemptu
2187 3079 2282 3150 reli-

240 3211 303 3260 sua
316 3183 461 3253 maximi
474 3206 514 3250 ac
528 3179 721 3251 doctissimi
744 3193 902 3249 tumeant
915 3203 1020 3274 quam
1038 3179 1169 3264 velint,
1195 3193 1230 3249 et
1280 3177 1396 3270 gionis
1419 3191 1628 3264 succrescat,
1659 3177 1744 3248 satis
1764 3179 1926 3269 adparet,
1951 3203 2058 3272 quam
2082 3174 2281 3254 horribiles

240 3289 298 3360 vel
319 3309 427 3356 ranae
448 3280 638 3374 Aesopicae
665 3281 923 3372 exemplorum
948 3281 1058 3352 tauris
1085 3294 1230 3366 certent,
1282 3281 1450 3350 tenebrae
1467 3303 1507 3349 ac
1520 3281 1664 3350 vastitas
1681 3293 1840 3370 posteros
1854 3293 1996 3352 nostros
2016 3281 2062 3352 sit
2076 3297 2280 3372 exceptura.
2339 3307 2341 3318 ⁴

241 3395 354 3464 donec
380 3390 424 3458 ad
450 3409 626 3456 summum
651 3383 766 3452 inflati
793 3399 947 3473 crepent.
999 3381 1073 3472 Qui
1101 3384 1248 3463 rectius,
1280 3381 1373 3456 Cum
1387 3381 1541 3476 alioqui,
1563 3383 1862 3476 quemadmodum
1877 3383 2220 3475 seminaacplantae
2236 3387 2280 3456 in

240 3507 358 3564 mente
372 3489 552 3572 valebunt,
571 3481 610 3556 hi
625 3510 699 3556 non
715 3509 832 3555 errare
848 3485 959 3576 magis
975 3487 1105 3571 volent,
1122 3511 1228 3581 quam
1281 3485 1440 3574 singulos
1468 3507 1582 3554 annos
1615 3485 1827 3573 degenerare
1855 3485 1988 3569 solent,
2020 3485 2094 3556 fato
2117 3489 2279 3580 quodam

241 3597 334 3666 viam
352 3589 489 3675 doceri,
515 3603 619 3683 atque
635 3587 795 3658 examina
817 3601 852 3657 et
866 3589 951 3658 istos
969 3611 1175 3678 congressus
1191 3601 1230 3682 ut
1282 3587 1403 3658 omnia
1425 3608 1586 3658 successu
1609 3599 1808 3676 temporum
1831 3587 1869 3654 in
1890 3585 1991 3678 peius
2014 3581 2196 3668 trahente,
2224 3587 2279 3660 ita

240 3695 492 3770 saluberrimos
523 3691 650 3760 studiis
681 3705 786 3782 atque
819 3689 1027 3760 utilissimos
1056 3692 1230 3782 magnifa-
1283 3685 1446 3760 homines
1475 3711 1616 3780 quoque
1644 3685 1863 3776 singularum
1895 3701 2049 3758 aetatum
2082 3689 2281 3761 deteriores

241 3801 346 3883 cient,
371 3797 538 3890 quodque
554 3805 723 3884 poterunt
736 3793 780 3860 de
794 3813 858 3860 suo
876 3815 1017 3884 quoque
1032 3795 1075 3860 ad
1094 3817 1134 3862 ea
1150 3805 1229 3862 tan·
1282 3789 1390 3874 nasci,
1415 3813 1456 3858 ac
1470 3811 1641 3878 sempera
1656 3787 1847 3880 superioris
1862 3790 1970 3860 seculi
1985 3789 2128 3879 ingenio
2146 3803 2179 3862 et
2194 3817 2279 3863 mo·

240 3923 347 3998 qnam
364 3900 408 3968 ad
423 3895 568 3990 aliquod
592 3917 759 3984 magnum
780 3893 964 3984 publicum
986 3895 1122 3964 bonum
1144 3917 1230 3964 con·
1282 3891 1382 3962 ribus
1399 3891 1502 3980 louge
1518 3889 1729 3980 degenerare
1743 3891 1938 3963 videamus.
1990 3888 2111 3979 Quare
2124 3906 2165 3964 ut
2181 3895 2281 3984 agri-

241 4007 367 4076 ferent.
1283 3994 1380 4064 colae
1403 4007 1478 4064 arte
1500 4015 1541 4060 ac
1563 3991 1766 4081 diligentia,
1798 3993 1884 4063 dum
1909 3994 2102 4086 quotannis
2122 3997 2282 4068 maxima

345 4100 509 4173 Diximus
522 4101 566 4170 de
586 4098 788 4169 examinum
809 4097 964 4168 utilitate
986 4111 1021 4170 et
1036 4097 1066 4168 si
1080 4121 1119 4168 ea
1132 4111 1229 4168 tanta
1283 4118 1442 4189 quaeque
1457 4117 1566 4164 manu
1581 4093 1714 4183 legunt,
1733 4093 1788 4162 illi
1802 4094 1977 4166 seminum
1994 4097 2184 4168 mutationi
2199 4121 2280 4168 rne-

196 4209 200 4222 '
243 4220 363 4280 ettam
379 4201 565 4294 multiplex
587 4217 654 4286 est,
681 4216 721 4272 ut
743 4225 809 4270 nec
832 4200 871 4268 in
893 4195 958 4270 hac
980 4199 1147 4290 temporis
1166 4223 1231 4268 an·
1283 4198 1361 4267 deri
1374 4197 1532 4280 student,
1558 4195 1606 4265 ita
1619 4195 1714 4264 viros
1729 4189 1896 4266 honestos
1914 4220 2073 4292 quosque
2094 4223 2177 4272 cum
2191 4223 2281 4270 suo-

134 4349 137 4356 ·
242 4307 376 4403 gustia,
402 4327 623 4398 nequeame
646 4297 792 4372 homine
809 4305 852 4372 ad
875 4302 1064 4372 dicendum
1084 4297 1232 4371 minime
1284 4324 1363 4370 rum
1384 4311 1586 4389 temporum
1608 4296 1705 4368 vitiis
1727 4321 1884 4388 pugnare
1902 4312 2059 4392 oportet,
2086 4303 2183 4394 quod
2205 4303 2281 4372 nisi

241 4415 416 4482 instructo
434 4406 517 4476 satis
535 4405 803 4474 commemorari
819 4404 943 4496 possit.
994 4403 1132 4474 Nostris
1147 4428 1231 4474 vero
1282 4403 1364 4486 liat,
1397 4399 1517 4472 omnia
1541 4399 1642 4468 brevi
1667 4397 1706 4468 in
1727 4423 1892 4491 praeceps
1919 4401 2057 4472 ruitura
2080 4403 2280 4478 videamus.

242 4510 463 4603 temporibus
479 4509 644 4578 iuventus
660 4501 716 4574 bis
731 4503 878 4600 τριβαῒς
893 4507 1004 4597 magis
1021 4506 1126 4576 etiam
1143 4529 1232 4598 opus
1283 4499 1520 4574 adeundam
1549 4501 1695 4572 m'odum
1720 4499 1791 4570 nisi
1816 4502 1899 4573 totis
1923 4501 2062 4574 viribus
2090 4505 2280 4576 resistatur

243 4613 367 4698 habet,
392 4611 489 4706 quod
510 4604 596 4678 haec
611 4621 723 4688 aetas,
747 4621 787 4678 ut
807 4608 886 4678 aliis
904 4607 942 4678 in
960 4609 1065 4678 rebus
1080 4632 1098 4676 a
1114 4608 1229 4698 legum
1283 4601 1413 4676 horum
1428 4617 1629 4694 temporum
1643 4602 1878 4693 negligentiae
1893 4617 1999 4697 atque
2014 4605 2177 4692 inertiae,
2197 4611 2280 4677 me-

243 4715 397 4789 viuculis
427 4713 540 4782 libera
565 4711 644 4780 vult
670 4731 763 4794 esse,
795 4723 830 4780 et
856 4709 967 4798 magis
993 4734 1098 4803 quarn
1126 4711 1230 4779 credo
1284 4708 1456 4778 tuendum
1473 4719 1534 4790 est,
1559 4727 1605 4776 ne
1621 4707 1664 4774 ad
1680 4718 1979 4796 posterosmagna
1996 4731 2037 4778 ex
2052 4722 2152 4800 parte
2167 4723 2201 4780 et
2216 4733 2280 4780 re-

243 4813 392 4892 antehac
414 4815 505 4898 ulla,
526 4825 714 4882 contumax
738 4835 777 4880 ac
800 4811 893 4880 freni
920 4811 1107 4903 impatiens
1133 4812 1231 4880 ordi·
1283 4808 1426 4899 ligionis
1451 4807 1632 4887 doctrina,
1663 4820 1697 4876 et
1723 4820 1878 4878 caeterae
1900 4831 2042 4902 quoque
2065 4811 2279 4902 discipliuae

242 4905 368 5016 nisque
393 4930 428 4988 et
450 4914 656 5005 disciplinae
677 4913 911 5005 contemptrix
936 4928 1004 4999 est,
1030 4914 1079 4984 ita
1102 4914 1231 4984 artium
1283 4911 1356 4982 sint
1379 4909 1596 4981 interiturae.
1647 4905 1738 4978 Nam
1761 4903 1936 4994 Ecclesia,
1969 4935 2044 4982 non
2066 4912 2138 4982 iarn
2157 4913 2280 4984 dicam

243 5045 386 5120 quoque
399 5027 581 5112 praecepta
594 5016 728 5107 respuit
741 5030 845 5108 atque
860 5017 1104 5108 adspernatur.
1131 5013 1232 5104 Quo·
1283 5015 1328 5082 de
1351 5011 1505 5084 alumnis
1522 5010 1579 5080 vel
1595 5009 1797 5100 discipulis,
1822 5007 1995 5086 Doctores
2012 5029 2105 5086 certe
2130 5037 2206 5085 non
2224 5029 2280 5087 est

241 5151 322 5196 rum
339 5137 460 5194 utrum
475 5118 661 5188 nocentius
676 5119 740 5201 sit,
762 5113 858 5186 haud
879 5119 982 5188 facile
998 5119 1095 5188 dictu
1115 5117 1232 5201 luerit,
1284 5111 1468 5195 habitura,
1495 5126 1530 5184 et
1543 5113 1803 5202 dispensatores
1817 5114 2066 5208 mysteriorum
2083 5116 2168 5201 Dei,
2193 5141 2279 5188 cum

242 5251 323 5298 euru
337 5227 487 5294 alterurn
501 5217 722 5311 Rerumpub.
732 5221 882 5290 alterum
897 5221 1026 5290 artium
1040 5243 1081 5290 ac
1096 5219 1231 5290 doctri·
1282 5219 1331 5288 ita
1347 5216 1546 5306 negligatur
1563 5213 1664 5282 verbi
1682 5211 1797 5286 divini
1812 5217 1986 5292 tractatio.
2029 5214 2171 5288 Deinde
2187 5241 2281 5311 qua-

240 5351 309 5398 nae
331 5325 472 5394 ruinam
497 5316 626 5396 trahat.
688 5319 789 5410 Quae
812 5322 903 5406 duo,
935 5345 1062 5413 nempe
1083 5321 1176 5410 leges
1199 5333 1233 5390 et
1283 5321 1352 5413 lem
1376 5331 1540 5410 putemus
1560 5315 1725 5385 militiam
1749 5316 1787 5386 iu
1811 5317 2054 5408 superioribus
2076 5320 2281 5412 disciplinis

241 5428 424 5508 doctrina,
445 5437 484 5494 ut
500 5424 641 5494 loedere
658 5425 813 5518 quodam
835 5422 929 5496 inter
944 5445 980 5494 se
1001 5424 1122 5494 iuncta
1139 5435 1234 5507 sunt,
1282 5423 1461 5512 loturam,
1484 5443 1565 5490 curn
1578 5418 1619 5488 in
1634 5413 1690 5488 his
1704 5418 1900 5512 primarum
1914 5420 2045 5494 artium
2061 5423 2281 5496 rudimentis
