4688 5826
53 285 124 366 2⁵7
547 279 721 359 DECL.'
760 275 837 356 DE
867 269 1077 354 PRAEF.
1110 267 1167 352 IN
1200 264 1443 351 osttcta
1468 263 1583 352 illc.
1994 265 2093 356 Μ

52 483 202 555 operam,
216 471 260 534 ut
273 454 481 550 intelligatis
495 457 773 538 meolbcionteo
786 479 862 528 non
875 452 1041 527 defuisse.
1089 453 1203 540 ‘genus
1232 443 1404 546 orationis
1434 445 1531 540 quod
1560 439 1723 518 adhiberi
1751 445 1868 537 possit
1894 445 2089 541 :ugron

53 563 150 639 Scitis
165 561 246 634 Deo
260 575 360 655 grata
375 585 450 632 esse
464 557 550 634 baec
565 561 698 646 officia,
723 583 813 656 quae
831 553 1040 648 inhospites
1093 573 1212 622 caussa
1235 551 1479 642 explicandas,
1504 550 1677 645 quodque,
1685 549 1809 618 lumen
1825 549 1965 622 adferre
1982 552 2089 624 ntes

54 668 293 739 conferuntur.
334 661 425 734 Nam
442 687 525 734 cum
539 665 579 734 in
593 665 732 734 mundo
747 662 912 734 universa
929 657 1041 750 ipsius
1092 651 1252 724 obscuris
1270 653 1396 744 possit,
1422 651 1452 740 tl
1469 653 1613 746 qutssd⁰
1634 646 1797 728 hssmlffll
1812 653 1857 722 de
1877 654 2016 754 mgni·
2029 674 2088 731 2⁸4

53 767 204 840 Ecclesia
244 767 383 848 exalet,
422 765 596 858 postulat,
628 781 675 837 ‘nt
708 785 914 835 communes
943 759 1040 830 exilii
1092 757 1176 839 bns,
1202 767 1242 824 ut
1264 778 1366 845 saepe
1381 754 1528 838 accidit,
1553 755 1706 824 docendi
1723 767 1840 826 erunt.
1890 753 2004 827 Nemo
2020 775 2087 828 an·-

53 893 235 942 aerumnas
256 867 393 940 mutuis
407 867 549 952 officiis,
577 883 700 939 mutua
722 863 969 937 benevolentia
988 863 1040 932 le-
1091 857 1162 928 tem
1180 858 1317 948 ignorat
1333 857 1506 948 optimum
1525 856 1668 926 dicendi
1682 856 1888 944 magistrum
1903 854 2087 930 esseCice-

54 995 167 1042 remus
185 995 226 1041 ac
242 970 452 1060 mitigemus
504 963 629 1058 Oraba
646 971 765 1064 itaque
781 963 974 1046 Christum,
999 975 1039 1034 ut
1092 981 1229 1030 roncm.
1279 957 1413 1028 Verum
1438 953 1496 1028 hic
1518 958 1661 1030 libellus
1684 953 1790 1028 habet
1808 959 2107 1048 singularetdoe.

54 1098 108 1144 ros
121 1097 268 1168 quoque
282 1073 449 1143 defendat
462 1095 502 1142 ac
522 1073 697 1162 gubernet
710 1071 747 1140 in
766 1065 822 1142 his
838 1065 1038 1140 communi·
1092 1075 1161 1146 tes,
1194 1059 1325 1130 multos
1346 1059 1504 1130 continet
1523 1060 1621 1130 locos
1644 1083 1868 1146 communes,
1902 1061 1940 1130 in
1964 1061 2009 1130 iis
2032 1076 2086 1142 est

54 1177 113 1248 bus
127 1175 311 1269 periculis.
362 1173 459 1246 Dixi.
1092 1183 1218 1252 magna
1243 1159 1436 1250 figurarum
1451 1162 1622 1248 varietas,
1646 1162 1685 1232 iu
1709 1162 1753 1232 iis
1769 1175 1888 1234 autem
1908 1164 2086 1236 namus-

1092 1287 1171 1348 nes,
1196 1287 1286 1357 quae
1303 1265 1405 1334 valde
1422 1265 1627 1335 conducunt
1642 1265 1686 1334 ad
1703 1263 1952 1358 eloquentiam.
2004 1261 2087 1336 An-

1092 1367 1211 1437 tonius
1236 1369 1329 1457 apud
1346 1363 1553 1437 Ciceronem
1577 1367 1627 1437 ait
1647 1365 1784 1438 nullam
1810 1379 1946 1458 partem
1965 1367 2009 1439 in
2026 1369 2087 1438 di-

1092 1471 1204 1538 cendo
1226 1467 1406 1539 difficilius
1430 1467 1520 1538 ellici
1542 1493 1647 1562 quam
1670 1469 1890 1560 perspicuam
1907 1469 2089 1550 narratio-2

1092 1595 1184 1644 nem.
1238 1568 1358 1659 Quire
1377 1594 1588 1664 magnopere
1607 1573 1749 1662 prodest
1766 1571 1903 1661 egregia
1924 1572 2089 1662 eaenrpla.

1094 1672 1338 1743 narrationum
1361 1686 1499 1754 tenere,
1525 1697 1615 1767 quae
1633 1673 1739 1744 nobis
1761 1693 2003 1764 proponamus
2023 1675 2087 1744 ln·-

1092 1777 1235 1856 tuenda,
1261 1773 1354 1845 utin
1370 1775 1522 1845 dicendo
1538 1777 1692 1871 aliquam
1712 1775 1985 1847 similitudinem
1996 1777 2082 1847 illo-

1093 1901 1171 1948 rum
1186 1899 1455 1970 consequamur.

1195 1978 1353 2048 Primum
1370 2001 1452 2068 ergo
1466 1978 1505 2049 in
1525 1971 1633 2050 huius
1653 1977 1773 2070 operis
1787 1979 1963 2050 vestibulo
1977 1991 2084 2074 atque

1093 2081 1191 2152 aditu
1215 2079 1383 2170 cogitabit
1413 2081 1557 2152 auditor
1577 2076 1669 2150 hanc
1699 2079 1887 2151 lectionem
1916 2083 2081 2174 profutu-

1092 2205 1167 2254 ram
1187 2205 1260 2252 esse
1278 2183 1321 2250 ad
1339 2183 1502 2255 alendam
1516 2183 1706 2252 verborum
1722 2183 1915 2254 scientiam.
1957 2181 2082 2278 ltaque

63 1539 126 1612 No.
142 1537 207 1612 34.

59 1633 228 1666 W

846 1531 909 1614 (a.
928 1533 1039 1616 1534.)

859 1623 1032 1654 NON

277 1729 441 1850 Praef.
471 1733 523 1818 in
552 1723 711 1849 officia
741 1729 833 1820 Cic.

118 1913 197 1986 Apud
212 1915 286 1970 Crat.
299 1911 370 1984 myt.
387 1909 481 2032 iim
492 1927 569 1978 sqq..
588 1909 617 1962 in
630 1907 783 1963 Declamat.
803 1908 838 1962 Τ.
851 1904 887 1961 11.
904 1923 931 1978 p.
941 1904 998 1961 tst.
1014 1911 1040 1958 et

147 1984 220 2054 apud
241 1979 370 2036 llicbard.
445 1979 480 2034 ll.
498 1995 527 2046 p.
542 1979 602 2034 267.
646 1975 788 2034 Enarrerit
806 1976 968 2031 Melanthea
986 1974 1040 2030 boc

150 2070 225 2106 anno
236 2051 339 2106 librum
353 2047 413 2106 cte.
425 2047 458 2102 de
471 2047 582 2104 olbeiis.

228 2195 434 2296 Praefatio
448 2203 491 2274 tn
508 2195 640 2298 officia
656 2199 856 2272 menone.

54 2339 239 2424 Videntur
255 2345 346 2420 mihi
362 2349 534 2440 singulari
551 2345 700 2417 consilio
713 2343 842 2416 Graeci
859 2345 897 2413 in
913 2343 1041 2414 delini-

56 2457 147 2526 tione
162 2455 248 2526 artis
265 2445 333 2524 hoc
349 2452 519 2544 posuisse,
544 2451 641 2544 quod
657 2449 812 2542 aliquam
829 2448 866 2516 ia
883 2445 953 2516 vita
969 2447 1041 2516 uti-

57 2558 186 2630 litatem
209 2553 338 2628 habere
361 2551 497 2628 debeat.
548 2551 636 2620 Nam
659 2572 782 2638 omnes
801 2563 891 2618 artes
907 2547 1041 2618 instru-

58 2673 170 2730 menta
197 2673 281 2730 sunt
301 2655 358 2726 vel
383 2655 539 2748 privatae
561 2651 654 2724 vitae
679 2651 957 2746 conservandae,
985 2649 1041 2719 vel

58 2761 223 2852 regendae
238 2757 395 2850 Reipub.
445 2753 519 2824 Nec
531 2778 623 2846 opus
638 2768 690 2824 est
706 2749 763 2824 hic
781 2777 945 2824 enarrare
967 2775 1039 2822 sru-

59 2865 168 2953 gulas,
202 2875 238 2934 et
266 2859 452 2934 ostendere
482 2871 628 2950 propter
651 2880 740 2949 quos
766 2878 851 2925 usus
876 2854 1042 2924 inventae

59 2966 136 3048 sint,
155 2978 190 3034 et
205 2989 225 3034 a
241 2961 437 3035 maioribus
449 2963 492 3028 ad
512 2973 669 3050 posteros
688 2981 811 3048 magna
824 2981 908 3028 cura
927 2959 1043 3028 tratis-

61 3067 189 3136 missae.
240 3061 336 3136 lllud
365 3061 475 3152 magis
503 3075 555 3130 est
576 3059 812 3131 necessarium
839 3061 1042 3140 admonere,

61 3183 98 3240 ut
110 3165 148 3238 hi
163 3167 226 3260 qui
241 3161 328 3238 haec
345 3165 462 3236 studia
477 3165 660 3236 literarum
679 3161 945 3252 ingrediuntur,
971 3185 1043 3230 rnr-

63 3269 107 3340 tio
123 3269 365 3354 considerent,
392 3267 472 3362 quis
485 3266 528 3335 sit
545 3260 671 3334 barum
688 3264 818 3334 artium
834 3263 927 3349 linis,
954 3287 1043 3382 quae

1093 2309 1172 2354 eum
1187 2285 1387 2354 universam
1405 2283 1578 2354 orationis
1592 2283 1717 2354 seriem
1733 2307 1773 2353 ac
1788 2281 1946 2378 phrasim
1960 2285 2088 2356 obser-⁸

1094 2387 1208 2466 vabit,
1235 2398 1492 2476 tum·excerpct
1508 2399 1675 2478 tanquam
1690 2386 1797 2460 flores
1813 2387 1968 2477 insignes
1990 2387 2082 2477 ligu-

1094 2511 1149 2556 ras
1171 2511 1211 2556 ac
1235 2488 1407 2556 iucundas
1429 2488 1650 2557 narrationes
1665 2501 1700 2556 et
1719 2490 1911 2586 sententias
1931 2488 2092 2560 maxime

1094 2589 1358 2673 memorabiles,
1391 2613 1473 2658 nam
1498 2589 1646 2661 omnino
1667 2591 1785 2661 danda
1808 2603 1860 2662 est
1884 2615 2011 2682 opere,
2042 2603 2085 2670 ut

986 2753 995 2768 ,
1094 2690 1227 2783 aliquid
1243 2689 1335 2760 'inde
1363 2691 1407 2759 ad
1433 2705 1595 2764 nostrum
1618 2713 1723 2762 usum
1748 2693 2017 2786 transieramus,
2045 2706 2086 2766 ut

1095 2806 1212 2863 nostra
1245 2791 1358 2862 oratio
1384 2791 1596 2882 locupletior
1623 2815 1664 2862 ex
1693 2785 1760 2864 hac
1779 2793 1856 2866 liat:
1890 2794 2086 2867 nonenim

1097 2895 1212 2964 obiter
1231 2892 1453 2983 inspicienda
1476 2908 1559 2966 sunt
1580 2887 1665 2964 haec
1686 2917 1809 2985 opera,
1835 2896 1926 2968 sicut
1947 2895 2094 2969 tabulas1

1097 2995 1275 3088 praeclare
1295 2995 1405 3086 pictas
1429 2998 1521 3066 etad
1544 2997 1771 3086 spectandum
1790 2998 1989 3092 propositas
2004 3011 2096 3072 tem·

1095 3115 1170 3170 tum
1189 3097 1381 3188 voluptatis
1400 3121 1502 3168 causa
1524 3097 1822 3189 contemplamur,
1848 3093 1985 3173 nullam
2001 3100 2094 3170 inde»

1096 3214 1229 3293 partem
1253 3199 1438 3270 nobiscum
1465 3200 1692 3284 auferimus,¹
1707 3201 1767 3272 sed
1791 3202 1839 3272 ita
1869 3203 2095 3294 contemple-

1094 3327 1193 3385 mur,
1218 3315 1259 3374 ut
1280 3301 1546 3374 amoenissimos
1563 3295 1705 3387 hortos,
1731 3302 1915 3398 inquibus
1936 3305 2086 3396 sparsim

63 3371 101 3444 sit
116 3398 155 3442 ex
169 3370 258 3464 ipsis
273 3372 423 3462 petenda
438 3367 592 3452 utilitas,
619 3368 716 3460 quod
734 3366 795 3460 qui
818 3367 903 3436 sciet
920 3380 955 3436 et
970 3389 1041 3434 vrm
1096 3404 1315 3494 decerpimus
1343 3405 1478 3476 fructu,
1499 3417 1561 3474 au,
1584 3403 1691 3474 flore,
1720 3405 1783 3497 qui
1811 3407 1961 3476 maim,
1986 3407 2086 3476 dele.

65 3489 93 3546 et
105 3473 311 3564 dignitatem
329 3472 458 3542 artium
473 3469 603 3540 rectius
625 3483 809 3558 cognoscet
833 3483 867 3538 et
886 3470 1041 3560 pruden.

65 3577 127 3648 tius
150 3577 256 3666 eliget
280 3599 319 3645 ea
346 3597 436 3668 quae
459 3571 611 3642 maxime
632 3571 775 3661 prodest
790 3569 933 3640 discere.
985 3565 1042 3639 Ad

65 3673 141 3750 haec
156 3701 340 3774 nunquam
359 3676 548 3769 perlectam
564 3673 763 3742 doctrinam
780 3685 1044 3767 consequuntur

66 3781 132 3867 isti,
158 3804 312 3876 quorum
335 3778 474 3848 animus
499 3800 572 3846 non
595 3775 765 3868 prospicit
787 3790 919 3848 certum
937 3775 1042 3844 finem

67 3885 277 3968 studiorum,
304 3895 339 3950 et
353 3893 527 3970 vagantur
550 3891 681 3948 temere
702 3902 742 3946 ac
760 3877 835 3946 sine
856 3877 983 3984 ordine
1006 3901 1044 3946 ac

67 3988 194 4056 ratione
209 4008 273 4078 per
288 3983 402 4054 varias
414 3980 620 4072 disciplinas
640 3975 752 4073 τέχνη
774 3978 850 4050 ἔστι
874 3973 1044 4071 σύστημα

1097 3519 1202 3577 etant.
1264 3503 1387 3576 Altera
1417 3508 1462 3574 de
1491 3529 1610 3576 rerum
1639 3505 1840 3594 cognitione
1874 3508 2085 3579 deliberatio

1099 3633 1171 3678 esse
1187 3608 1308 3687 debet,
1337 3631 1488 3700 quarum
1504 3630 1623 3675 rerum
1644 3608 1825 3677 scientiam
1844 3603 1928 3680 hinc
1946 3610 2085 3680 auferre

1099 3733 1291 3802 possumus.
1317 3733 1322 3743 ’
1342 3707 1491 3778 Prodest
1507 3722 1624 3780 autem
1641 3710 1818 3804 quendam
1841 3712 1970 3780 artium
1986 3710 2086 3782 ordi·

1099 3837 1178 3884 nem
1204 3826 1323 3882 tenere
1346 3812 1466 3881 animo
1490 3805 1784 3903 comprehensum
1808 3827 1843 3884 et
1866 3813 1953 3882 lines
1979 3826 2087 3907 atque

1098 3939 1181 3985 usus
1198 3915 1341 3984 illarum
1351 3915 1484 3987 videre.
1509 3914 1612 3984 Aliae
1627 3915 1671 3984 dc
1686 3927 1812 3984 natura
1827 3938 1945 3984 rerum
1962 3915 2086 4007 diepu·
2195 3931 2198 3938 ’

1099 4030 1192 4098 tant,
1224 4017 1313 4086 aliae
1330 4017 1522 4086 'continent
1543 4015 1768 4105 religionem,
1801 4016 1890 4087 aliae
1910 4017 2086 4095 rationem

69 4079 347 4214 ἶζκαταλήψεωῖ
372 4077 735 4212 ξγῖεἵῗμῖασμῇων
763 4075 854 4200 ’11)όέ
871 4107 915 4200 ,τι
945 4086 1046 4202 ‘Q
1099 4119 1268 4208 regendae
1284 4115 1438 4210 Reipub.
1455 4132 1489 4188 et
1508 4117 1690 4186 iudicandi
1707 4117 1863 4188 forenses
1880 4133 2087 4192 controver-

69 4211 263 4308 ‘vllll'lmm‘
276 4213 355 4308 Ψ
371 4213 426 4260 ⁸²¹⁵
440 4183 587 4305 ΨΜ
602 4187 709 4256 finem
726 4207 787 4254 ⁸⁶¹¹
800 4185 987 4254 ⁰¹¹¹¹¹³¹⁸¹⁰
1006 4207 1043 4252 ¹¹¹
1099 4221 1184 4305 sias,
1209 4219 1298 4288 aliae
1322 4221 1505 4290 continent
1529 4221 1770 4311 praeceptade
1793 4221 1951 4292 moribus
1972 4222 2088 4294 civili-

71 4295 226 4414 ⁰ffl¹ff¹bff¹⁸
240 4291 377 4410 ³⁸²¹bP⁸
394 4313 432 4360 ¹¹¹
449 4311 574 4407 P¹‚¹¹,¹¹¹⁸
589 4289 813 4380 ε1)εῑὶἃῐιάὸῐῃ
830 4309 902 4406 θ’δῗ
920 4287 1046 4404 Pfqbaff
1101 4319 1165 4393 bus
1180 4322 1333 4392 inomni
1351 4322 1441 4392 vitae
1459 4345 1586 4412 genere
1599 4323 1805 4396 necessaria.
1856 4321 1947 4396 Cum
1969 4315 2089 4418 itaque

72 4418 104 4464 ex
132 4417 243 4513 ipsius
277 4392 615 4510 artisdebnrtrone,
652 4413 742 4482 quae
769 4403 803 4459 et
829 4387 1045 4478 Qurntrlranr
1100 4425 1248 4516 legimus
1271 4424 1424 4518 aliquid,
1447 4425 1885 4516 expenderedebemusad
1906 4450 2011 4519 quem
2028 4451 2090 4498 ⁰²,-

72 4520 163 4568 ⁶³⁰⁵³
181 4500 270 4581 susse
295 4489 582 4566 ‘wilhemum
602 4491 709 4560 finem
734 4506 804 4562 ¹³¹⁰
820 4514 946 4582 'mgna
963 4514 1045 4561 ⁰⁰¹³
1101 4529 1220 4598 dinem
1235 4526 1363 4596 artium
1378 4525 1565 4617 pertineat:
1582 4523 1711 4598 Utrum
1726 4525 1764 4611 in
1780 4528 2089 4600 administratione

71 4599 152 4671 libro
170 4599 326 4670 secundo
344 4597 455 4690 eapite
470 4595 609 4666 decimo
623 4608 746 4666 octavo
761 4593 985 4687 quaesiverit.
1103 4629 1257 4721 Reipub·
1281 4629 1504 4720 profuturum
1525 4627 1596 4712 δίῃ
1623 4651 1669 4696 ,n
1691 4629 1827 4719 privat,
1850 4629 1922 4700 vig,
1944 4643 1979 4700 οἱ
2001 4625 2088 4705 hm

144 4733 277 4808 Omnis
290 4745 406 4804 autem
423 4731 585 4802 doctrina
600 4743 660 4800 aut
676 4753 793 4800 rerum
810 4729 1047 4821 cognitionem
1102 4732 1310 4802 deliberatio
1325 4753 1399 4799 non
1414 4731 1520 4800 modo
1536 4729 1661 4800 excitat
1677 4731 1796 4800 studia.
1811 4745 1845 4802 et
1859 4732 1954 4806 acuit
1967 4755 2092 4804 curam

73 4841 230 4928 continet,
255 4849 317 4907 aut
332 4837 522 4906 verborum
537 4847 572 4904 et
588 4831 670 4926 quia
689 4856 806 4902 rerum
823 4849 926 4921 potae
943 4833 1048 4904 verba
1103 4834 1281 4918 discendi,
1307 4835 1367 4902 sed
1390 4833 1495 4902 etiam
1519 4834 1563 4902 ad
1588 4831 1680 4924 ipsae
1704 4845 1795 4902 art'es
1810 4834 1939 4906 rectius
1955 4834 2091 4912 intelli-

73 4958 162 5026 sunt,
186 4941 286 5032 prior
301 4952 353 5008 est
368 4939 559 5008 verborum
575 4933 746 5030 cognitio,
773 4935 814 5002 ad
833 4957 938 5028 quam
954 4960 1049 5006 com·
1104 4937 1234 5026 gendes
1251 4959 1290 5004 ac
1312 4937 1555 5027 percipiendas
1577 4935 1769 5024 plurimum
1786 4937 1936 5008 confert.
1987 4935 2092 5006 Faci-

74 5045 255 5132 parandam
279 5041 417 5112 tametsi
440 5037 655 5110 necessariae
677 5051 762 5108 sunt
785 5051 893 5121 artes,
920 5033 1051 5106 Gram·
1104 5040 1173 5108 lius
1194 5038 1289 5106 enirn
1313 5037 1559 5129 percipiuntur
1579 5035 1659 5128 illa,
1686 5061 1838 5132 quorum
1854 5039 1955 5131 quasi
1976 5040 2093 5126 regio·
2180 5071 2185 5089 ·

75 5147 208 5231 metica,
226 5141 441 5227 Dialectica,
465 5136 677 5224 Rhetorica,
703 5152 819 5210 tarnem
843 5139 917 5207 sine
935 5163 1050 5210 exem·
1105 5164 1167 5210 nes
1194 5165 1300 5234 quam
1324 5141 1393 5210 late
1419 5153 1560 5230 pateant
1587 5153 1622 5212 et
1647 5155 1756 5212 metas
1782 5135 2093 5231 deprehendimus.

77 5245 135 5334 plis
148 5262 238 5318 artes
254 5247 350 5339 ipsae
365 5257 448 5315 sunt
463 5242 670 5314 inefficaces.
710 5239 795 5318 ldeo
812 5243 898 5312 boni
912 5255 1051 5314 autores
1104 5243 1265 5316 Pertinet
1286 5255 1405 5313 autem
1426 5237 1485 5312 hic
1506 5241 1649 5312 libellus
1666 5239 1850 5312 Ciceronis
1867 5243 1909 5312 ad
1930 5239 2094 5316 Philoso-

78 5347 203 5440 legendi
219 5363 323 5432 sunt,
349 5372 390 5418 ea
402 5349 532 5442 quibus
548 5345 691 5434 linguae
703 5339 850 5436 phrasin
867 5343 1053 5430 discamus,
1107 5341 1228 5438 phium
1245 5346 1434 5430 moralem,
1459 5344 1618 5416 continet
1631 5343 1725 5414 enim
1740 5344 1966 5428 definitiones
1980 5347 2095 5418 virtu·

80 5471 114 5520 er
124 5475 270 5546 quornm
287 5451 484 5524 imitatione
501 5470 746 5538 comparemus
761 5447 866 5522 nobis
880 5447 1054 5522 eiusmodi
1106 5463 1197 5536 tum,
1216 5461 1249 5520 et
1265 5459 1348 5519 'sunt
1366 5448 1485 5520 addita
1500 5445 1771 5518 delinitionibus
1785 5448 1897 5526 nmlta
1912 5462 2095 5542 praecepta
2125 5497 2128 5515 .

125 5553 306 5624 Mecarrn.
334 5557 439 5624 Oeen.
464 5555 549 5622 Vou.
576 5552 637 5618 XL
1343 5627 1346 5633 ¹
1460 5645 1465 5651 Ι
1513 5547 1560 5620 17
2131 5557 2138 5564 '
