4688 5826
240 215 315 338 aas
731 251 894 332 unca
925 253 987 332 ra
1017 253 1268 334 cannara
1298 255 1481 334 aarrs
1506 255 1794 340 mantuan
2209 267 2284 350 asa

141 441 145 450 '
240 429 351 522 signis
372 429 516 504 utilitas.
575 427 635 520 Sic
665 429 770 500 etiam
791 427 994 500 Medicinae
1014 453 1088 500 non
1111 429 1230 502 minus
1282 429 1397 502 millia
1431 453 1578 502 aureum
1611 445 1646 506 et
1678 429 1830 524 arn'plius
1851 438 2023 509 ‘trecentis
2047 439 2087 510 in
2120 441 2282 534 singulos

241 533 433 624 voluptatis
453 545 487 603 et
507 533 622 603 bonae
637 531 768 622 leugis,
794 555 900 624 quam
922 532 1104 623 diguitatis
1127 531 1232 617 inest,
1284 555 1399 602 annos
1417 532 1635 624 stipendium
1657 535 1783 605 fuisse:
1810 561 1876 607 nae
1900 539 1957 608 illi
1980 543 2092 634 probe
2115 547 2282 617 maiesta-

242 635 315 706 nisi
340 633 419 728 quis
445 646 544 726 putat
565 633 702 726 aliquid
729 634 856 704 melius
882 647 916 706 et
944 634 1136 726 optabilius
1159 657 1232 704 esse
1284 645 1356 704 tem
1377 646 1413 704 et
1434 657 1578 725 operam
1595 633 1800 708 Medicinae
1819 655 2038 732 perspectam
2062 639 2283 736 babuerunt,

243 739 339 808 bona
354 735 568 822 valetudine,
589 759 678 828 quae
691 733 893 806 Medicinae
905 736 1077 807 beneficio
1090 759 1233 807 conser-
1285 749 1321 806 et
1343 736 1470 806 melius
1491 751 1525 808 et
1548 737 1736 808 candidius
1759 740 1804 809 de
1826 737 1985 814 honestis
2010 747 2117 837 rebus
2141 749 2284 822 iudica·

244 853 368 917 vatur‚
393 850 427 906 et
442 835 599 906 eiusdem
614 860 719 928 opera
734 837 940 908 labefactata
954 843 1116 924 curatur,
1142 861 1232 932 quae
1283 851 1381 909 runt.
1434 835 1590 926 Quidam
1610 839 1821 912 liberalibus
1841 847 2005 934 praemiis
2027 848 2282 944 bonos-Medi-

245 963 288 1010 ex
312 937 419 1008 variis
443 933 562 1008 herbis
581 961 704 1027 succos
724 939 903 1032 quantivis
923 936 1032 1032 precii
1059 941 1176 1030 erugit
1194 941 1233 1008 iu
1285 962 1344 1009 cos
1373 934 1609 1012 honestarunt
1637 955 1809 1036 tantoque
1831 945 1934 1016 illurn
1956 949 2119 1019 ordinem
2141 948 2281 1026 honore

245 1039 458 1110 valetudinis
481 1038 698 1125 subsidium,
722 1041 814 1128 sicut
835 1065 918 1134 apes
942 1067 983 1112 ex
1003 1041 1111 1112 variis
1133 1041 1234 1110 llori-
1285 1041 1491 1114 affecerunt.
1542 1039 1592 1114 At
1605 1065 1702 1114 nunc
1717 1069 1758 1114 eo
1776 1047 1966 1119 deventum
1981 1064 2051 1136 est,
2080 1067 2120 1124 ut
2135 1072 2177 1124 ex
2193 1057 2282 1126 libi·
2339 1049 2340 1056 '

245 1144 313 1212 bus
329 1141 512 1210 materiam
529 1140 719 1230 colligunt,
742 1145 839 1212 unde
859 1145 931 1214 mel
951 1143 1128 1227 conflent,
1153 1143 1235 1236 qui-
1286 1143 1389 1226 dine,
1411 1165 1486 1212 non
1504 1167 1545 1212 ex
1566 1167 1651 1215 vero
1678 1145 1892 1219 iudicemus:
1920 1173 1960 1220 ex
1979 1153 2110 1242 gratia,
2138 1179 2213 1226 non
2239 1181 2282 1228 ex

246 1245 314 1314 bus
328 1243 464 1312 nohisa
479 1243 614 1314 morbis
629 1243 878 1316 circumventis
894 1259 928 1316 ct
939 1245 1114 1338 oppressis
1130 1269 1234 1336 opem
1286 1243 1413 1314 merito
1441 1244 1657 1332 tribuamus;
1704 1247 1865 1342 fiuntque
1896 1254 2068 1344 paulatim
2102 1259 2282 1331 deteriora
2339 1299 2340 1304 ι

246 1347 355 1429 serat,
380 1344 442 1437 qni
464 1345 569 1414 nohis
591 1369 610 1414 a
631 1345 768 1431 fronte,
792 1359 910 1437 tergo,
934 1347 1122 1432 lateribus,
1147 1345 1234 1416 insi-
1286 1345 1427 1430 omnia,
1460 1360 1496 1416 et
1519 1347 1557 1414 in
1583 1348 1684 1438 peius
1706 1350 1933 1432 delabuntur.
1992 1353 2115 1450 Neque
2137 1361 2281 1443 desunt,
2339 1369 2340 1376 ’

248 1447 324 1518 dias
336 1447 499 1530 tendunt,
520 1461 559 1518 ut
577 1469 622 1517 ne
642 1443 748 1518 lanus
761 1449 905 1541 quidem
920 1450 965 1520 ah
981 1445 1035 1519 his
1049 1462 1146 1520 tutus
1161 1470 1234 1518 esse
1286 1447 1417 1540 quibus
1442 1471 1538 1518 nunc
1554 1447 1735 1520 Medicina
1753 1455 1889 1536 sordet,
1914 1479 2005 1549 quae
2027 1459 2114 1528 olim
2139 1463 2281 1553 magnis

249 1559 370 1642 queat,
395 1547 425 1616 si
439 1571 513 1616 non
529 1547 709 1618 Medicina
726 1549 833 1634 adsit,
859 1574 949 1644 quae
965 1552 1010 1620 ab
1023 1551 1122 1620 omni
1137 1562 1236 1642 parte
1285 1563 1321 1618 ct
1336 1549 1553 1640 sapientibus
1567 1550 1653 1620 viris
1669 1553 1759 1624 tanti
1775 1555 1889 1628 fiebat.
1928 1557 1999 1628 Sed
2016 1561 2102 1654 quid
2120 1563 2282 1634 mirum?
2339 1637 2340 1642 ,

248 1651 572 1742 morbostanquam
587 1674 606 1718 e
619 1651 758 1741 specula
774 1653 947 1737 observet,
971 1665 1006 1724 et
1020 1653 1161 1746 nosqui
1175 1673 1234 1720 eos
1285 1647 1337 1721 Ut
1358 1651 1454 1720 euim
1476 1653 1633 1722 scarabei
1658 1653 1804 1745 preciosi
1827 1660 2003 1748 unguenti
2022 1664 2133 1732 odore
2163 1666 2282 1734 olien-
2339 1657 2340 1686 ³

202 1829 204 1836 ,
250 1751 476 1840 effugiamus,
512 1765 670 1836 moneat,
703 1753 760 1822 vel
783 1755 828 1823 ab
857 1749 912 1824 his
935 1775 1138 1845 oppressos,
1170 1775 1234 1824 ceu
1287 1753 1440 1836 duntur,
1467 1765 1594 1824 etsues
1608 1756 1800 1825 amaracini
1814 1758 2017 1849 fragrantia,
2043 1763 2093 1834 sic
2109 1760 2147 1835 hi
2163 1767 2281 1836 nostri

250 1853 408 1922 emortis
422 1853 585 1924 lancibus
599 1852 735 1944 eripiat.
787 1853 897 1926 Graius
911 1855 962 1926 rei
979 1855 1075 1926 testis
1089 1869 1140 1924 est
1155 1877 1235 1944 gra·
1287 1853 1441 1922 scarabei
1467 1867 1501 1923 et
1528 1877 1624 1940 sues,
1657 1859 1854 1948 praeclaras
1877 1875 1912 1932 et
1935 1858 2101 1935 honestas
2126 1889 2283 1940 resnou
2339 1887 2340 1954 ξ

248 1953 413 2024 vissimus
426 1955 506 2038 ille,
533 1978 606 2024 non
625 1955 768 2026 dicendi
784 1957 911 2041 modo,
934 1959 993 2026 sed
1011 1957 1115 2026 etiarn
1130 1957 1236 2026 intel·
1286 1955 1416 2026 ferunt.
1468 1953 1539 2026 sed
1562 1957 1642 2048 quis
1664 1958 1751 2028 istos
1773 1983 1848 2030 non
1864 1966 2091 2036 contemnat?
2114 1969 2183 2038 nisi
2199 1972 2283 2063 quis
2339 1983 2340 2022 ι

248 2055 383 2146 ligendi
411 2071 616 2148 praeceptor
636 2070 671 2128 et
693 2058 858 2148 magister
879 2056 1022 2144 Cicero,
1052 2059 1235 2152 inquiens:
1287 2057 1401 2134 levem
1416 2070 1451 2127 et
1464 2057 1644 2148 impurum
1659 2081 1800 2131 servum
1814 2059 2011 2160 &monem
2026 2071 2122 2160 apud
2138 2071 2283 2143 Aristu-
2339 2067 2340 2072 ¹

250 2155 427 2228 Valetudu
449 2171 665 2229 sustentatur
685 2161 817 2230 noticia
837 2159 893 2230 sui
916 2160 1092 2252 corporis,
1119 2173 1151 2230 et
1171 2161 1236 2229 oh-
1287 2152 1441 2250 phanem
1473 2159 1693 2231 audiendum
1719 2177 1836 2254 putat,
1867 2165 1931 2258 qui
1953 2168 2070 2239 virum
2095 2167 2283 2244 Medicum

249 2259 447 2332 servatione
478 2273 598 2330 earur'n
622 2285 760 2346 rernm,
794 2285 884 2355 quac
908 2285 963 2331 res
986 2276 1048 2333 aut
1071 2263 1237 2353 prodesse
1288 2254 1545 2350 scatophagon‚
1578 2261 1626 2330 id'
1645 2277 1713 2348 est,
1746 2268 1912 2337 stercoris
1939 2286 2140 2343 voratorem
2167 2291 2283 2356 vocat,

249 2363 402 2446 soleant,
426 2374 487 2430 aut
509 2363 642 2432 obesse.
692 2358 741 2434 Αι
763 2364 837 2434 sola
862 2361 1041 2434 Medicina
1066 2365 1237 2446 observat,
1288 2385 1368 2431 cum
1386 2361 1524 2430 nemini
1538 2356 1725 2433 hominum
1739 2366 1930 2439 obscurum
1947 2371 2010 2458 sit,
2036 2375 2131 2468 quod
2157 2375 2282 2466 lingua

250 2463 379 2556 quibus
408 2477 528 2533 nostra
559 2479 686 2536 natura
717 2459 941 2534 vehementer
978 2465 1174 2536 oblectetur
1202 2477 1238 2534 et
1289 2477 1351 2546 est,
1377 2477 1417 2534 ut
1430 2462 1492 2532 ille
1508 2463 1636 2556 inquit,
1661 2489 1742 2557 pars
1755 2469 1907 2557 pessima
1922 2473 2030 2546 servi.
2081 2473 2205 2570 Neque
2223 2479 2285 2548 isti

249 2564 443 2649 reficiatur,
470 2565 643 2658 quibusve
658 2565 812 2654 graviter
824 2565 995 2651 laedatur,
1019 2589 1128 2660 quare
1142 2567 1236 2636 idem
1289 2577 1519 2650 veteratum,
1543 2566 1673 2658 quibus
1689 2569 1782 2638 mala
1799 2593 1910 2657 mens,
1934 2575 2047 2646 malus
2063 2574 2205 2648 animus
2219 2595 2286 2666 est,

251 2679 354 2736 autor
377 2667 497 2751 addit,
523 2666 761 2738 valetudinem
786 2669 972 2738 sustentari
1001 2681 1077 2738 arte
1100 2691 1237 2750 eorum,
1289 2666 1393 2736 aliter
1409 2666 1563 2751 laciarnt,
1586 2669 1755 2761 aquibus
1769 2671 1979 2764 vituperari,
2005 2675 2104 2748 laudi
2119 2679 2283 2752 ducitur:
2339 2709 2340 2712 ¹

251 2792 404 2861 quorum
430 2769 473 2836 ad
502 2767 684 2838 scientiam
709 2763 796 2840 haec
821 2769 1017 2861 pertinent;
1059 2783 1092 2839 et
1118 2784 1236 2841 tamen
1290 2769 1481 2860 prudentes
1503 2767 1572 2836 viri
1605 2784 1696 2840 recte
1720 2771 1890 2848 iudicant.
1948 2775 2040 2848 lstos
2066 2781 2169 2850 etiam
2194 2799 2284 2851 con·
2339 2791 2340 2800 ’

251 2882 349 2954 sunt,
376 2870 438 2963 qui
462 2865 773 2941 haec‘nronentem
796 2873 1055 2955 nonaudiunt,
1080 2871 1235 2964 quitum
1288 2870 1497 2940 temnendos
1521 2870 1630 2954 duco,
1663 2873 1724 2964 qui
1746 2874 1836 2946 ebrii
1859 2875 1953 2948 inter
1973 2881 2099 2971 pocula
2118 2896 2282 2956 eructant

250 2973 394 3040 demum
410 2993 472 3040 sua
485 2971 643 3070 consilia,
665 2970 737 3042 imo
750 2976 980 3044 temeritatem
994 2985 1238 3056 contemnunt,
1290 2984 1325 3041 et
1347 2984 1507 3062 crepant:
1549 2968 1623 3060 Qui
1655 2975 1791 3044 medice
1818 2977 1925 3064 vivit,
1960 2981 2156 3054 miserrime
2180 2986 2283 3071 vivit,

251 3097 331 3142 eum
353 3073 424 3142 iarn
440 3087 503 3144 aut
520 3073 610 3142 febri
630 3074 902 3160 concutiuntur,
928 3087 990 3145 aut
1005 3075 1132 3144 morbo
1151 3095 1236 3145 con·
1290 3072 1451 3141 videntes
1468 3071 1623 3166 aliquem
1633 3075 1873 3148 continentiae
1889 3093 1923 3150 et
1935 3081 2156 3172 frugalitatis,
2171 3111 2282 3179 quarn
2339 3111 2340 3118 ¹

251 3175 445 3248 tabescunt.
496 3173 618 3244 Veluti
631 3169 887 3261 Athenienses,
913 3175 977 3268 qui
991 3177 1036 3244 de
1057 3199 1142 3268 pace
1163 3199 1238 3244 non
1289 3173 1452 3266 crapulae
1469 3174 1715 3252 amantiorem.
1757 3175 1827 3250 Sed
1845 3205 1952 3273 quam
1969 3183 2095 3255 misere
2111 3187 2198 3257 istae
2212 3185 2284 3258 ho-

168 3274 174 3292 '
251 3275 323 3344 nisi
347 3274 473 3366 pullati
495 3277 763 3358 consultabant,
794 3277 885 3348 sicut
905 3273 1079 3347 Demades
1108 3277 1236 3372 inquit.
1288 3275 1427 3345 minum
1450 3275 1572 3345 larvae
1583 3276 1757 3360 delirant,
1783 3281 1845 3374 qui
1861 3283 2063 3357 existimant
2079 3285 2186 3359 istum
2210 3290 2283 3361 rni-

157 3401 162 3406 ’
251 3373 299 3450 Ει
316 3378 457 3446 discunt
472 3376 530 3448 isti
551 3377 618 3446 lari
640 3401 767 3469 magno
781 3403 844 3449 suu
863 3379 975 3459 malo,
1002 3390 1092 3448 recte
1106 3399 1238 3470 sapere,
1290 3399 1365 3446 sere
1387 3376 1524 3464 vivere,
1554 3378 1616 3472 qui
1639 3381 1774 3450 medice
1800 3383 1901 3456 vivit:
1934 3409 2002 3457 nac
2017 3389 2075 3460 isti
2100 3389 2281 3481 ignorant,

252 3493 296 3566 et
320 3501 376 3548 res
403 3502 484 3548 vere
510 3481 614 3551 utiles
639 3504 715 3550 non
740 3493 870 3551 temere
902 3481 1129 3572 negligendas
1155 3502 1237 3552 esse.
1290 3479 1377 3573 quid
1393 3479 1547 3564 mederi,
1570 3493 1635 3552 aut
1647 3479 1848 3571 Medicina,
1874 3501 1936 3560 aut
1950 3487 2113 3570 Medicus
2128 3492 2190 3564 ait:
2216 3493 2282 3586 qui

252 3579 433 3651 Medicina
457 3599 560 3667 vero,
586 3581 614 3652 si
637 3553 787 3652 ulla'res
806 3582 895 3667 alia,
921 3585 1024 3652 nohis
1046 3582 1085 3651 in
1112 3581 1238 3674 primis
1290 3579 1321 3652 si
1342 3580 1582 3671 intelligerent
1602 3584 1728 3668 verba,
1760 3583 1910 3657 iuvandi
1934 3603 1968 3660 et
1986 3591 2183 3663 auxiliandi
2204 3596 2279 3665 vim

252 3683 444 3770 necessaria
462 3697 524 3764 est,
547 3684 646 3753 cuius
661 3709 768 3775 opera
783 3684 979 3754 incolumes
994 3701 1027 3756 et
1044 3685 1131 3753 salvi
1148 3683 1238 3751 vivi·
1290 3677 1439 3766 habere,
1465 3697 1559 3754 certe
1575 3683 1679 3756 aliter
1700 3685 1912 3762 iudicarent.
1963 3689 2035 3764 Sed
2049 3695 2136 3787 quid
2161 3719 2283 3767 mora·

251 3807 341 3854 mus.
399 3783 500 3869 Sole,
525 3785 625 3874 igne,
655 3809 746 3878 aqua
774 3800 809 3856 et
838 3809 917 3854 aare
947 3787 1099 3878 denique
1135 3785 1238 3855 citius
1291 3777 1474 3869 morbos,
1498 3783 1627 3876 quibus
1649 3809 1753 3858 nemo
1775 3811 1882 3860 sanus
1901 3797 2189 3885 respondendum
2214 3821 2281 3890 pu-

252 3885 467 3972 carebimus,
493 3911 597 3980 quam
613 3884 807 3960 Medicina.
857 3885 948 3956 Nam
965 3899 1115 3977 praestat
1130 3886 1238 3954 senicl
1290 3898 1360 3969 tat,
1385 3887 1446 3954 sed
1463 3879 1683 3958 helleborum
1704 3889 1976 3980 porrigendum,
2002 3909 2042 3968 ut
2058 3913 2207 3988 purgata
2223 3923 2282 3970 ca.

119 4019 120 4024 ¹
251 3985 343 4056 mori
367 4001 401 4058 et
426 3988 562 4077 magnis
583 3988 735 4059 miseriis
753 3987 918 4078 delungi,
944 4011 1050 4082 quarn
1068 3988 1107 4056 in
1122 3986 1238 4076 longis
1291 3988 1415 4068 cebro,
1454 3987 1620 4058 desinant
1652 3989 1830 4061 delirare?
1894 3992 2019 4090 Neque
2053 3997 2281 4072 Medicorum

252 4089 404 4174 morbis,
429 4091 559 4182 quibus
573 4089 720 4160 liberari
735 4113 904 4185 nequeas,
927 4089 1094 4160 miserum
1111 4090 1239 4159 ducere
1290 4087 1411 4192 ordini
1435 4089 1552 4158 lraudi
1575 4112 1648 4160 esse
1674 4091 1778 4163 debet
1800 4097 2031 4196 quorundam
2047 4101 2227 4173 temeritas
2247 4117 2282 4176 et

253 4189 432 4280 spiritum,
458 4212 561 4288 arque
575 4193 773 4262 inloelicem
790 4193 909 4289 vivere
922 4192 1047 4275 vitam,
1074 4191 1239 4284 aquibus
1290 4190 1447 4276 inscitia,
1472 4190 1536 4284 qui
1549 4191 1625 4262 eius
1639 4192 1725 4262 artis
1742 4194 1847 4266 titulo
1862 4219 1900 4267 se
1917 4201 2160 4288 venditantes,
2184 4205 2282 4275 mul·

254 4294 359 4362 multi
382 4293 432 4362 sle
455 4309 684 4384 premuntur,
710 4321 730 4364 a
749 4293 951 4364 Medicinae
975 4292 1107 4362 auxilio
1130 4293 1238 4362 ‹lesti-
1290 4294 1337 4364 tis
1348 4294 1468 4363 fucum
1482 4292 1636 4374 iaciunt,
1662 4295 1793 4387 quihus
1809 4297 1839 4367 si
1855 4298 1935 4394 quis
1956 4302 2098 4374 titulum
2115 4301 2282 4377 detraha-

127 4390 131 4398 “
252 4394 336 4479 tuti,
359 4408 397 4464 ut
419 4395 628 4465 albimanus
647 4397 785 4466 adferre
804 4419 878 4464 non
894 4395 1069 4466 dubitent.
1118 4391 1238 4482 Quare
1290 4408 1363 4475 ret,
1390 4393 1484 4464 idern
1499 4415 1584 4464 sane
1599 4394 1649 4465 eis
1664 4397 1856 4480 accideret,
1881 4405 1978 4496 quod
1993 4401 2156 4477 Cumano
2171 4407 2281 4495 leoni,

251 4491 408 4566 Romani
423 4493 587 4568 Caesares
598 4497 712 4586 videri
726 4509 874 4590 possunt
888 4496 1113 4576 intellexisse,
1131 4519 1238 4589 quam
1290 4497 1352 4590 qui
1369 4495 1461 4587 pelle
1475 4497 1642 4582 nudatus
1666 4498 1918 4576 asinus'liebat.
1957 4504 2063 4576 Tales
2078 4516 2152 4577 uon
2169 4511 2282 4600 magis

252 4597 421 4674 salutares
456 4613 490 4668 et
520 4599 708 4686 necessarii
739 4613 853 4669 essent
885 4599 971 4668 boni
998 4597 1131 4667 Medici
1164 4595 1237 4669 lte-
1290 4597 1492 4668 Medicinae
1525 4599 1665 4668 officere
1693 4602 1842 4688 dehent,
1889 4629 1997 4698 quarn
2028 4602 2282 4682 honestissimo

227 4721 230 4726 ·
252 4699 403 4790 buspub.
424 4700 564 4793 qui'eis
593 4701 631 4770 in
654 4701 813 4791 singulos
841 4723 953 4770 annos
982 4699 1237 4791 amplissimum
1290 4695 1555 4788 Theologorum
1570 4699 1703 4783 ordini,
1721 4704 1930 4776 triobolares
1944 4707 2004 4779 isti
2019 4705 2283 4802 Theologastri,

251 4802 468 4893 stipendium
485 4787 685 4874 ducenta'et
700 4803 955 4897 quinquaginta
970 4801 1127 4872 sestertia
1150 4823 1237 4890 peu-
1290 4802 1372 4894 qui,
1407 4825 1470 4870 ceu
1494 4799 1811 4898 foedaeHarpyae‚
1843 4822 1878 4878 et
1899 4831 2014 4896 sacra,
2037 4824 2073 4882 et
2098 4815 2281 4885 sanctissi-

252 4904 402 4994 debant,
428 4903 517 4977 sicut
533 4901 670 4975 Plinius
691 4919 794 4975 autor
818 4919 889 4988 est,
916 4929 997 4974 cum
1018 4917 1135 4973 tamen
1153 4903 1237 4972 reli-
1290 4928 1387 4972 mum
1396 4897 1605 4992 Theologici
1621 4906 1780 4975 nominis
1791 4908 1952 4979 ordinem
1969 4912 2159 4986 deloedant
2170 4929 2282 5012 atque

252 5029 402 5096 quarum
427 5006 695 5096 disciplinarum
714 5005 979 5098 ⁴professoribus
1004 5017 1149 5075 centena
1182 5027 1236 5073 se·
1289 5019 1534 5097 conspurcant.
1577 5004 1626 5078 Ut
1640 5008 1735 5076 enim
1750 5009 1846 5078 inter
1860 5007 2116 5102 pulcherrimas
2131 5033 2280 5107 segetes,

250 5107 369 5175 stertis
385 5111 492 5178 modo
506 5107 693 5178 in‘annum
711 5108 944 5179 numerarint.
997 5105 1108 5178 Cuius
1128 5129 1236 5197 pecu·
1288 5107 1447 5179 triticum
1471 5122 1506 5178 et
1525 5107 1720 5197 siliginem,
1745 5111 1878 5182 zizania
1900 5128 1934 5185 et
1957 5116 2083 5187 lolium
2108 5117 2179 5189 sihi
2203 5143 2281 5192 esse

250 5208 330 5276 niae
349 5209 379 5275 si
402 5211 574 5282 rationem
593 5231 690 5280 more
704 5222 827 5281 nostro
846 5208 1011 5293 iniveris,
1042 5207 1235 5300 comperies
1287 5209 1416 5280 volunt
1435 5210 1573 5290 locum,
1605 5208 1654 5280 ita
1677 5225 1710 5282 et
1733 5211 1864 5301 perditi
1883 5216 2032 5311 quidam
2055 5213 2219 5291 homines
2235 5223 2279 5294 in

249 5303 655 5384 Rhetortauseatouis
676 5314 743 5385 tria
757 5313 870 5382 millia
887 5334 1034 5382 aureum
1050 5324 1234 5382 ettrecen-
1286 5305 1471 5380 honoratia
1496 5311 1658 5382 virorum
1683 5314 1873 5386 ordinibus
1895 5339 2041 5414 quoquo
2063 5323 2172 5393 modo
2203 5347 2282 5396 esse

249 5422 305 5480 tos
320 5410 462 5500 triginta
478 5427 630 5506 quatuor
643 5425 866 5500 numeratos,
889 5411 1041 5484 Medicis
1053 5435 1139 5482 vero
1153 5425 1232 5484 octo
1285 5413 1430 5500 volunt,
1455 5411 1518 5508 qui
1534 5411 1635 5505 digni
1649 5430 1750 5498 sunt,
1775 5429 1816 5489 ut
1833 5416 1873 5487 in
1889 5443 2014 5493 corvos
2030 5424 2279 5515 deportentur,
