4614 5820
209 243 285 320 sse
754 231 941 309 ‘nucu
972 229 1066 310 ue
1104 229 1202 308 unt
1244 227 1668 314 nvvocamonn
1906 282 1911 290 .
2148 239 2228 316 sat

211 409 343 486 Errant
365 409 460 479 enim
483 405 636 498 primum
657 406 702 472 de
722 405 869 474 essentia
892 403 982 487 Dei,
1009 419 1127 498 postea
1152 405 1197 474 de
1246 401 1345 474 cidiis
1368 402 1407 472 iu
1433 405 1573 475 coelum
1602 405 1813 496 suspiciant,
1841 419 1876 477 et
1896 407 1941 478 ab
1966 407 2087 502 aliqua
2113 423 2228 480 mente

213 515 405 584 voluntate.
434 501 911 602 DteuimapudEuripidem
927 507 1070 591 dicitur,
1091 502 1194 576 Olu·
1247 517 1385 574 aeterua
1407 527 1510 595 opem
1534 505 1737 596 implorent.
1792 504 1884 594 Quis
1908 507 1946 577 in
1975 508 2139 600 periculis
2158 533 2228 578 non

214 615 325 706 piter,
350 611 423 679 sive
450 603 518 677 boc
542 606 697 689 coelum,
722 607 795 674 sive
816 607 913 676 aliud
938 608 1123 700 quiddam:
1149 607 1197 676 ita
1247 603 1411 674 invocati
1463 603 1556 692 Quis
1578 606 1717 694 ignorat
1740 605 1983 677 invocationes
2001 621 2074 678 tam
2094 609 2230 679 crebras

216 715 380 803 ignorant
396 729 518 778 omnes
539 707 667 796 impiae
690 720 827 795 gentes,
850 731 1009 798 quaeres
1030 709 1075 777 sit
1088 705 1198 790 Deus,
1247 705 1286 772 in
1312 703 1504 794 poematis?
1554 703 1645 793 Quis
1665 729 1739 776 raon
1760 706 1845 796 legit
1869 701 2020 801 hymnos
2033 705 2184 778 Homeri
2199 722 2231 778 ct

217 811 339 884 ludaei
362 825 396 881 et
416 803 686 878 Mahometistae
706 805 933 877 audacissime
955 821 1082 897 negant
1103 803 1199 876 hunc
1247 799 1465 876 Callimachi.
1516 803 1577 876 Sic
1599 807 1761 876 omniurn
1780 821 1916 877 mentes
1936 809 1978 900 'iu
2002 803 2068 877 bac
2084 807 2232 897 caligine

218 937 291 982 esse
306 933 385 979 vere
401 907 516 978 Deum
532 905 749 974 conditorem
764 907 853 976 coeli
866 918 901 975 et
916 920 1047 993 terrae,
1073 907 1135 1000 qui
1148 919 1199 976 est
1247 927 1363 974 secum
1388 905 1581 996 disputant.
1632 903 1703 978 sed
1733 928 1799 976 nos
1830 907 1869 976 in
1889 903 2047 977 Ecclesia
2072 909 2234 992 sciamus,

217 1013 321 1082 Pater
334 1009 479 1080 Domini
502 1007 615 1076 nostri
631 1005 707 1074 lesu
727 998 860 1075 Christi
879 1007 1033 1076 cmcifari
1054 1031 1118 1098 pro
1134 1029 1199 1075 uo-
1248 1017 1288 1074 ut
1309 1005 1518 1095 paedagogi,
1542 1018 1584 1076 ut
1599 1019 1726 1076 matres
1744 1009 1947 1098 praestentur
1961 1009 2069 1081 verba
2091 1031 2235 1100 precum

217 1113 321 1182 biset
338 1107 542 1179 resuscitati.
579 1105 714 1192 Negant
728 1106 839 1174 lilium
851 1101 917 1174 Dei
935 1103 1059 1180 εἰκόνα
1076 1102 1200 1178 ἀΐδιον
1249 1104 1461 1174 balbutienti
1483 1099 1599 1176 adbuc
1622 1107 1810 1176 infantiaet
1837 1107 1886 1178 ita
1908 1107 2023 1178 Deum
2046 1109 2236 1178 nobisim-

218 1207 344 1284 ἀϊδίου
366 1203 504 1301 πατρὸς
526 1227 597 1274 esse
613 1203 740 1275 Deum.
790 1203 946 1277 Rabiose
964 1208 1069 1278 ctiam
1090 1207 1200 1275 male-
1250 1227 1369 1274 mensa
1397 1206 1555 1276 bonitate
1577 1225 1650 1276 sese
1672 1221 1707 1278 et
1730 1207 1946 1278 voluntatem
1978 1231 2077 1278 suam
2104 1210 2236 1298 patefe-

218 1315 341 1382 dicunt
357 1305 507 1400 spiritui
521 1311 650 1374 sancto.
1250 1305 1354 1388 cisse,
1379 1319 1413 1374 et
1427 1306 1637 1394 significasse
1653 1309 1832 1398 quomodo
1848 1307 2005 1378 invocari
2029 1321 2066 1378 et
2087 1307 2160 1376 coli
2178 1331 2236 1374 ve·

320 1409 459 1480 Deinde
481 1407 636 1496 gentium
657 1405 793 1474 furores
810 1405 986 1476 manifesti
1010 1417 1115 1491 sunt,
1139 1405 1202 1499 qni
1250 1405 1306 1476 tir.
1355 1400 1405 1474 Et
1433 1400 1526 1475 hauc
1551 1406 1758 1496 sapientiam
1784 1407 1822 1476 iu
1853 1421 1926 1477 tota
1951 1403 2142 1478 bominum
2168 1407 2237 1477 vita

217 1513 395 1580 linxerunt
411 1509 561 1578 subinde
581 1529 673 1574 uova
694 1506 860 1590 numina,
885 1530 949 1574 nec
965 1501 1202 1598 Philosopho·
1251 1505 1472 1596 praecipuam
1490 1519 1525 1576 et
1546 1507 1696 1576 maxime
1711 1511 1943 1596 appetendam
1968 1519 2003 1576 et
2021 1529 2237 1594 coguoscen-

218 1635 299 1682 rum
324 1609 468 1680 audacia
492 1605 611 1674 minor
634 1605 722 1686 fuit,
756 1630 861 1697 quam
894 1603 1102 1696 Gigantum.
1156 1603 1200 1676 Ut
1251 1607 1332 1673 dam
1349 1629 1432 1677 esse.
1468 1605 1551 1674 ldeo
1567 1605 1603 1674 in
1618 1601 1787 1678 Zacharia
1803 1609 1891 1678 dicit
1903 1608 2013 1678 Deus:
2038 1603 2236 1677 Effundam

219 1712 313 1781 euim
332 1707 370 1778 hi
385 1710 552 1778 dicuntur
568 1717 705 1774 montes
720 1706 931 1790 cumulasse,
954 1720 995 1776 ut
1009 1707 1048 1775 in
1065 1707 1201 1774 coelum
1251 1728 1357 1796 super
1371 1707 1516 1774 domum
1531 1703 1646 1776 David
1663 1705 1836 1796 Spiritum
1852 1709 1983 1796 gratiae
1998 1719 2032 1776 et
2047 1731 2207 1797 precum.

219 1811 288 1880 sibi
304 1810 397 1878 viam
412 1811 663 1899 patefacerent,
689 1819 723 1875 et
734 1805 827 1874 ferro
839 1805 953 1876 Deum
969 1807 1131 1876 ferirent:
1154 1806 1202 1874 ita
1354 1801 1432 1876 Etsi
1449 1807 1565 1898 aliqua
1581 1803 1714 1876 cheo
1730 1807 1860 1878 noticia
1879 1808 1917 1876 in
1941 1801 2099 1876 hominis
2121 1821 2238 1878 mente

219 1909 406 2000 Epicurei,
436 1906 565 1990 Stoici,
599 1901 798 1974 Academici
821 1920 855 1976 et
874 1904 1115 1997 Peripatetici,
1141 1905 1202 1974 alii
1251 1918 1333 1974 nata
1354 1919 1424 1986 cst,
1448 1929 1538 1998 quae
1556 1905 1699 1997 quidem
1721 1920 1841 1976 monet
1858 1905 1974 1978 Deum
1996 1907 2240 1976 invocandum

219 2012 308 2081 alios
325 2031 460 2078 errores
478 2004 734 2094 excogitarunt,
767 2017 799 2072 et
817 2017 985 2098 tanquam
1003 2005 1202 2075 accumula·
1251 2027 1342 2076 essc:
1369 2019 1585 2076 tamencum
1609 2029 1675 2074 nos
1695 2005 1876 2078 iutuemur
1892 2008 1960 2098 ipsi
1975 2016 2010 2076 et
2024 2019 2171 2077 nostros
2190 2008 2241 2074 la-

218 2112 266 2180 tis
281 2110 462 2180 montibus
474 2105 724 2176 coeloabellum
736 2105 950 2189 intulerunt,
975 2105 1066 2176 alius
1082 2105 1202 2197 provi·
1252 2127 1334 2196 psus
1356 2105 1688 2190 animadvertimus,
1711 2107 1849 2178 vultum
1871 2123 1976 2202 atque
1996 2107 2122 2178 oculos
2144 2107 2240 2176 iudi·

219 2210 377 2280 dentiam
395 2227 537 2299 prorsus
551 2205 712 2288 sustulit,
736 2205 825 2274 alius
841 2207 885 2274 ad
900 2227 1020 2275 causas
1033 2207 1202 2276 secundas
1251 2206 1301 2275 cis
1316 2199 1482 2274 horribili
1499 2227 1628 2297 pavore
1643 2207 1846 2295 cogitamus.

219 2312 270 2382 ita
284 2306 593 2395 Deum-alligavit,
627 2317 668 2374 ut
682 2303 857 2374 Homerus
874 2327 956 2375 suos
969 2305 1061 2376 Deos
1083 2308 1127 2375 de
1144 2329 1202 2376 ca-
1352 2301 1435 2374 Non
1456 2319 1507 2374 est
1522 2304 1629 2393 igitur
1645 2301 1821 2376 humanae
1842 2303 2033 2400 sapientiae
2047 2329 2142 2397 opus
2158 2329 2240 2375 vera

189 2419 301 2482 'tcua
317 2408 508 2499 suspendit.
560 2404 664 2475 Alius
679 2405 799 2474 omnia
816 2405 904 2475 dixit
920 2405 1053 2477 incerta
1072 2419 1106 2476 et
1127 2427 1203 2475 am·
1252 2405 1439 2474 invocatio.
1493 2403 1563 2474 Sed
1586 2403 1719 2476 Filium
1738 2403 1805 2476 Dei
1832 2408 2011 2478 doctorem
2032 2401 2145 2484 buius
2165 2429 2240 2474 ma-

219 2510 326 2598 bigua
342 2531 425 2578 esse.
475 2505 586 2594 Saepe
607 2499 814 2574 cohorresco
837 2517 912 2575 toto
932 2527 1099 2596 corpore,
1123 2519 1203 2576 tan-
1251 2505 1338 2573 ximi
1364 2503 1523 2573 sacrificii
1545 2499 1732 2590 habemus,
1764 2508 1826 2599 qui
1857 2509 2002 2599 pavidas
2027 2521 2172 2576 mentes
2196 2506 2240 2575 ad

219 2625 291 2682 tam
314 2609 518 2678 varietatem
544 2627 723 2688 errorum,
749 2604 811 2697 qui
834 2604 873 2672 in
896 2617 970 2676 toto
986 2627 1113 2695 genere
1134 2598 1208 2674 hu-'
1252 2617 1430 2674 aeternum
1448 2601 1587 2673 Patrem
1602 2601 1757 2691 retrahit,
1778 2621 1812 2678 et
1827 2607 1983 2698 linguam
2000 2608 2240 2697 trepidantem

219 2733 326 2780 mano
340 2723 376 2778 et
389 2705 532 2796 grassati
547 2717 646 2788 sunt,
671 2717 705 2772 et
718 2717 920 2793 grassantur
933 2727 1070 2796 semper
1084 2705 1202 2776 omui·
1252 2705 1291 2772 in
1313 2719 1431 2774 nostra
1451 2703 1674 2775 invocatione
1699 2707 1808 2796 regit,
1832 2708 1943 2778 immo
1959 2707 2020 2800 qui
2042 2729 2187 2798 semper
2204 2719 2241 2775 ut

220 2811 288 2880 bns
301 2809 426 2878 seculis
441 2806 607 2895 cogitans.
653 2802 743 2874 Nam
758 2827 799 2873 ex
814 2799 880 2874 hac
894 2818 981 2876 tetra
996 2804 1203 2876 confusione
1252 2803 1421 2875 Sacerdos
1454 2818 1575 2875 noster
1602 2799 1664 2876 καὶ
1693 2803 1843 2898 ἔξαρχος
1873 2831 2016 2898 precum
2049 2809 2241 2876 universae

220 2909 431 3000 opinionum
453 2903 628 2976 aestimari
649 2917 779 2994 potest,
804 2919 935 2996 quauta
951 2905 1062 2993 caligo
1077 2905 1122 2975 sit
1135 2900 1204 2976 hu-
1253 2901 1428 2974 Ecclesiae
1443 2905 1546 2973 verba
1561 2905 1666 2975 nobis
1681 2909 1868 2995 praefatur,
1891 2921 1925 2978 et
1944 2907 2152 2998 interpellat
2168 2907 2242 2997 ipse

219 3031 345 3078 manae
358 3008 496 3086 mentis,
520 3027 609 3097 quae
624 3028 698 3072 non
712 3005 845 3092 regitur
857 3005 1029 3088 divinitus
1041 3001 1204 3093 Evange-
1252 3004 1291 3072 in
1306 3005 1369 3072 illo
1385 3016 1527 3074 aeterno
1545 3005 1693 3074 consilio
1708 3008 1840 3076 aeterni
1853 3004 1980 3081 Patris.

219 3111 261 3180 lii
283 3110 373 3182 luce.
425 3104 705 3176 lmbccillitatcm
730 3104 838 3194 igitur
859 3117 1016 3176 nostram
1041 3105 1204 3174 conside·
1349 3099 1535 3175 Discamus
1557 3103 1665 3196 igitur
1685 3106 1730 3173 ab
1754 3101 1821 3176 hoc
1841 3120 1962 3176 nostro
1979 3099 2242 3196 Hierophauta,

221 3230 356 3289 remus,
381 3220 417 3277 et
430 3207 568 3276 assidue
582 3204 669 3272 hacc
685 3217 766 3274 vota
782 3204 1055 3292 ingeminemus=
1079 3203 1203 3296 Dirige
1252 3203 1431 3295 quomodo
1447 3202 1667 3272 invocandus
1679 3202 1842 3292 sitDeus,
1864 3207 1951 3300 quid
1968 3207 2013 3276 de
2027 3204 2102 3274 eius
2121 3229 2242 3275 essen-

220 3333 277 3378 me
299 3309 338 3376 in
361 3306 505 3394 veritate
524 3318 606 3386 tua,
632 3316 666 3374 ct
691 3305 777 3374 doce
795 3327 869 3386 mc,
895 3305 977 3400 quia
1001 3317 1039 3376 tu
1055 3327 1093 3374 cs
1107 3299 1204 3374 Deus
1252 3303 1320 3384 tia,
1346 3317 1380 3372 et
1398 3303 1484 3394 quid
1500 3305 1545 3371 dc
1559 3305 1739 3374 voluntate
1760 3305 1835 3376 eius
1854 3305 1893 3374 in
1912 3307 2012 3375 omni
2034 3308 2242 3395 precatione

217 3411 371 3480 salvator
386 3431 496 3481 meus.
1252 3401 1476 3491 cogitandum
1491 3403 1547 3476 sit.
1597 3401 1782 3494 Seiungito
1803 3419 1900 3475 tuam
1918 3405 2183 3474 invocationem
2196 3407 2241 3474 ab

319 3507 458 3579 Deinde
466 3510 510 3578 de
518 3507 699 3576 voluntate
713 3518 831 3577 errant
840 3519 958 3594 gentes
973 3505 1203 3594 omuesigna·
1251 3497 1417 3583 Ethnica,
1442 3499 1605 3586 ludaico,
1632 3499 1887 3590 Mahometica,
1911 3517 1952 3576 ut
1969 3527 2092 3574 verum
2110 3503 2241 3590 Deum,

218 3633 278 3680 rae
291 3605 487 3698 Evangelii,
508 3607 650 3702 quiaad
662 3603 778 3676 Deum
793 3603 1088 3678 siueMediatoris
1100 3603 1204 3696 agni·
1252 3626 1326 3670 uon
1348 3603 1592 3673 commenticia
1610 3603 1758 3673 numina
1779 3603 1990 3698 alloquaris,
2014 3619 2049 3675 et
2067 3629 2153 3675 vere
2170 3619 2241 3676 sta-

211 3711 316 3780 tione
337 3711 525 3791 accedunt,
558 3707 708 3798 ideoque
729 3731 776 3776 an
797 3707 989 3793 exaudiat,
1005 3719 1041 3777 et
1060 3729 1125 3775 cur
1146 3705 1204 3773 in·
1251 3715 1349 3784 tuas,
1373 3725 1437 3772 cur
1450 3715 1485 3773 et
1500 3703 1658 3773 invocari
1671 3715 1706 3775 et
1718 3703 1811 3776 flecti
1828 3706 1924 3781 velit.

138 3857 140 3864 ν
218 3811 346 3900 dignos
360 3809 534 3891 exaudiat,
554 3807 726 3876 nesciunt.
759 3805 951 3877 Pausanias
964 3803 1085 3878 scribit
1097 3805 1204 3875 frtisse
1351 3800 1455 3872 Hauc
1468 3803 1665 3873 doctrinam
1678 3805 1905 3876 necessariam
1920 3825 2004 3890 esse,
2027 3801 2140 3874 immo
2156 3827 2239 3894 por·

219 3912 259 3980 in
273 3907 376 3982 Creta
394 3922 543 3979 statuam
561 3905 654 3974 lovis
668 3907 746 3976 sine
761 3907 907 3976 auribus
913 3953 927 3997 ‚
953 3927 1059 4000 quem
1076 3901 1204 3997 aliquis
1251 3915 1327 3974 tum
1350 3923 1422 3972 esse
1438 3903 1678 3974 firmissimum
1694 3905 1732 3972 in
1753 3905 1919 3975 omnibus
1934 3903 2100 3995 periculis
2116 3905 2158 3974 iu
2174 3899 2239 3974 hac

218 4010 414 4082 scurriliter
429 4010 556 4079 ludens
570 4029 609 4076 ac
621 4007 787 4077 deridens
807 4021 917 4078 totam
932 4005 1204 4089 invocationem,
1252 4003 1340 4088 vita,
1381 4025 1503 4073 omues
1535 4005 1614 4073 sani
1645 4003 1861 4094 intelligunt.
1912 4003 2030 4076 Venio
2057 4003 2171 4094 igitur
2193 4003 2237 4074 ad

218 4105 315 4181 haud
349 4110 459 4180 dubie
484 4104 730 4178 architectatus
769 4119 832 4180 cst.
891 4107 962 4179 Sed
997 4107 1102 4178 telem
1134 4105 1203 4176 sibi
1251 4116 1452 4194 praecepta,
1481 4127 1633 4194 quorum
1660 4105 1813 4194 primum
1847 4101 1915 4174 hoc
1939 4105 2002 4174 sit:
2037 4100 2086 4174 Ut
2112 4127 2237 4174 verum

218 4208 332 4280 Deum
358 4232 480 4279 omnes
497 4210 631 4301 ubique
652 4220 726 4279 toto
750 4209 836 4277 orbe
852 4220 1025 4278 terrarum
1041 4207 1203 4297 pingunt,
1249 4199 1366 4274 Deum
1382 4203 1592 4296 alloquaris,
1616 4229 1716 4274 mens
1730 4204 1860 4275 directa
1876 4205 1972 4274 sitin
1988 4205 2237 4294 patefactiones

219 4312 280 4402 qui
303 4311 340 4380 in
359 4309 581 4380 invocatione
597 4309 778 4386 dubitant,
804 4331 850 4376 an
871 4307 1062 4400 recipiatur
1082 4329 1203 4400 preca-
1250 4304 1401 4378 divinas.
1443 4301 1508 4372 llle
1522 4304 1618 4373 enim
1637 4329 1717 4374 vere
1728 4303 1826 4377 Deus
1839 4317 1904 4388 est,
1928 4303 1991 4398 qui
2008 4303 2094 4384 sein
2111 4299 2236 4375 Eccle-

218 4411 289 4496 tie,
313 4435 360 4480 an
374 4405 442 4480 hoc
455 4409 609 4478 officium
625 4403 701 4476 Deo
718 4408 865 4499 placeat.
1250 4405 1301 4473 sia
1319 4403 1516 4474 illustribus
1530 4405 1741 4475 testimoniis
1756 4406 1934 4496 patefecit,
1959 4417 1994 4474 ct
2008 4404 2058 4474 sic
2071 4426 2110 4473 se
2125 4427 2235 4493 agno-

321 4509 403 4580 Duu
415 4533 541 4600 genera
557 4531 716 4577 errorum
733 4507 771 4576 in
789 4508 895 4597 impia
909 4505 1203 4576 invocatiouere-
1250 4505 1319 4584 sci,
1351 4504 1509 4573 invocari
1536 4519 1569 4576 et
1596 4504 1664 4574 coli
1685 4506 1856 4595 postulat,
1890 4505 1979 4575 sicut
1999 4527 2036 4573 se
2062 4505 2234 4594 patefecit,

219 4612 359 4696 censui,
391 4610 453 4704 qut
475 4611 578 4678 ambo
602 4602 744 4677 haerent
768 4607 807 4675 in
829 4607 989 4677 omnium
1016 4603 1202 4675 bominum
1249 4627 1315 4674 nec
1337 4603 1440 4673 aliter
1462 4605 1501 4672 iu
1524 4599 1630 4675 huius
1645 4605 1737 4676 vitae
1756 4605 1904 4695 caligine
1927 4605 2068 4695 agnosci
2084 4617 2120 4675 et
2134 4604 2234 4674 iuvo-

217 4713 417 4795 mentibus,
442 4711 544 4780 etiam
563 4731 705 4793 eorum,¹
728 4709 790 4802 qui
807 4708 844 4776 in
857 4703 1011 4778 Ecclesia
1029 4708 1105 4774 sine
1120 4727 1201 4775 vera
1249 4703 1322 4775 cari
1336 4715 1460 4794 potest.

217 4815 296 4882 luce
319 4809 506 4902 Evangelii
531 4809 676 4890 vivunt,
718 4810 831 4878 donec
858 4821 951 4878 recte
978 4808 1201 4878 erudiuntur.
1351 4801 1407 4874 Sit
1428 4803 1537 4893 igitur
1557 4806 1595 4873 in
1618 4818 1805 4896 conspectu
1822 4819 1884 4876 aut
1901 4799 2045 4877 historia
2062 4802 2233 4896 Baptismi

218 4913 306 4984 ldeo
329 4915 422 4984 inter
444 4932 579 4980 summa
603 4909 687 4978 novi
703 4903 923 4978 Testamenti
945 4903 1202 4977 muneraDeus
1249 4899 1334 4974 Filii
1358 4901 1442 4983 Dei,
1475 4917 1535 4974 aut
1562 4905 1649 4986 alia,
1683 4906 1747 4975 ubi
1779 4929 1815 4975 se
1841 4907 2036 4974 audiendos
2064 4907 2232 4995 praebent

216 5015 393 5103 promittit
413 5014 677 5082 sedonaturum
700 5010 805 5078 nubis
821 5008 994 5099 Spiritum
1015 5008 1146 5098 gratiae
1168 5020 1203 5077 et
1249 5019 1412 5075 aeternus
1428 5003 1549 5083 Pater,
1576 5019 1609 5075 et
1626 5004 1741 5074 Filiu's
1758 5006 1832 5074 eius
1847 5003 2024 5075 Dominus
2043 5018 2165 5073 noster
2182 5002 2231 5070 lc-

215 5115 463 5185 invocationis.
514 5109 616 5181 Dicat
640 5105 699 5179 hic
718 5109 846 5202 aliquis
865 5106 1012 5178 Homeri
1036 5121 1071 5178 et
1090 5103 1202 5178 Calli·
1249 5127 1308 5176 sus
1321 5097 1501 5187 Christus,
1527 5117 1560 5174 et
1575 5105 1728 5194 Spiritus
1743 5121 1892 5175 sanctus.
1943 5101 1992 5175 Et
2007 5105 2112 5174 simul
2129 5103 2230 5174 testi·

176 5241 178 5248 >
215 5208 472 5283 machilector:
508 5209 636 5300 Qualia
652 5205 738 5279 baec
753 5222 836 5280 sunt
850 5205 1024 5278 munera?
1067 5205 1202 5278 Natura
1249 5207 1368 5276 monia
1381 5204 1482 5274 verbi
1497 5205 1616 5274 traditi
1631 5206 1803 5276 divinitus
1817 5205 2024 5293 cogitentur,
2039 5229 2130 5298 quae
2143 5200 2230 5272 hanc

216 5331 338 5377 omnes
355 5325 474 5398 gentes
487 5323 693 5388 moventur,
718 5323 758 5380 nt
772 5307 908 5379 amissis
922 5303 1086 5378 humanis
1099 5329 1202 5398 prae-
1248 5309 1292 5376 de
1311 5305 1386 5376 Deo
1402 5305 1600 5375 doctrinam
1623 5307 1728 5376 nobis
1753 5318 1976 5398 proponunt,
2001 5320 2036 5378 ct
2057 5306 2229 5375 affirmant
