4646 5824
1418 83 1436 122 f

60 261 141 338 'lli
490 313 493 328 .
649 257 811 336 Daca
842 251 1531 338 nnntttctm‘tlunltltcu
1863 313 1872 338 2
2034 258 2124 335 tlt·

59 427 308 518 authoritate,
326 432 521 528 quidquam
536 433 697 527 decerpo.
716 431 794 506 ‘sen
808 447 968 508 veterum
981 431 1067 508 lib'ri
1116 429 1245 519 moth,
1269 428 1512 504 autresutma
1526 423 1698 506 brevitate
1712 421 1979 528 expompant.
2013 430 2109 504 illud

61 550 95 606 et
111 535 354 629 quotidianae
369 533 561 607 conciones
584 538 797 623 ostendunt,
826 537 981 610 multum
1003 539 1067 609 ad·
1116 547 1255 605 tantum
1288 533 1423 618 dham,
1461 537 1507 604 ud
1543 537 1825 625 praemonendos
1856 535 2109 610 adolescentes.
2167 567 2171 574 ’

62 637 183 708 iuvari
199 635 284 728 pios
300 650 336 708 et
349 637 474 708 doctos
487 638 630 732 linguae
646 637 862 728 cognitione.
1116 635 1250 726 Magna
1263 635 1318 711 vis
1331 650 1385 706 est
1407 657 1489 705 vera
1511 636 1736 730 eloquentia,
1767 656 1859 730 quae
1882 650 1933 707 est
1959 636 2108 708 facultas

166 736 299 831 Neque
314 733 400 809 haec
415 738 465 809 ita
482 737 586 826 dico,
610 739 711 834 quasi
727 763 802 810 non
826 749 946 810 errent
961 735 1066 808 etiam
1115 759 1171 808 res
1193 740 1304 808 banaa
1328 736 1505 824 sapienter
1529 751 1562 808 et
1586 739 1770 830 perspicue
1792 733 2005 831 exponendi.
2062 735 2106 808 ld

64 863 168 931 saepe
184 840 269 921 illi,
295 839 425 934 quibus
448 839 572 934 lingua
586 838 726 914 Ebrsea
748 842 796 912 ita
823 855 911 916 nola
933 853 1000 910 est:
1026 851 1068 910 ut
1116 860 1197 910 cum
1211 839 1344 910 faciant
1356 833 1576 931 Prophetae,
1603 835 1765 910 honrines
1777 833 2046 934 sapientissimi,
2072 853 2126 912 et·

62 941 211 1026 ludaei,
240 942 307 1012 etsi
322 945 585 1032 gratnmaticam
602 967 703 1015 suam
719 945 811 1014 bene
827 943 976 1022 callent,
1013 953 1077 1011 ta·v
1115 939 1178 1035 qui
1193 939 1346 1012 dicendo
1361 954 1527 1012 rexerunt
1539 963 1639 1010 suam
1655 941 1922 1034 rempublicam,
1948 955 1983 1036 et
1998 940 2122 1013 lurni.

63 1067 147 1113 men
163 1043 346 1132 flagitiose
367 1039 634 1116 hallucinantur
656 1045 696 1114 in
718 1057 790 1118 tota
806 1038 1066 1138 Prophetarum
1113 1041 1223 1115 nibus
1261 1044 1451 1113 verbomm
1489 1055 1525 1113 et
1557 1043 1812 1114 sententiarum
1846 1043 2106 1114 venustissimis

63 1143 311 1221 enarratione·
372 1142 444 1217 Sed
474 1145 607 1218 multae
636 1159 720 1218 snut
745 1169 907 1218 errorum
930 1167 1065 1218 catrsae.
1112 1145 1283 1215 utuntur:
1308 1147 1339 1213 si
1356 1143 1422 1237 qui·
1436 1143 1486 1213 cis
1507 1141 1699 1217 detrahunt
1713 1145 1936 1239 eloquentiae
1952 1145 2106 1229 laudem,

65 1245 192 1317 ludaei
215 1247 423 1318 voluntates
445 1246 573 1340 impias
594 1249 778 1332 adierunt,
811 1261 845 1320 et
867 1239 1066 1344 sycophan-
1115 1246 1219 1316 valde
1244 1261 1374 1317 errant.
1413 1243 1580 1331 Psalmi,
1604 1245 1808 1318 Salomonis
1829 1245 2045 1332 sententiae,
2071 1241 2106 1316 et

63 1349 133 1418 tico
158 1372 268 1418 more
289 1349 475 1442 perspicua
504 1350 598 1422 dieta
620 1343 880 1440 Prophetarum
909 1347 1066 1444 tenebris
1114 1347 1276 1418 omnium
1284 1341 1542 1438 Prophetarum
1557 1348 1757 1436 conciones,
1779 1361 1878 1420 tanto
1893 1347 2012 1420 nitore
2026 1371 2106 1418 ver·

65 1451 229 1523 volentes
245 1449 456 1532 involvunt,
475 1463 537 1522 aut
551 1463 798 1548 corrumpunt.
830 1448 971 1522 Deinde
984 1473 1066 1522 cum
1114 1451 1243 1520 borum
1273 1461 1308 1520 et
1331 1451 1525 1540 figurarum
1550 1462 1584 1522 et
1607 1463 1704 1522 tanta
1726 1449 1895 1521 varietate
1916 1449 2106 1521 affectuum

65 1547 311 1642 Evangelium
327 1553 388 1624 lux
406 1551 453 1624 sit
468 1549 748 1644 Prophetarum,
770 1551 855 1624 inde
875 1551 1066 1624 consilium
1115 1573 1323 1641 conspersae
1337 1565 1438 1636 suut,
1464 1564 1506 1622 ut
1523 1569 1543 1620 a
1559 1550 1765 1622 videntibus
1781 1575 1855 1622 non
1878 1549 1956 1622 siue
1978 1573 2105 1642 magua

66 1653 379 1744 interpretationis
404 1657 616 1724 sumendum
639 1668 700 1726 εει.
759 1649 838 1725 Ειεί
861 1655 957 1726 enim
979 1677 1066 1724 con·
1115 1652 1349 1724 admiratione
1365 1651 1434 1743 legi
1447 1652 1594 1744 possint.
1635 1629 1741 1742 Qdod
1759 1666 1877 1724 autem
1894 1653 1933 1722 in
1948 1653 2105 1744 vulgari-

68 1767 202 1846 gruunt
226 1749 450 1848 Prophetae,
475 1769 512 1828 et
533 1755 722 1827 conciones
747 1755 813 1826 lilii
827 1757 895 1829 Dei
917 1770 952 1828 et
966 1753 1066 1848 Apo-
1114 1756 1183 1828 hus
1218 1753 1569 1846 interpretationibus
1602 1753 1785 1826 interdum
1815 1755 1988 1826 sermonis
2015 1754 2105 1840 uitia

68 1857 266 1942 stolorum,
312 1870 432 1928 umen
462 1851 529 1928 hae
559 1872 643 1930 suut
669 1859 867 1952 planiores,
915 1871 950 1928 et
980 1853 1066 1926 hinc
1115 1869 1209 1944 sunt,
1234 1869 1272 1928 et
1283 1856 1387 1947 pauci
1400 1856 1528 1946 ligures
1542 1869 1576 1928 et
1589 1850 1799 1928 ornamenta
1811 1855 2029 1946 intelligunt,
2056 1858 2105 1926 ob
2233 1913 2234 1918 ,
2285 1847 2286 1850 '

68 1956 253 2031 doctrinae
272 1953 460 2029 methodus
475 1961 644 2030 sumenda
662 1974 713 2030 εει
727 1959 883 2050 deLegis
896 1973 930 2032 et
943 1953 1066 2030 Evan-
1116 1981 1175 2029 eas
1190 1979 1310 2029 causas
1329 1981 1405 2028 non
1426 1957 1672 2028 existimentur
1695 1957 1817 2049 lingna
1837 1959 1956 2030 nativa
1979 1957 2028 2030 ita
2051 1957 2106 2028 lo·

69 2059 148 2148 gelli
180 2057 413 2147 discrimine,
455 2061 552 2156 quod
588 2061 652 2156 qui
687 2085 762 2132 non
792 2063 996 2132 didicerunt
1024 2083 1067 2130 ex
1115 2059 1218 2153 quuti
1233 2081 1318 2133 esse.
1370 2055 1417 2130 Et
1439 2083 1529 2152 quae
1544 2059 1616 2131 sint
1640 2081 1760 2130 rerum
1782 2060 1963 2152 pondera,
1998 2081 2105 2154 quam

69 2159 199 2246 Paulo,
226 2184 378 2253 prorsus
394 2185 495 2232 caeca
511 2177 635 2244 nocte,
664 2177 705 2234 ut
721 2162 871 2246 dicitur,
895 2162 1067 2252 navigant
1114 2162 1270 2244 illustres
1286 2161 1436 2250 figurae,
1458 2183 1565 2254 qaam
1591 2163 1757 2234 ardentes
1772 2159 1939 2249 allectus,
1972 2174 2105 2256 quauta
2146 2219 2150 2232 .

71 2261 108 2331 in
124 2257 559 2354 lectioneProphctarum.
610 2259 754 2334 Addam
771 2259 900 2352 ethoc,
925 2261 1067 2336 ludaeis
1114 2287 1233 2334 rerum
1250 2261 1479 2353 magnitudo,
1500 2263 1545 2330 de
1561 2263 1691 2356 quibus
1707 2261 1958 2348 concionatur,
1987 2262 2105 2334 consi-

73 2378 106 2434 et
120 2363 245 2436 multis
268 2361 350 2434 aliis
370 2365 467 2438 deest
488 2363 663 2437 iudicium
686 2367 730 2436 de
752 2360 892 2438 ratione
913 2363 1068 2450 dicendi,
1114 2365 1313 2435 derandum
1329 2377 1390 2434 est
1423 2359 1569 2454 Regunt
1582 2385 1666 2434 suas
1677 2363 1836 2436 civitates
1844 2359 2106 2436 Demosthenes
2225 2363 2228 2368 “

74 2467 165 2557 quod
200 2489 312 2536 nemo
345 2465 421 2536 sine
451 2468 589 2541 cultura
617 2467 753 2558 ingenii
783 2463 915 2538 habere
938 2479 1066 2560 potest,
1116 2480 1155 2536 et
1174 2461 1319 2552 Cicero,
1356 2479 1392 2537 et
1418 2487 1540 2535 earum
1574 2463 1832 2556 gubernatione
1848 2467 1849 2472 ’
1865 2465 2104 2560 eloquentiam

74 2561 138 2635 hoc
151 2559 221 2652 est,
242 2567 322 2637 sine
335 2591 403 2638 usu
418 2567 618 2640 dialectices
637 2581 671 2640 et
685 2565 897 2656 rhetorices,
930 2581 965 2640 et
990 2569 1066 2639 sine
1115 2589 1217 2639 suam
1233 2579 1463 2652 consumunt,
1496 2589 1603 2660 quarn
1619 2591 1692 2637 esse
1705 2567 1871 2638 refertam
1887 2567 2031 2660 politica
2048 2591 2105 2636 sa-

74 2667 245 2740 exercitiis
264 2668 445 2739 scribendi
459 2685 494 2743 et
508 2659 660 2744 dicendi.
695 2669 751 2742 Sit
766 2671 876 2760 igitur
888 2671 927 2740 iu
942 2669 1067 2741 lectio·
1115 2668 1269 2760 pientia,
1292 2671 1503 2739 eternatam
1519 2668 1682 2738 mirando
1697 2669 1886 2760 splendore
1902 2670 2105 2752 verborum,

77 2792 118 2836 ne
133 2765 399 2860 Prophetarum
417 2771 581 2844 voluntas
596 2795 721 2842 amans
739 2772 920 2858 veritatis,
943 2787 978 2842 et
993 2771 1067 2840 ini·
1115 2795 1171 2840 res
1185 2771 1260 2860 ipsa
1274 2771 1440 2840 ostendit.
1468 2767 1539 2840 Sed
1547 2765 1668 2840 Esaias
1676 2764 1870 2840 Ecclesiam
1884 2768 2104 2842 etEcclesiae
2117 2769 2120 2772 ’

75 2869 160 2938 mica
184 2868 413 2971 sophisticae.
472 2871 527 2944 Sit
551 2897 651 2944 mens
671 2889 764 2945 recte
784 2875 921 2944 imbuta
941 2874 1067 2966 primis
1114 2871 1335 2942 domicilium
1352 2871 1458 2961 regit:
1481 2885 1601 2950 etnon
1617 2883 1755 2942 tantum
1770 2866 1928 2942 humano
1943 2879 2044 2942 inore
2060 2875 2104 2940 de

77 2971 256 3044 elementis
280 2975 464 3045 doctrinae
489 2975 759 3060 ecclesiasticae,
797 2975 938 3046 sitnon
967 2973 1066 3045 rudis
1114 2973 1259 3067 politica
1276 2973 1458 3064 sapientia,
1474 2973 1528 3040 ¹de
1547 2971 1649 3042 bellis
1663 2973 1849 3044 movendis
1863 2987 1926 3044 aut
1940 2974 2104 3064 gerendis
2220 2968 2225 2982 '

77 3053 320 3146 commuhium
350 3075 546 3144 literarum.
610 3076 668 3146 Ad
700 3071 786 3146 haec
808 3077 837 3145 si
864 3076 1065 3147 adiunxerit
1115 3075 1363 3148 concionatur:
1396 3077 1459 3144 sed
1476 3073 1520 3143 de
1535 3069 1604 3144 Dei
1621 3075 1821 3161 voluntate,
1851 3077 1897 3146 de
1919 3076 2103 3145 toleranda

77 3173 228 3262 linguam
237 3173 441 3262 Ebraicam,
462 3177 574 3248 mttlto
590 3177 708 3247 verius
722 3193 756 3248 et
770 3179 947 3248 dexterius
962 3203 1067 3248 enar·
1115 3177 1302 3248 obsidione
1316 3191 1460 3270 propter
1475 3179 1753 3272 expectationem
1768 3175 1884 3248 divini
1898 3175 2034 3260 atrrilii,
2059 3178 2103 3246 da
2229 3239 2232 3247 .

78 3276 167 3346 rabit
178 3272 399 3368 Prophetas,
426 3284 534 3370 quam
551 3277 612 3348 alii
627 3278 743 3368 ignari
759 3279 913 3368 linguae.
1115 3277 1268 3348 vitandis
1284 3277 1489 3350 foederibus
1501 3301 1581 3348 cum
1597 3278 1717 3370 impiis
1737 3278 1897 3370 regibus,
1927 3279 1972 3349 de
1989 3277 2105 3348 ruinis

173 3373 274 3448 Haec
305 3380 350 3470 de
373 3379 577 3450 necessitate
598 3381 725 3450 dixisse
747 3379 831 3452 satis
853 3380 909 3456 sit.
961 3377 1066 3451 Nunc
1114 3377 1354 3450 maximorum
1375 3380 1606 3472 imperiorum
1619 3375 1804 3450 Chaldaici
1829 3396 1864 3452 et
1883 3379 2036 3466 Persici,
2070 3395 2105 3452 et

80 3497 183 3564 pauca
209 3481 341 3550 addam
370 3481 414 3548 de
436 3475 595 3552 historiis
627 3496 662 3552 ει
684 3483 728 3552 dc
749 3481 952 3575 eloquentia
975 3481 1067 3552 Pro·
1116 3485 1160 3552 de
1182 3481 1341 3552 venturis
1365 3481 1404 3550 in
1421 3479 1544 3552 Asiam
1560 3479 1836 3566 Macedonibus,
1870 3483 1915 3550 de
1937 3505 2102 3550 mansura
2177 3554 2182 3565 .

80 3571 273 3665 phetarum.
337 3579 510 3670 Magnum
534 3583 669 3652 douram
694 3581 761 3654 Dei
784 3597 856 3667 est,
897 3586 995 3678 qu'od
1027 3585 1065 3653 in
1114 3580 1274 3654 Ecclesia
1284 3581 1373 3668 Ilei,
1396 3599 1429 3653 et
1445 3587 1489 3652 de
1505 3596 1655 3653 venturo
1672 3583 1864 3654 liberatore
1880 3582 2017 3672 generis
2034 3575 2103 3652 hu·-

75 3671 229 3756 ¹Ecclesia
255 3696 350 3754 extat
374 3685 542 3755 continua
566 3681 713 3755 historia
743 3685 906 3756 omnium
939 3687 1066 3756 mundi
1116 3685 1231 3772 mani,
1256 3698 1291 3756 ει
1314 3683 1464 3777 posteris
1478 3681 1594 3754 David
1622 3685 1718 3758 iuxta
1745 3683 2032 3778 promissionem,
2059 3685 2105 3770 de

82 3793 295 3871 temporum,
321 3807 395 3854 non
411 3784 613 3876 interrupta
629 3810 741 3880 usque
759 3789 804 3857 ad
820 3781 1064 3858 monarchiam
1116 3787 1265 3858 mortuis
1279 3789 1316 3856 in
1334 3787 1442 3857 vitam
1457 3785 1684 3871 revocandis,
1716 3788 1761 3858 de
1776 3809 1858 3856 vera
1873 3782 1940 3856 Dei
1959 3785 2102 3856 invoca·

81 3875 262 3960 Persicam.
316 3882 369 3955 Ac
392 3909 438 3956 ne
461 3885 581 3976 ignota
605 3903 693 3990 esset
718 3887 825 3960 series
842 3890 1066 3982 sequentium
1112 3889 1230 3972 tione,
1256 3891 1301 3959 de
1318 3888 1434 3959 causis
1455 3899 1600 3980 propter
1618 3911 1706 3980 quas
1720 3887 1868 3979 imperia
1885 3885 2104 3978 dissipantur

81 4003 202 4070 rerum,
218 3984 318 4057 Deus
328 3986 499 4077 singulari
511 3989 662 4060 consilio
676 3991 855 4062 contexuit
869 3985 1067 4078 historiam,
1116 4002 1151 4060 et
1165 3991 1346 4076 delentur,
1372 3992 1417 4060 de
1438 3989 1605 4059 remediis
1629 4003 1665 4061 et
1683 3990 1777 4058 veris
1799 3988 2104 4059 consolationibus

83 4084 388 4160 crnuttchaecic
403 4091 649 4182 scriptoribus.
679 4089 770 4162 Nam
784 4093 966 4184 aliquanto
984 4107 1066 4164 ante
1116 4091 1273 4161 inomni
1293 4113 1419 4181 genere
1442 4089 1691 4161 calamitatum.
1750 4088 1829 4160 Hae
1850 4090 2024 4160 maximae
2047 4112 2104 4160 res

83 4182 181 4254 finem
216 4187 406 4276 lercmiae,
449 4187 595 4264 inchoat
625 4187 810 4264 historiam
843 4191 1064 4265 Herodotus:
1115 4194 1221 4282 longe
1243 4187 1893 4283 superant'materiasDemosthenicas
1910 4207 1944 4265 et
1960 4189 2104 4270 Cicero·

85 4300 194 4370 postea
220 4289 461 4377 Graecorum,
501 4292 714 4366 Latinorum
742 4310 777 4366 et
801 4292 1064 4366 Germanorum
1115 4293 1259 4380 aionas,
1299 4307 1333 4365 et
1363 4296 1571 4386 magnitudo
1594 4316 1713 4364 rerum
1742 4293 1856 4386 gignit
1881 4294 2104 4386 splendidam

85 4388 243 4461 continua
259 4388 408 4463 historia
424 4408 527 4465 extat.
579 4393 727 4466 Necesse
742 4409 794 4466 est
809 4411 925 4467 autem
940 4401 1065 4468 doctos
1114 4395 1312 4467 orationem
1327 4386 1423 4485 apud
1437 4389 1648 4488 Prophetas:
1675 4394 1738 4490 qui
1755 4419 1836 4466 cnm
1861 4395 1933 4467 sint
1957 4395 2028 4468 viri
2049 4419 2105 4465 sa-

85 4485 174 4558 viros
200 4491 239 4586 in
260 4489 416 4566 Ecclesia
442 4509 563 4566 tenere
584 4497 756 4587 integram
777 4497 903 4568 seriem
926 4513 1065 4590 tempo-
1114 4495 1270 4590 pientes,
1303 4497 1393 4568 mira
1416 4499 1495 4568 luce
1515 4512 1549 4566 et
1570 4491 1731 4589 emphasi
1753 4499 1943 4569 verborum
1965 4493 2028 4568 has
2048 4520 2105 4567 res

85 4607 177 4674 rum,
214 4607 254 4664 ut
276 4619 367 4688 quae
390 4598 436 4668 sit
457 4597 641 4683 doctrina,
674 4613 710 4669 et
735 4623 826 4692 quae
849 4601 1064 4672 mutationes
1114 4599 1284 4670 maximas
1297 4611 1487 4691 exponunt.
1522 4596 1603 4686 Qua
1619 4601 1804 4669 derenon
1818 4599 1943 4670 dubito
1959 4599 2007 4670 ita
2024 4619 2105 4668 scn-

87 4688 265 4781 ertiteriut,
286 4698 521 4771 considerant.
564 4697 644 4778 Una
662 4715 713 4771 est
728 4699 1061 4772 enimdeDeovera
1114 4702 1182 4772 tire
1198 4701 1519 4794 ubiqueterrarum
1536 4695 1700 4772 homines
1720 4701 1819 4792 pios,
1845 4701 2023 4783 eruditos,
2049 4724 2105 4769 sa·

87 4795 268 4877 sententia,
290 4823 380 4893 quae
397 4799 443 4870 ab
459 4799 563 4870 initio
579 4802 751 4872 divinitus
774 4803 877 4872 certis
902 4801 1062 4873 testimo·
1112 4802 1260 4896 pientes,
1278 4815 1313 4872 et
1328 4825 1402 4871 non
1415 4805 1521 4872 rudes
1534 4800 1780 4894 periculorum
1788 4803 1882 4874 vitae
1896 4803 2105 4874 communis.
2214 4843 2218 4854 ·

88 4889 150 5002 niis
163 4888 336 4970 Ecclesiae
354 4901 567 4986 meditaret,
593 4899 771 4974 haeccine
790 4899 958 4974 historiae
976 4927 1062 4974 con·
1113 4903 1184 4975 Sed
1198 4903 1438 4974 adolescentes
1453 4905 1631 4975 interdum
1648 4905 1767 4991 inepta
1790 4903 2023 4996 imperiorum
2048 4903 2105 4973 iu·

17 5023 51 5086 j
88 4993 724 5103 siderationeiudicarinonpossunt:
751 5005 844 5074 etin
868 5000 925 5075 his
948 5001 1062 5075 histo·
1113 5005 1206 5076 dicia
1229 5005 1400 5090 audiunt,
1441 5004 1572 5099 quibus
1593 5001 1795 5078 detrahitur
1813 5001 2002 5097 Prophetis
2029 5005 2105 5074 elo·

90 5093 164 5204 ”fib
200 5103 354 5188 gentium
375 5105 531 5196 origines
556 5107 790 5200 conferendae
813 5121 905 5181 sunt.
964 5105 1062 5178 Haec
1112 5106 1269 5199 quentia.
1320 5103 1428 5178 Hunc
1443 5131 1597 5177 errorem
1607 5107 1759 5200 prodest
1778 5107 1901 5200 probis
1925 5105 2106 5178 mentibus

91 5209 157 5261 stne
168 5197 276 5274 literis
287 5206 364 5276 lieri
379 5219 573 5301 nequeunt.
1112 5208 1229 5284 eximi.
1279 5205 1371 5282 Cum
1388 5223 1506 5280 autem
1524 5233 1599 5279 non
1613 5209 1725 5306 possit
1741 5209 1786 5278 de
1809 5209 2012 5303 eloquentia
2030 5209 2106 5278 beri
2138 5269 2143 5278 .

114 5393 121 5408 ⁸
180 5297 357 5380 Postremo
370 5309 415 5380 de
429 5309 629 5405 eloquentia
639 5303 895 5401 Prophetarum
909 5307 1064 5382 libenter
1111 5309 1306 5404 iudicium,
1329 5311 1402 5382 nisi
1416 5336 1457 5382 ex
1470 5326 1641 5404 perpetua
1653 5310 1816 5383 oratione
1829 5323 1864 5382 et
1878 5311 2025 5402 integris
2041 5337 2105 5380 vo·

93 5391 246 5491 dicerem,
272 5409 302 5480 si
324 5425 386 5486 aut
407 5411 484 5504 ipse
504 5412 616 5503 magis
635 5415 680 5483 ad
704 5411 895 5484 dicendum
912 5411 1062 5486 idoneus
1110 5411 1327 5502 luminibus,
1359 5413 1517 5508 exempla
1534 5408 1592 5484 hic
1612 5415 1798 5487 ostendere
1821 5411 1931 5484 nimis
1955 5413 2103 5505 longum
