<?xml version="1.0" encoding="UTF-8"?>
<!DOCTYPE html PUBLIC "-//W3C//DTD XHTML 1.0 Transitional//EN"
    "http://www.w3.org/TR/xhtml1/DTD/xhtml1-transitional.dtd">
<html xmlns="http://www.w3.org/1999/xhtml" xml:lang="en" lang="en">
 <head>
  <title>
</title>
<meta http-equiv="Content-Type" content="text/html;charset=utf-8" />
  <meta name='ocr-system' content='tesseract 3.04.00' />
  <meta name='ocr-capabilities' content='ocr_page ocr_carea ocr_par ocr_line ocrx_word'/>
</head>
<body>
  <div class='ocr_page' id='page_1' title='image "./corpusreformato23melagoog/corpusreformato23melagoog_0088.png"; bbox 0 0 4718 5828; ppageno 0'>
   <div class='ocr_carea' id='block_1_1' title="bbox 89 237 2127 334">
    <p class='ocr_par' dir='ltr' id='par_1_1' title="bbox 89 237 2127 334">
     <span class='ocr_line' id='line_1_1' title="bbox 89 237 2127 334; baseline 0.003 -6"><span class='ocrx_word' id='word_1_1' title='bbox 89 249 160 328; x_wconf 83' lang='lat' dir='ltr'>tte</span> <span class='ocrx_word' id='word_1_2' title='bbox 577 244 1166 328; x_wconf 77' lang='lat' dir='ltr'><strong>DECL.DEENCOM10</strong></span> <span class='ocrx_word' id='word_1_3' title='bbox 1200 243 1624 328; x_wconf 80' lang='lat' dir='ltr'><strong>FORMICARUM.</strong></span> <span class='ocrx_word' id='word_1_4' title='bbox 1711 237 1719 248; x_wconf 71' lang='grc'><strong>’</strong></span> <span class='ocrx_word' id='word_1_5' title='bbox 2053 259 2127 334; x_wconf 77' lang='lat'>1⁶0</span> 
     </span>
    </p>
   </div>
   <div class='ocr_carea' id='block_1_2' title="bbox 83 419 2118 620">
    <p class='ocr_par' dir='ltr' id='par_1_2' title="bbox 83 419 2118 620">
     <span class='ocr_line' id='line_1_2' title="bbox 83 419 2113 566; baseline 0.001 -69"><span class='ocrx_word' id='word_1_6' title='bbox 83 422 144 496; x_wconf 84' lang='lat' dir='ltr'>has</span> <span class='ocrx_word' id='word_1_7' title='bbox 160 436 299 498; x_wconf 87' lang='lat' dir='ltr'>tantum</span> <span class='ocrx_word' id='word_1_8' title='bbox 313 424 407 516; x_wconf 84' lang='lat' dir='ltr'>leges</span> <span class='ocrx_word' id='word_1_9' title='bbox 422 445 518 512; x_wconf 81' lang='lat' dir='ltr'>etse,</span> <span class='ocrx_word' id='word_1_10' title='bbox 543 445 634 520; x_wconf 86' lang='lat' dir='ltr'>quae</span> <span class='ocrx_word' id='word_1_11' title='bbox 650 435 736 496; x_wconf 84' lang='lat' dir='ltr'>sunt</span> <span class='ocrx_word' id='word_1_12' title='bbox 751 421 791 492; x_wconf 89' lang='lat' dir='ltr'>in</span> <span class='ocrx_word' id='word_1_13' title='bbox 805 421 960 515; x_wconf 82' lang='lat' dir='ltr'>publicis</span> <span class='ocrx_word' id='word_1_14' title='bbox 974 423 1078 496; x_wconf 90' lang='lat' dir='ltr'>libris</span> <span class='ocrx_word' id='word_1_15' title='bbox 1101 429 1106 566; x_wconf 55' lang='grc' dir='ltr'>ί</span> <span class='ocrx_word' id='word_1_16' title='bbox 1130 419 1198 498; x_wconf 83' lang='lat' dir='ltr'>No.</span> <span class='ocrx_word' id='word_1_17' title='bbox 1214 421 1272 496; x_wconf 84' lang='lat'>18.</span> <span class='ocrx_word' id='word_1_18' title='bbox 1950 457 2001 504; x_wconf 83' lang='grc' dir='ltr'><strong>ιιι.</strong></span> <span class='ocrx_word' id='word_1_19' title='bbox 2017 435 2113 508; x_wconf 76' lang='grc'><strong>1527.</strong></span> 
     </span>
     <span class='ocr_line' id='line_1_3' title="bbox 83 519 2118 620; baseline -0.011 -21"><span class='ocrx_word' id='word_1_20' title='bbox 83 527 241 620; x_wconf 81' lang='lat' dir='ltr'>scriptae.</span> <span class='ocrx_word' id='word_1_21' title='bbox 291 523 389 598; x_wconf 86' lang='lat' dir='ltr'>Haec</span> <span class='ocrx_word' id='word_1_22' title='bbox 408 528 464 598; x_wconf 83' lang='lat' dir='ltr'>lex</span> <span class='ocrx_word' id='word_1_23' title='bbox 484 549 561 600; x_wconf 91' lang='lat' dir='ltr'>non</span> <span class='ocrx_word' id='word_1_24' title='bbox 583 526 625 596; x_wconf 90' lang='lat' dir='ltr'>in</span> <span class='ocrx_word' id='word_1_25' title='bbox 644 547 704 596; x_wconf 83' lang='lat' dir='ltr'>aes</span> <span class='ocrx_word' id='word_1_26' title='bbox 723 523 855 608; x_wconf 87' lang='lat' dir='ltr'>ineisa,</span> <span class='ocrx_word' id='word_1_27' title='bbox 880 549 955 598; x_wconf 90' lang='lat' dir='ltr'>non</span> <span class='ocrx_word' id='word_1_28' title='bbox 971 527 1077 598; x_wconf 88' lang='lat' dir='ltr'>tabu-</span> <span class='ocrx_word' id='word_1_29' title='bbox 1131 519 1270 546; x_wconf 49' lang='grc' dir='ltr'>Μ</span> <span class='ocrx_word' id='word_1_30' title='bbox 1945 525 2118 560; x_wconf 58' lang='lat'>*¹⁶⁶⁶</span> 
     </span>
    </p>
   </div>
   <div class='ocr_carea' id='block_1_3' title="bbox 82 615 1932 742">
    <p class='ocr_par' dir='ltr' id='par_1_3' title="bbox 82 615 1932 742">
     <span class='ocr_line' id='line_1_4' title="bbox 82 615 1932 742; baseline 0.002 -42"><span class='ocrx_word' id='word_1_31' title='bbox 82 630 125 700; x_wconf 79' lang='lat' dir='ltr'>lis</span> <span class='ocrx_word' id='word_1_32' title='bbox 152 628 305 720; x_wconf 76' lang='lat' dir='ltr'>lapideis</span> <span class='ocrx_word' id='word_1_33' title='bbox 334 629 511 722; x_wconf 84' lang='lat' dir='ltr'>insculpta</span> <span class='ocrx_word' id='word_1_34' title='bbox 540 642 608 710; x_wconf 87' lang='lat' dir='ltr'>est,</span> <span class='ocrx_word' id='word_1_35' title='bbox 641 629 703 700; x_wconf 87' lang='lat' dir='ltr'>sed</span> <span class='ocrx_word' id='word_1_36' title='bbox 732 628 771 698; x_wconf 93' lang='lat' dir='ltr'>in</span> <span class='ocrx_word' id='word_1_37' title='bbox 793 627 1078 700; x_wconf 79' lang='lat' dir='ltr'>animisnostris</span> <span class='ocrx_word' id='word_1_38' title='bbox 1316 615 1594 712; x_wconf 78' lang='lat' dir='ltr'>Eneomium</span> <span class='ocrx_word' id='word_1_39' title='bbox 1612 619 1932 742; x_wconf 71' lang='lat' dir='ltr'><strong><em>formicarum</em></strong></span> 
     </span>
    </p>
   </div>
   <div class='ocr_carea' id='block_1_4' title="bbox 82 729 2123 876">
    <p class='ocr_par' dir='ltr' id='par_1_4' title="bbox 82 729 2123 876">
     <span class='ocr_line' id='line_1_5' title="bbox 82 729 2123 876; baseline 0.011 -76"><span class='ocrx_word' id='word_1_40' title='bbox 82 733 209 824; x_wconf 87' lang='lat' dir='ltr'>scripta</span> <span class='ocrx_word' id='word_1_41' title='bbox 233 731 428 819; x_wconf 88' lang='lat' dir='ltr'>divinitus,</span> <span class='ocrx_word' id='word_1_42' title='bbox 452 746 493 802; x_wconf 94' lang='lat' dir='ltr'>ut</span> <span class='ocrx_word' id='word_1_43' title='bbox 516 743 705 824; x_wconf 87' lang='lat' dir='ltr'>parentum</span> <span class='ocrx_word' id='word_1_44' title='bbox 723 729 817 800; x_wconf 90' lang='lat' dir='ltr'>iussa</span> <span class='ocrx_word' id='word_1_45' title='bbox 834 753 908 801; x_wconf 92' lang='lat' dir='ltr'>non</span> <span class='ocrx_word' id='word_1_46' title='bbox 925 730 1076 801; x_wconf 89' lang='lat' dir='ltr'>minoris</span> <span class='ocrx_word' id='word_1_47' title='bbox 1200 797 1306 855; x_wconf 74' lang='lat' dir='ltr'>Prodita</span> <span class='ocrx_word' id='word_1_48' title='bbox 1325 817 1387 854; x_wconf 79' lang='lat' dir='ltr'>aum</span> <span class='ocrx_word' id='word_1_49' title='bbox 1408 797 1483 868; x_wconf 69' lang='lat' dir='ltr'>attis,</span> <span class='ocrx_word' id='word_1_50' title='bbox 1510 797 1564 856; x_wconf 39' lang='lat' dir='ltr'>&#39;M&#39;</span> <span class='ocrx_word' id='word_1_51' title='bbox 1585 799 1639 857; x_wconf 36' lang='lat' dir='ltr'>No.</span> <span class='ocrx_word' id='word_1_52' title='bbox 1653 799 1694 855; x_wconf 80' lang='lat' dir='ltr'>to.</span> <span class='ocrx_word' id='word_1_53' title='bbox 1718 829 1754 844; x_wconf 56' lang='lat'><em>-</em></span> <span class='ocrx_word' id='word_1_54' title='bbox 1794 801 1899 858; x_wconf 61' lang='lat' dir='ltr'>flaura</span> <span class='ocrx_word' id='word_1_55' title='bbox 1918 805 1990 876; x_wconf 68' lang='lat' dir='ltr'>aput</span> <span class='ocrx_word' id='word_1_56' title='bbox 2010 807 2123 870; x_wconf 70' lang='lat' dir='ltr'>cnon.</span> 
     </span>
    </p>
   </div>
   <div class='ocr_carea' id='block_1_5' title="bbox 81 829 2124 992">
    <p class='ocr_par' dir='ltr' id='par_1_5' title="bbox 81 829 2124 992">
     <span class='ocr_line' id='line_1_6' title="bbox 81 829 2124 992; baseline 0.006 -88"><span class='ocrx_word' id='word_1_57' title='bbox 81 835 260 920; x_wconf 75' lang='lat' dir='ltr'>faciamus,</span> <span class='ocrx_word' id='word_1_58' title='bbox 287 857 394 926; x_wconf 90' lang='lat' dir='ltr'>quam</span> <span class='ocrx_word' id='word_1_59' title='bbox 411 835 486 906; x_wconf 91' lang='lat' dir='ltr'>ulla</span> <span class='ocrx_word' id='word_1_60' title='bbox 501 832 846 926; x_wconf 70' lang='lat' dir='ltr'>praetorumedicta,</span> <span class='ocrx_word' id='word_1_61' title='bbox 895 829 944 906; x_wconf 84' lang='lat' dir='ltr'>Et</span> <span class='ocrx_word' id='word_1_62' title='bbox 958 847 1076 904; x_wconf 91' lang='lat' dir='ltr'>tamen</span> <span class='ocrx_word' id='word_1_63' title='bbox 1231 868 2124 992; x_wconf 39' lang='lat' dir='ltr'>ngpqqfimqi!5„1)„1„„T‚1,9,75q,,nsmgg</span> 
     </span>
     <span class='ocr_line' id='line_1_7' title="bbox 1488 957 1513 992; baseline 0 0"><span class='ocrx_word' id='word_1_64' title='bbox 1488 957 1513 992; x_wconf 68' lang='lat' dir='ltr'>ll:</span> 
     </span>
    </p>
   </div>
   <div class='ocr_carea' id='block_1_6' title="bbox 77 929 2217 5422">
    <p class='ocr_par' dir='ltr' id='par_1_6' title="bbox 77 929 2217 5422">
     <span class='ocr_line' id='line_1_8' title="bbox 83 929 2123 1031; baseline -0.002 -27"><span class='ocrx_word' id='word_1_65' title='bbox 83 950 199 1008; x_wconf 78' lang='lat' dir='ltr'>extant</span> <span class='ocrx_word' id='word_1_66' title='bbox 231 937 338 1008; x_wconf 87' lang='lat' dir='ltr'>etiam</span> <span class='ocrx_word' id='word_1_67' title='bbox 360 934 751 1026; x_wconf 83' lang='lat' dir='ltr'>Magistratuumleges</span> <span class='ocrx_word' id='word_1_68' title='bbox 773 929 840 1005; x_wconf 90' lang='lat' dir='ltr'>hac</span> <span class='ocrx_word' id='word_1_69' title='bbox 862 937 981 1006; x_wconf 89' lang='lat' dir='ltr'>dere:</span> <span class='ocrx_word' id='word_1_70' title='bbox 1016 961 1076 1006; x_wconf 83' lang='lat' dir='ltr'>ex·</span> <span class='ocrx_word' id='word_1_71' title='bbox 1232 959 1258 1012; x_wconf 87' lang='lat' dir='ltr'>p.</span> <span class='ocrx_word' id='word_1_72' title='bbox 1282 937 1447 1007; x_wconf 76' lang='lat' dir='ltr'>73.atsprd</span> <span class='ocrx_word' id='word_1_73' title='bbox 1515 937 1591 1021; x_wconf 63' lang='lat' dir='ltr'>ised.</span> <span class='ocrx_word' id='word_1_74' title='bbox 1604 937 1637 995; x_wconf 84' lang='lat' dir='ltr'>T.</span> <span class='ocrx_word' id='word_1_75' title='bbox 1650 939 1684 994; x_wconf 90' lang='lat' dir='ltr'>tt.</span> <span class='ocrx_word' id='word_1_76' title='bbox 1700 940 1777 1024; x_wconf 62' lang='lat' dir='ltr'>pta.</span> <span class='ocrx_word' id='word_1_77' title='bbox 1796 970 1830 985; x_wconf 90' lang='lat'>-</span> <span class='ocrx_word' id='word_1_78' title='bbox 1866 944 2123 1031; x_wconf 65' lang='lat' dir='ltr'>Melanthoqssm-</span> 
     </span>
     <span class='ocr_line' id='line_1_9' title="bbox 82 1007 2124 1150; baseline 0.007 -20"><span class='ocrx_word' id='word_1_79' title='bbox 82 1052 156 1110; x_wconf 63' lang='lat' dir='ltr'>ent</span> <span class='ocrx_word' id='word_1_80' title='bbox 180 1051 214 1108; x_wconf 68' lang='lat' dir='ltr'>a</span> <span class='ocrx_word' id='word_1_81' title='bbox 236 1051 377 1130; x_wconf 60' lang='lat' dir='ltr'>„aa</span> <span class='ocrx_word' id='word_1_82' title='bbox 398 1033 588 1110; x_wconf 61' lang='lat' dir='ltr'>bominum</span> <span class='ocrx_word' id='word_1_83' title='bbox 604 1039 790 1110; x_wconf 63' lang='lat' dir='ltr'>doctorum</span> <span class='ocrx_word' id='word_1_84' title='bbox 809 1051 1010 1130; x_wconf 63' lang='lat' dir='ltr'>praecoca.</span> <span class='ocrx_word' id='word_1_85' title='bbox 1036 1036 1074 1106; x_wconf 70' lang='lat' dir='ltr'>a</span> <span class='ocrx_word' id='word_1_86' title='bbox 1232 1007 2124 1150; x_wconf 66' lang='lat' dir='ltr'>aatactostt.tataetzanassa‘ot‘aaz</span> 
     </span>
     <span class='ocr_line' id='line_1_10' title="bbox 80 1139 2123 1266; baseline -0.001 -54"><span class='ocrx_word' id='word_1_87' title='bbox 80 1141 185 1212; x_wconf 80' lang='lat' dir='ltr'>sacris</span> <span class='ocrx_word' id='word_1_88' title='bbox 206 1141 322 1212; x_wconf 86' lang='lat' dir='ltr'>literis</span> <span class='ocrx_word' id='word_1_89' title='bbox 343 1141 569 1230; x_wconf 85' lang='lat' dir='ltr'>gravissimae</span> <span class='ocrx_word' id='word_1_90' title='bbox 590 1139 870 1225; x_wconf 79' lang='lat' dir='ltr'><strong>admonitiones,</strong></span> <span class='ocrx_word' id='word_1_91' title='bbox 894 1155 936 1214; x_wconf 92' lang='lat' dir='ltr'>ut</span> <span class='ocrx_word' id='word_1_92' title='bbox 949 1141 1075 1210; x_wconf 91' lang='lat' dir='ltr'>ambu-</span> <span class='ocrx_word' id='word_1_93' title='bbox 1231 1145 1321 1228; x_wconf 67' lang='lat' dir='ltr'>plinta</span> <span class='ocrx_word' id='word_1_94' title='bbox 1339 1147 1475 1229; x_wconf 53' lang='lat' dir='ltr'>traditos,</span> <span class='ocrx_word' id='word_1_95' title='bbox 1498 1145 1690 1266; x_wconf 40' lang='lat' dir='ltr'>,barensium</span> <span class='ocrx_word' id='word_1_96' title='bbox 1709 1149 1788 1204; x_wconf 78' lang='lat' dir='ltr'>tense</span> <span class='ocrx_word' id='word_1_97' title='bbox 1808 1151 1923 1222; x_wconf 71' lang='lat' dir='ltr'>scriptu</span> <span class='ocrx_word' id='word_1_98' title='bbox 1942 1172 1999 1210; x_wconf 75' lang='lat' dir='ltr'>em</span> <span class='ocrx_word' id='word_1_99' title='bbox 2019 1157 2123 1216; x_wconf 71' lang='lat' dir='ltr'>inteut-</span> 
     </span>
     <span class='ocr_line' id='line_1_11' title="bbox 82 1213 1724 1335; baseline 0 -23"><span class='ocrx_word' id='word_1_100' title='bbox 82 1244 193 1314; x_wconf 87' lang='lat' dir='ltr'>lemus</span> <span class='ocrx_word' id='word_1_101' title='bbox 213 1265 333 1313; x_wconf 87' lang='lat' dir='ltr'>coram</span> <span class='ocrx_word' id='word_1_102' title='bbox 355 1237 565 1314; x_wconf 86' lang='lat' dir='ltr'>hominibus</span> <span class='ocrx_word' id='word_1_103' title='bbox 584 1235 819 1335; x_wconf 66' lang='lat' dir='ltr'>adgaudente,</span> <span class='ocrx_word' id='word_1_104' title='bbox 846 1237 914 1312; x_wconf 90' lang='lat' dir='ltr'>hoc</span> <span class='ocrx_word' id='word_1_105' title='bbox 935 1256 1003 1328; x_wconf 87' lang='lat' dir='ltr'>est,</span> <span class='ocrx_word' id='word_1_106' title='bbox 1029 1265 1075 1312; x_wconf 90' lang='lat' dir='ltr'>ne</span> <span class='ocrx_word' id='word_1_107' title='bbox 1232 1213 1490 1286; x_wconf 58' lang='lat' dir='ltr'>⁸¹¹⁰³⁶¹EW⁸⁰¹¹⁸</span> <span class='ocrx_word' id='word_1_108' title='bbox 1535 1215 1724 1286; x_wconf 68' lang='lat'><strong>⁰¹·¹·⁹&#39;⁸⁹⁵·</strong></span> 
     </span>
     <span class='ocr_line' id='line_1_12' title="bbox 82 1345 2123 1479; baseline 0.002 -67"><span class='ocrx_word' id='word_1_109' title='bbox 82 1347 168 1438; x_wconf 89' lang='lat' dir='ltr'>quid</span> <span class='ocrx_word' id='word_1_110' title='bbox 189 1347 348 1427; x_wconf 77' lang='lat' dir='ltr'><strong>incessu,</strong></span> <span class='ocrx_word' id='word_1_111' title='bbox 378 1368 561 1430; x_wconf 83' lang='lat' dir='ltr'>sermone,</span> <span class='ocrx_word' id='word_1_112' title='bbox 595 1358 694 1434; x_wconf 85' lang='lat' dir='ltr'>gestu</span> <span class='ocrx_word' id='word_1_113' title='bbox 713 1345 923 1416; x_wconf 89' lang='lat' dir='ltr'>indecorum</span> <span class='ocrx_word' id='word_1_114' title='bbox 945 1346 1076 1416; x_wconf 89' lang='lat' dir='ltr'>admit·</span> <span class='ocrx_word' id='word_1_115' title='bbox 1129 1356 1349 1450; x_wconf 55' lang='lat' dir='ltr'>mom-224„</span> <span class='ocrx_word' id='word_1_116' title='bbox 1372 1379 1631 1448; x_wconf 56' lang='lat' dir='ltr'>formicam</span> <span class='ocrx_word' id='word_1_117' title='bbox 1661 1381 1849 1471; x_wconf 51' lang='lat' dir='ltr'>⁸⁰¹⁴le</span> <span class='ocrx_word' id='word_1_118' title='bbox 1880 1377 1969 1479; x_wconf 66' lang='lat' dir='ltr'>[imo</span> <span class='ocrx_word' id='word_1_119' title='bbox 1992 1385 2123 1462; x_wconf 50' lang='lat' dir='ltr'><strong>recita·</strong></span> 
     </span>
     <span class='ocr_line' id='line_1_13' title="bbox 80 1443 1928 1576; baseline -0.001 -58"><span class='ocrx_word' id='word_1_120' title='bbox 80 1461 204 1518; x_wconf 71' lang='lat' dir='ltr'>morus.</span> <span class='ocrx_word' id='word_1_121' title='bbox 256 1443 304 1518; x_wconf 84' lang='grc' dir='ltr'><strong>Ει</strong></span> <span class='ocrx_word' id='word_1_122' title='bbox 322 1445 460 1518; x_wconf 85' lang='lat' dir='ltr'>Paulus·</span> <span class='ocrx_word' id='word_1_123' title='bbox 478 1448 578 1518; x_wconf 91' lang='lat' dir='ltr'>iubet</span> <span class='ocrx_word' id='word_1_124' title='bbox 597 1449 718 1535; x_wconf 85' lang='lat' dir='ltr'>sugere</span> <span class='ocrx_word' id='word_1_125' title='bbox 741 1447 914 1516; x_wconf 88' lang='lat' dir='ltr'>iuveniles</span> <span class='ocrx_word' id='word_1_126' title='bbox 935 1446 1076 1538; x_wconf 90' lang='lat' dir='ltr'>cupidi·</span> <span class='ocrx_word' id='word_1_127' title='bbox 1324 1457 1415 1576; x_wconf 64' lang='lat' dir='ltr'>mm]</span> <span class='ocrx_word' id='word_1_128' title='bbox 1443 1477 1491 1550; x_wconf 64' lang='lat' dir='ltr'>ab</span> <span class='ocrx_word' id='word_1_129' title='bbox 1516 1483 1709 1554; x_wconf 54' lang='lat' dir='ltr'>Eram</span> <span class='ocrx_word' id='word_1_130' title='bbox 1736 1481 1928 1557; x_wconf 50' lang='lat' dir='ltr'>mum·</span> 
     </span>
     <span class='ocr_line' id='line_1_14' title="bbox 79 1544 1074 1640; baseline -0.002 -20"><span class='ocrx_word' id='word_1_131' title='bbox 79 1563 182 1634; x_wconf 89' lang='lat' dir='ltr'>tates,</span> <span class='ocrx_word' id='word_1_132' title='bbox 216 1549 438 1639; x_wconf 83' lang='lat' dir='ltr'>significans,</span> <span class='ocrx_word' id='word_1_133' title='bbox 470 1563 512 1620; x_wconf 89' lang='lat' dir='ltr'>ot</span> <span class='ocrx_word' id='word_1_134' title='bbox 533 1549 630 1620; x_wconf 93' lang='lat' dir='ltr'>docti</span> <span class='ocrx_word' id='word_1_135' title='bbox 652 1544 816 1618; x_wconf 90' lang='lat' dir='ltr'>homines</span> <span class='ocrx_word' id='word_1_136' title='bbox 837 1549 1074 1640; x_wconf 87' lang='lat' dir='ltr'>interpretau-</span> 
     </span>
     <span class='ocr_line' id='line_1_15' title="bbox 79 1635 2120 1752; baseline 0.001 -30"><span class='ocrx_word' id='word_1_137' title='bbox 79 1666 157 1738; x_wconf 87' lang='lat' dir='ltr'>tur,</span> <span class='ocrx_word' id='word_1_138' title='bbox 183 1652 329 1722; x_wconf 90' lang='lat' dir='ltr'>delicias</span> <span class='ocrx_word' id='word_1_139' title='bbox 350 1651 428 1724; x_wconf 90' lang='lat' dir='ltr'>illas</span> <span class='ocrx_word' id='word_1_140' title='bbox 452 1652 491 1720; x_wconf 88' lang='lat' dir='ltr'>in</span> <span class='ocrx_word' id='word_1_141' title='bbox 514 1651 663 1736; x_wconf 89' lang='lat' dir='ltr'>vestitu,</span> <span class='ocrx_word' id='word_1_142' title='bbox 689 1663 751 1722; x_wconf 90' lang='lat' dir='ltr'>aut</span> <span class='ocrx_word' id='word_1_143' title='bbox 773 1651 813 1722; x_wconf 87' lang='lat' dir='ltr'>in</span> <span class='ocrx_word' id='word_1_144' title='bbox 836 1651 973 1744; x_wconf 88' lang='lat' dir='ltr'>reliqua</span> <span class='ocrx_word' id='word_1_145' title='bbox 997 1675 1075 1720; x_wconf 84' lang='lat' dir='ltr'>cor·</span> <span class='ocrx_word' id='word_1_146' title='bbox 1127 1635 1252 1722; x_wconf 90' lang='lat' dir='ltr'>Nemo</span> <span class='ocrx_word' id='word_1_147' title='bbox 1268 1649 1307 1716; x_wconf 90' lang='lat' dir='ltr'>in</span> <span class='ocrx_word' id='word_1_148' title='bbox 1325 1643 1393 1718; x_wconf 88' lang='lat' dir='ltr'>hoc</span> <span class='ocrx_word' id='word_1_149' title='bbox 1409 1661 1510 1720; x_wconf 90' lang='lat' dir='ltr'>coetu</span> <span class='ocrx_word' id='word_1_150' title='bbox 1525 1645 1614 1718; x_wconf 82' lang='lat' dir='ltr'>dixit</span> <span class='ocrx_word' id='word_1_151' title='bbox 1631 1671 1809 1742; x_wconf 89' lang='lat' dir='ltr'>unquam,</span> <span class='ocrx_word' id='word_1_152' title='bbox 1832 1665 2005 1744; x_wconf 90' lang='lat' dir='ltr'>quantum</span> <span class='ocrx_word' id='word_1_153' title='bbox 2021 1659 2120 1752; x_wconf 71' lang='lat' dir='ltr'>equi-</span> 
     </span>
     <span class='ocr_line' id='line_1_16' title="bbox 79 1749 2123 1850; baseline 0.002 -26"><span class='ocrx_word' id='word_1_154' title='bbox 79 1756 177 1846; x_wconf 92' lang='lat' dir='ltr'>poris</span> <span class='ocrx_word' id='word_1_155' title='bbox 194 1755 346 1825; x_wconf 88' lang='lat' dir='ltr'>actione.</span> <span class='ocrx_word' id='word_1_156' title='bbox 398 1751 498 1842; x_wconf 87' lang='lat' dir='ltr'><strong>Quid</strong></span> <span class='ocrx_word' id='word_1_157' title='bbox 520 1767 572 1824; x_wconf 91' lang='lat' dir='ltr'>est</span> <span class='ocrx_word' id='word_1_158' title='bbox 594 1766 733 1836; x_wconf 90' lang='lat' dir='ltr'>autem,</span> <span class='ocrx_word' id='word_1_159' title='bbox 759 1753 885 1822; x_wconf 87' lang='lat' dir='ltr'>sinon</span> <span class='ocrx_word' id='word_1_160' title='bbox 908 1753 1077 1826; x_wconf 87' lang='lat' dir='ltr'>estinsa-</span> <span class='ocrx_word' id='word_1_161' title='bbox 1128 1753 1208 1822; x_wconf 90' lang='lat' dir='ltr'>dem</span> <span class='ocrx_word' id='word_1_162' title='bbox 1239 1750 1396 1820; x_wconf 87' lang='lat' dir='ltr'>iudicare</span> <span class='ocrx_word' id='word_1_163' title='bbox 1425 1773 1589 1842; x_wconf 90' lang='lat' dir='ltr'>possum,</span> <span class='ocrx_word' id='word_1_164' title='bbox 1616 1749 1675 1820; x_wconf 87' lang='lat' dir='ltr'>cui</span> <span class='ocrx_word' id='word_1_165' title='bbox 1702 1751 1851 1844; x_wconf 83' lang='lat' dir='ltr'>perinde</span> <span class='ocrx_word' id='word_1_166' title='bbox 1867 1754 2123 1850; x_wconf 13' lang='lat' dir='ltr'>&#39;benevolentia</span> 
     </span>
     <span class='ocr_line' id='line_1_17' title="bbox 79 1847 2124 1956; baseline 0.004 -32"><span class='ocrx_word' id='word_1_167' title='bbox 79 1858 155 1940; x_wconf 84' lang='lat' dir='ltr'>nia,</span> <span class='ocrx_word' id='word_1_168' title='bbox 179 1879 297 1950; x_wconf 90' lang='lat' dir='ltr'>neque</span> <span class='ocrx_word' id='word_1_169' title='bbox 316 1857 495 1928; x_wconf 89' lang='lat' dir='ltr'>bonorum</span> <span class='ocrx_word' id='word_1_170' title='bbox 517 1857 678 1926; x_wconf 85' lang='lat' dir='ltr'>virorum</span> <span class='ocrx_word' id='word_1_171' title='bbox 695 1855 857 1940; x_wconf 86' lang='lat' dir='ltr'>iudiciis,</span> <span class='ocrx_word' id='word_1_172' title='bbox 881 1879 997 1949; x_wconf 87' lang='lat' dir='ltr'>neque</span> <span class='ocrx_word' id='word_1_173' title='bbox 1013 1879 1076 1946; x_wconf 88' lang='lat' dir='ltr'>pa·</span> <span class='ocrx_word' id='word_1_174' title='bbox 1128 1869 1261 1938; x_wconf 89' lang='lat' dir='ltr'>vestra,</span> <span class='ocrx_word' id='word_1_175' title='bbox 1293 1865 1399 1946; x_wconf 90' lang='lat' dir='ltr'>atque</span> <span class='ocrx_word' id='word_1_176' title='bbox 1432 1847 1523 1922; x_wconf 90' lang='lat' dir='ltr'>mihi</span> <span class='ocrx_word' id='word_1_177' title='bbox 1552 1874 1642 1942; x_wconf 91' lang='lat' dir='ltr'>opus</span> <span class='ocrx_word' id='word_1_178' title='bbox 1670 1867 1777 1938; x_wconf 86' lang='lat' dir='ltr'>esset,</span> <span class='ocrx_word' id='word_1_179' title='bbox 1807 1879 1880 1926; x_wconf 91' lang='lat' dir='ltr'>non</span> <span class='ocrx_word' id='word_1_180' title='bbox 1908 1860 2016 1930; x_wconf 89' lang='lat' dir='ltr'>modo</span> <span class='ocrx_word' id='word_1_181' title='bbox 2039 1863 2124 1956; x_wconf 89' lang='lat' dir='ltr'>quia</span> 
     </span>
     <span class='ocr_line' id='line_1_18' title="bbox 79 1951 2124 2051; baseline 0.002 -23"><span class='ocrx_word' id='word_1_182' title='bbox 79 1971 240 2042; x_wconf 87' lang='lat' dir='ltr'>rentum,</span> <span class='ocrx_word' id='word_1_183' title='bbox 263 1981 381 2051; x_wconf 88' lang='lat' dir='ltr'>neque</span> <span class='ocrx_word' id='word_1_184' title='bbox 400 1957 539 2048; x_wconf 88' lang='lat' dir='ltr'>legum,</span> <span class='ocrx_word' id='word_1_185' title='bbox 562 1981 678 2050; x_wconf 88' lang='lat' dir='ltr'>neque</span> <span class='ocrx_word' id='word_1_186' title='bbox 700 1981 878 2028; x_wconf 87' lang='lat' dir='ltr'>sacrarum</span> <span class='ocrx_word' id='word_1_187' title='bbox 893 1957 1075 2028; x_wconf 88' lang='lat' dir='ltr'>literarum</span> <span class='ocrx_word' id='word_1_188' title='bbox 1127 1951 1215 2026; x_wconf 89' lang='lat' dir='ltr'>haec</span> <span class='ocrx_word' id='word_1_189' title='bbox 1249 1969 1342 2028; x_wconf 88' lang='lat' dir='ltr'>aetas</span> <span class='ocrx_word' id='word_1_190' title='bbox 1375 1977 1453 2024; x_wconf 89' lang='lat' dir='ltr'>mea</span> <span class='ocrx_word' id='word_1_191' title='bbox 1480 1953 1652 2046; x_wconf 81' lang='lat' dir='ltr'>singulari</span> <span class='ocrx_word' id='word_1_192' title='bbox 1680 1955 1802 2026; x_wconf 86' lang='lat' dir='ltr'>favore</span> <span class='ocrx_word' id='word_1_193' title='bbox 1823 1959 2066 2039; x_wconf 85' lang='lat' dir='ltr'>confirmanda</span> <span class='ocrx_word' id='word_1_194' title='bbox 2089 1979 2124 2037; x_wconf 84' lang='lat' dir='ltr'>et</span> 
     </span>
     <span class='ocr_line' id='line_1_19' title="bbox 80 2056 2123 2152; baseline 0.003 -22"><span class='ocrx_word' id='word_1_195' title='bbox 80 2060 268 2132; x_wconf 73' lang='lat' dir='ltr'>autoritate</span> <span class='ocrx_word' id='word_1_196' title='bbox 294 2061 520 2151; x_wconf 79' lang='lat' dir='ltr'>permoveri?</span> <span class='ocrx_word' id='word_1_197' title='bbox 570 2058 694 2152; x_wconf 86' lang='lat' dir='ltr'>Neque</span> <span class='ocrx_word' id='word_1_198' title='bbox 721 2059 799 2130; x_wconf 85' lang='lat' dir='ltr'>leve</span> <span class='ocrx_word' id='word_1_199' title='bbox 827 2073 1008 2149; x_wconf 86' lang='lat' dir='ltr'>peccatum</span> <span class='ocrx_word' id='word_1_200' title='bbox 1030 2059 1077 2130; x_wconf 91' lang='lat' dir='ltr'>sit</span> <span class='ocrx_word' id='word_1_201' title='bbox 1127 2059 1328 2130; x_wconf 89' lang='lat' dir='ltr'>adiuvanda</span> <span class='ocrx_word' id='word_1_202' title='bbox 1359 2069 1427 2142; x_wconf 88' lang='lat' dir='ltr'>est,</span> <span class='ocrx_word' id='word_1_203' title='bbox 1462 2058 1524 2128; x_wconf 90' lang='lat' dir='ltr'>sed</span> <span class='ocrx_word' id='word_1_204' title='bbox 1552 2056 1659 2126; x_wconf 91' lang='lat' dir='ltr'>etiam</span> <span class='ocrx_word' id='word_1_205' title='bbox 1682 2058 1773 2151; x_wconf 81' lang='lat' dir='ltr'>quia¹</span> <span class='ocrx_word' id='word_1_206' title='bbox 1788 2075 2035 2151; x_wconf 76' lang='lat' dir='ltr'>argumentum</span> <span class='ocrx_word' id='word_1_207' title='bbox 2059 2070 2123 2138; x_wconf 89' lang='lat' dir='ltr'>ad-</span> 
     </span>
     <span class='ocr_line' id='line_1_20' title="bbox 79 2155 2124 2255; baseline 0.002 -21"><span class='ocrx_word' id='word_1_208' title='bbox 79 2175 236 2254; x_wconf 90' lang='lat' dir='ltr'>oportet‚</span> <span class='ocrx_word' id='word_1_209' title='bbox 277 2164 375 2254; x_wconf 91' lang='lat' dir='ltr'>quod</span> <span class='ocrx_word' id='word_1_210' title='bbox 404 2175 503 2234; x_wconf 87' lang='lat' dir='ltr'>tanto</span> <span class='ocrx_word' id='word_1_211' title='bbox 537 2183 712 2234; x_wconf 87' lang='lat' dir='ltr'>consensu</span> <span class='ocrx_word' id='word_1_212' title='bbox 742 2157 882 2236; x_wconf 87' lang='lat' dir='ltr'>honesti</span> <span class='ocrx_word' id='word_1_213' title='bbox 914 2155 1077 2233; x_wconf 89' lang='lat' dir='ltr'>homiues</span> <span class='ocrx_word' id='word_1_214' title='bbox 1126 2162 1220 2244; x_wconf 85' lang='lat' dir='ltr'>sero,</span> <span class='ocrx_word' id='word_1_215' title='bbox 1245 2161 1341 2252; x_wconf 88' lang='lat' dir='ltr'>quod</span> <span class='ocrx_word' id='word_1_216' title='bbox 1357 2159 1462 2230; x_wconf 91' lang='lat' dir='ltr'>etiam</span> <span class='ocrx_word' id='word_1_217' title='bbox 1479 2159 1509 2226; x_wconf 89' lang='lat' dir='ltr'>si</span> <span class='ocrx_word' id='word_1_218' title='bbox 1527 2157 1684 2230; x_wconf 88' lang='lat' dir='ltr'>novitate</span> <span class='ocrx_word' id='word_1_219' title='bbox 1699 2159 1836 2252; x_wconf 89' lang='lat' dir='ltr'>placere</span> <span class='ocrx_word' id='word_1_220' title='bbox 1851 2165 1978 2255; x_wconf 88' lang='lat' dir='ltr'>possit,</span> <span class='ocrx_word' id='word_1_221' title='bbox 2004 2179 2124 2240; x_wconf 90' lang='lat' dir='ltr'>tamen</span> 
     </span>
     <span class='ocr_line' id='line_1_21' title="bbox 79 2261 2122 2356; baseline 0.003 -21"><span class='ocrx_word' id='word_1_222' title='bbox 79 2265 237 2336; x_wconf 87' lang='lat' dir='ltr'>universi</span> <span class='ocrx_word' id='word_1_223' title='bbox 271 2265 460 2346; x_wconf 87' lang='lat' dir='ltr'>damnant,</span> <span class='ocrx_word' id='word_1_224' title='bbox 493 2265 554 2334; x_wconf 86' lang='lat' dir='ltr'>sed</span> <span class='ocrx_word' id='word_1_225' title='bbox 585 2263 710 2334; x_wconf 88' lang='lat' dir='ltr'>vident</span> <span class='ocrx_word' id='word_1_226' title='bbox 732 2262 787 2332; x_wconf 92' lang='lat' dir='ltr'>illi</span> <span class='ocrx_word' id='word_1_227' title='bbox 808 2275 977 2356; x_wconf 89' lang='lat' dir='ltr'>quantam</span> <span class='ocrx_word' id='word_1_228' title='bbox 999 2263 1076 2334; x_wconf 88' lang='lat' dir='ltr'>rui·</span> <span class='ocrx_word' id='word_1_229' title='bbox 1127 2263 1175 2334; x_wconf 87' lang='lat' dir='ltr'>ita</span> <span class='ocrx_word' id='word_1_230' title='bbox 1199 2275 1250 2332; x_wconf 88' lang='lat' dir='ltr'>est</span> <span class='ocrx_word' id='word_1_231' title='bbox 1275 2261 1384 2346; x_wconf 81' lang='lat' dir='ltr'>exile,</span> <span class='ocrx_word' id='word_1_232' title='bbox 1409 2275 1450 2332; x_wconf 90' lang='lat' dir='ltr'>ut</span> <span class='ocrx_word' id='word_1_233' title='bbox 1467 2261 1603 2330; x_wconf 88' lang='lat' dir='ltr'>nullam</span> <span class='ocrx_word' id='word_1_234' title='bbox 1622 2285 1836 2356; x_wconf 88' lang='lat' dir='ltr'>magnopere</span> <span class='ocrx_word' id='word_1_235' title='bbox 1850 2267 2122 2344; x_wconf 90' lang='lat' dir='ltr'>admirationem</span> 
     </span>
     <span class='ocr_line' id='line_1_22' title="bbox 80 2359 2123 2464; baseline 0.002 -28"><span class='ocrx_word' id='word_1_236' title='bbox 80 2391 161 2438; x_wconf 86' lang='lat' dir='ltr'>nam</span> <span class='ocrx_word' id='word_1_237' title='bbox 182 2360 329 2457; x_wconf 85' lang='lat' dir='ltr'>trahant</span> <span class='ocrx_word' id='word_1_238' title='bbox 343 2360 432 2436; x_wconf 88' lang='lat' dir='ltr'>haee</span> <span class='ocrx_word' id='word_1_239' title='bbox 448 2365 573 2450; x_wconf 85' lang='lat' dir='ltr'>initia,</span> <span class='ocrx_word' id='word_1_240' title='bbox 596 2389 679 2434; x_wconf 90' lang='lat' dir='ltr'>cum</span> <span class='ocrx_word' id='word_1_241' title='bbox 693 2365 732 2434; x_wconf 91' lang='lat' dir='ltr'>in</span> <span class='ocrx_word' id='word_1_242' title='bbox 747 2364 865 2456; x_wconf 85' lang='lat' dir='ltr'>parvis</span> <span class='ocrx_word' id='word_1_243' title='bbox 880 2367 987 2436; x_wconf 89' lang='lat' dir='ltr'>rebus</span> <span class='ocrx_word' id='word_1_244' title='bbox 1002 2366 1076 2436; x_wconf 81' lang='lat' dir='ltr'>dis—</span> <span class='ocrx_word' id='word_1_245' title='bbox 1127 2377 1316 2434; x_wconf 88' lang='lat' dir='ltr'>mereatur.</span> <span class='ocrx_word' id='word_1_246' title='bbox 1367 2359 1443 2432; x_wconf 84' lang='lat' dir='ltr'>Alii</span> <span class='ocrx_word' id='word_1_247' title='bbox 1466 2385 1521 2432; x_wconf 87' lang='lat' dir='ltr'>res</span> <span class='ocrx_word' id='word_1_248' title='bbox 1542 2378 1654 2454; x_wconf 87' lang='lat' dir='ltr'>gestas</span> <span class='ocrx_word' id='word_1_249' title='bbox 1670 2365 1947 2438; x_wconf 86' lang='lat' dir='ltr'>clarissimorum</span> <span class='ocrx_word' id='word_1_250' title='bbox 1965 2367 2123 2464; x_wconf 79' lang='lat' dir='ltr'>Impera-</span> 
     </span>
     <span class='ocr_line' id='line_1_23' title="bbox 79 2463 2122 2560; baseline 0.001 -20"><span class='ocrx_word' id='word_1_251' title='bbox 79 2491 215 2540; x_wconf 85' lang='lat' dir='ltr'>cessum</span> <span class='ocrx_word' id='word_1_252' title='bbox 239 2482 292 2540; x_wconf 83' lang='lat' dir='ltr'>est</span> <span class='ocrx_word' id='word_1_253' title='bbox 315 2491 335 2537; x_wconf 90' lang='lat' dir='ltr'>a</span> <span class='ocrx_word' id='word_1_254' title='bbox 358 2467 534 2538; x_wconf 90' lang='lat' dir='ltr'>maiorum</span> <span class='ocrx_word' id='word_1_255' title='bbox 561 2467 753 2552; x_wconf 86' lang='lat' dir='ltr'>institutis,</span> <span class='ocrx_word' id='word_1_256' title='bbox 787 2467 1076 2560; x_wconf 84' lang='lat' dir='ltr'>perspiciunlque</span> <span class='ocrx_word' id='word_1_257' title='bbox 1127 2481 1245 2538; x_wconf 87' lang='lat' dir='ltr'>torum</span> <span class='ocrx_word' id='word_1_258' title='bbox 1274 2465 1486 2548; x_wconf 85' lang='lat' dir='ltr'>recitarunt,</span> <span class='ocrx_word' id='word_1_259' title='bbox 1520 2478 1554 2534; x_wconf 92' lang='lat' dir='ltr'>et</span> <span class='ocrx_word' id='word_1_260' title='bbox 1578 2478 1653 2534; x_wconf 90' lang='lat' dir='ltr'>tum</span> <span class='ocrx_word' id='word_1_261' title='bbox 1678 2463 1826 2538; x_wconf 79' lang='lat' dir='ltr'>honeste</span> <span class='ocrx_word' id='word_1_262' title='bbox 1849 2470 1939 2541; x_wconf 84' lang='lat' dir='ltr'>sacta</span> <span class='ocrx_word' id='word_1_263' title='bbox 1963 2495 2122 2546; x_wconf 87' lang='lat' dir='ltr'>summo-</span> 
     </span>
     <span class='ocr_line' id='line_1_24' title="bbox 79 2562 2123 2670; baseline 0.003 -30"><span class='ocrx_word' id='word_1_264' title='bbox 79 2595 167 2666; x_wconf 89' lang='lat' dir='ltr'>quae</span> <span class='ocrx_word' id='word_1_265' title='bbox 189 2569 402 2661; x_wconf 87' lang='lat' dir='ltr'>disciplinae</span> <span class='ocrx_word' id='word_1_266' title='bbox 423 2569 646 2661; x_wconf 81' lang='lat' dir='ltr'>perturbatio</span> <span class='ocrx_word' id='word_1_267' title='bbox 664 2584 846 2662; x_wconf 81' lang='lat' dir='ltr'>sequatur.</span> <span class='ocrx_word' id='word_1_268' title='bbox 898 2567 995 2642; x_wconf 88' lang='lat' dir='ltr'>Haec</span> <span class='ocrx_word' id='word_1_269' title='bbox 1018 2593 1077 2640; x_wconf 88' lang='lat' dir='ltr'>ar·</span> <span class='ocrx_word' id='word_1_270' title='bbox 1127 2593 1207 2640; x_wconf 83' lang='lat' dir='ltr'>rum</span> <span class='ocrx_word' id='word_1_271' title='bbox 1225 2562 1431 2652; x_wconf 89' lang='lat' dir='ltr'>hominnm,</span> <span class='ocrx_word' id='word_1_272' title='bbox 1457 2566 1608 2638; x_wconf 89' lang='lat' dir='ltr'>dicendo</span> <span class='ocrx_word' id='word_1_273' title='bbox 1626 2583 1861 2658; x_wconf 89' lang='lat' dir='ltr'>ornaverunt,</span> <span class='ocrx_word' id='word_1_274' title='bbox 1888 2586 1963 2644; x_wconf 92' lang='lat' dir='ltr'>tum</span> <span class='ocrx_word' id='word_1_275' title='bbox 1979 2590 2040 2648; x_wconf 91' lang='lat' dir='ltr'>aut</span> <span class='ocrx_word' id='word_1_276' title='bbox 2055 2603 2123 2670; x_wconf 86' lang='lat' dir='ltr'>po-</span> 
     </span>
     <span class='ocr_line' id='line_1_25' title="bbox 79 2667 2124 2768; baseline 0.003 -26"><span class='ocrx_word' id='word_1_277' title='bbox 79 2686 245 2764; x_wconf 85' lang='lat' dir='ltr'>gurnenta</span> <span class='ocrx_word' id='word_1_278' title='bbox 270 2695 331 2744; x_wconf 88' lang='lat' dir='ltr'>vos</span> <span class='ocrx_word' id='word_1_279' title='bbox 350 2684 615 2755; x_wconf 84' lang='lat' dir='ltr'>commoveant,</span> <span class='ocrx_word' id='word_1_280' title='bbox 646 2671 773 2762; x_wconf 91' lang='lat' dir='ltr'>optimi</span> <span class='ocrx_word' id='word_1_281' title='bbox 793 2667 1076 2752; x_wconf 85' lang='lat' dir='ltr'>Commilitonet,</span> <span class='ocrx_word' id='word_1_282' title='bbox 1127 2671 1313 2766; x_wconf 87' lang='lat' dir='ltr'>pulcrum,</span> <span class='ocrx_word' id='word_1_283' title='bbox 1347 2681 1409 2740; x_wconf 86' lang='lat' dir='ltr'>aut</span> <span class='ocrx_word' id='word_1_284' title='bbox 1436 2683 1671 2764; x_wconf 87' lang='lat' dir='ltr'>tyrannorum</span> <span class='ocrx_word' id='word_1_285' title='bbox 1696 2672 1850 2764; x_wconf 89' lang='lat' dir='ltr'>turpiter</span> <span class='ocrx_word' id='word_1_286' title='bbox 1874 2675 1964 2746; x_wconf 86' lang='lat' dir='ltr'>lacta</span> <span class='ocrx_word' id='word_1_287' title='bbox 1987 2680 2124 2768; x_wconf 88' lang='lat' dir='ltr'>gravis-</span> 
     </span>
     <span class='ocr_line' id='line_1_26' title="bbox 79 2767 2122 2866; baseline 0.003 -20"><span class='ocrx_word' id='word_1_288' title='bbox 79 2789 118 2846; x_wconf 95' lang='lat' dir='ltr'>ut</span> <span class='ocrx_word' id='word_1_289' title='bbox 146 2775 298 2864; x_wconf 83' lang='lat' dir='ltr'>longum</span> <span class='ocrx_word' id='word_1_290' title='bbox 326 2775 445 2844; x_wconf 90' lang='lat' dir='ltr'>valere</span> <span class='ocrx_word' id='word_1_291' title='bbox 465 2773 591 2846; x_wconf 89' lang='lat' dir='ltr'>dicatis</span> <span class='ocrx_word' id='word_1_292' title='bbox 612 2773 685 2844; x_wconf 87' lang='lat' dir='ltr'>illis</span> <span class='ocrx_word' id='word_1_293' title='bbox 707 2773 746 2842; x_wconf 90' lang='lat' dir='ltr'>in</span> <span class='ocrx_word' id='word_1_294' title='bbox 769 2774 900 2844; x_wconf 88' lang='lat' dir='ltr'>vestitu</span> <span class='ocrx_word' id='word_1_295' title='bbox 922 2774 1077 2865; x_wconf 88' lang='lat' dir='ltr'>ineptiis,</span> <span class='ocrx_word' id='word_1_296' title='bbox 1127 2773 1213 2846; x_wconf 89' lang='lat' dir='ltr'>sime</span> <span class='ocrx_word' id='word_1_297' title='bbox 1242 2772 1545 2864; x_wconf 87' lang='lat' dir='ltr'>vituperaverunt.</span> <span class='ocrx_word' id='word_1_298' title='bbox 1604 2767 1682 2862; x_wconf 87' lang='lat' dir='ltr'>Ego</span> <span class='ocrx_word' id='word_1_299' title='bbox 1707 2773 1877 2866; x_wconf 88' lang='lat' dir='ltr'>quoniam</span> <span class='ocrx_word' id='word_1_300' title='bbox 1902 2779 2022 2850; x_wconf 91' lang='lat' dir='ltr'>deerat</span> <span class='ocrx_word' id='word_1_301' title='bbox 2048 2783 2122 2854; x_wconf 89' lang='lat' dir='ltr'>elo·</span> 
     </span>
     <span class='ocr_line' id='line_1_27' title="bbox 80 2873 2124 2971; baseline 0.002 -23"><span class='ocrx_word' id='word_1_302' title='bbox 80 2899 289 2970; x_wconf 86' lang='lat' dir='ltr'>semperque</span> <span class='ocrx_word' id='word_1_303' title='bbox 305 2877 427 2950; x_wconf 89' lang='lat' dir='ltr'>veniat</span> <span class='ocrx_word' id='word_1_304' title='bbox 441 2875 480 2944; x_wconf 92' lang='lat' dir='ltr'>in</span> <span class='ocrx_word' id='word_1_305' title='bbox 495 2887 661 2961; x_wconf 87' lang='lat' dir='ltr'>mentem,</span> <span class='ocrx_word' id='word_1_306' title='bbox 686 2875 766 2946; x_wconf 88' lang='lat' dir='ltr'>illas</span> <span class='ocrx_word' id='word_1_307' title='bbox 780 2899 854 2946; x_wconf 90' lang='lat' dir='ltr'>non</span> <span class='ocrx_word' id='word_1_308' title='bbox 869 2876 989 2947; x_wconf 88' lang='lat' dir='ltr'>minus</span> <span class='ocrx_word' id='word_1_309' title='bbox 1003 2898 1076 2946; x_wconf 87' lang='lat' dir='ltr'>esse</span> <span class='ocrx_word' id='word_1_310' title='bbox 1128 2873 1271 2971; x_wconf 88' lang='lat' dir='ltr'>quentia</span> <span class='ocrx_word' id='word_1_311' title='bbox 1294 2897 1360 2968; x_wconf 89' lang='lat' dir='ltr'>par</span> <span class='ocrx_word' id='word_1_312' title='bbox 1379 2874 1486 2944; x_wconf 91' lang='lat' dir='ltr'>tantis</span> <span class='ocrx_word' id='word_1_313' title='bbox 1508 2874 1640 2960; x_wconf 87' lang='lat' dir='ltr'>causis,</span> <span class='ocrx_word' id='word_1_314' title='bbox 1671 2873 1878 2950; x_wconf 87' lang='lat' dir='ltr'>infirmitate</span> <span class='ocrx_word' id='word_1_315' title='bbox 1901 2881 2031 2952; x_wconf 90' lang='lat' dir='ltr'>virium</span> <span class='ocrx_word' id='word_1_316' title='bbox 2054 2877 2124 2954; x_wconf 88' lang='lat' dir='ltr'>hu-</span> 
     </span>
     <span class='ocr_line' id='line_1_28' title="bbox 79 2978 2121 3074; baseline 0 -21"><span class='ocrx_word' id='word_1_317' title='bbox 79 2995 200 3070; x_wconf 89' lang='lat' dir='ltr'>tnrpes</span> <span class='ocrx_word' id='word_1_318' title='bbox 215 2991 319 3050; x_wconf 88' lang='lat' dir='ltr'>notas</span> <span class='ocrx_word' id='word_1_319' title='bbox 334 3004 439 3072; x_wconf 71' lang='lat' dir='ltr'>msam</span> <span class='ocrx_word' id='word_1_320' title='bbox 455 2978 635 3066; x_wconf 81' lang='lat' dir='ltr'>stigmata,</span> <span class='ocrx_word' id='word_1_321' title='bbox 661 3001 752 3071; x_wconf 90' lang='lat' dir='ltr'>quae</span> <span class='ocrx_word' id='word_1_322' title='bbox 766 2978 943 3050; x_wconf 89' lang='lat' dir='ltr'>damnatis</span> <span class='ocrx_word' id='word_1_323' title='bbox 957 3002 1076 3050; x_wconf 91' lang='lat' dir='ltr'>rerum</span> <span class='ocrx_word' id='word_1_324' title='bbox 1127 2978 1248 3048; x_wconf 90' lang='lat' dir='ltr'>milius</span> <span class='ocrx_word' id='word_1_325' title='bbox 1271 2989 1517 3066; x_wconf 85' lang='lat' dir='ltr'>argumentum</span> <span class='ocrx_word' id='word_1_326' title='bbox 1542 3001 1709 3069; x_wconf 88' lang='lat' dir='ltr'>quaerere</span> <span class='ocrx_word' id='word_1_327' title='bbox 1731 2981 1871 3052; x_wconf 84' lang='lat' dir='ltr'>coactus</span> <span class='ocrx_word' id='word_1_328' title='bbox 1895 3005 1985 3056; x_wconf 87' lang='lat' dir='ltr'>sum.</span> <span class='ocrx_word' id='word_1_329' title='bbox 2038 2983 2121 3074; x_wconf 87' lang='lat' dir='ltr'>Qua</span> 
     </span>
     <span class='ocr_line' id='line_1_29' title="bbox 79 3078 2122 3179; baseline -0.001 -25"><span class='ocrx_word' id='word_1_330' title='bbox 79 3082 286 3173; x_wconf 87' lang='lat' dir='ltr'>capitalium</span> <span class='ocrx_word' id='word_1_331' title='bbox 312 3082 525 3164; x_wconf 89' lang='lat' dir='ltr'>inuruntur,</span> <span class='ocrx_word' id='word_1_332' title='bbox 566 3079 675 3152; x_wconf 85' lang='lat' dir='ltr'>vestis¹</span> <span class='ocrx_word' id='word_1_333' title='bbox 699 3080 795 3148; x_wconf 91' lang='lat' dir='ltr'>enim</span> <span class='ocrx_word' id='word_1_334' title='bbox 830 3081 947 3152; x_wconf 88' lang='lat' dir='ltr'>virum</span> <span class='ocrx_word' id='word_1_335' title='bbox 979 3081 1076 3150; x_wconf 88' lang='lat' dir='ltr'>facit:</span> <span class='ocrx_word' id='word_1_336' title='bbox 1127 3083 1171 3150; x_wconf 90' lang='lat' dir='ltr'>de</span> <span class='ocrx_word' id='word_1_337' title='bbox 1194 3104 1232 3150; x_wconf 89' lang='lat' dir='ltr'>re</span> <span class='ocrx_word' id='word_1_338' title='bbox 1255 3081 1341 3148; x_wconf 86' lang='lat' dir='ltr'>dum</span> <span class='ocrx_word' id='word_1_339' title='bbox 1364 3078 1502 3170; x_wconf 88' lang='lat' dir='ltr'>aliquot</span> <span class='ocrx_word' id='word_1_340' title='bbox 1524 3080 1599 3148; x_wconf 88' lang='lat' dir='ltr'>dies</span> <span class='ocrx_word' id='word_1_341' title='bbox 1621 3079 1798 3160; x_wconf 90' lang='lat' dir='ltr'>delibero,</span> <span class='ocrx_word' id='word_1_342' title='bbox 1825 3082 1983 3177; x_wconf 86' lang='lat' dir='ltr'>dumque</span> <span class='ocrx_word' id='word_1_343' title='bbox 1997 3104 2122 3179; x_wconf 78' lang='lat' dir='ltr'>reputo</span> 
     </span>
     <span class='ocr_line' id='line_1_30' title="bbox 79 3180 2123 3279; baseline 0.001 -25"><span class='ocrx_word' id='word_1_344' title='bbox 79 3207 189 3279; x_wconf 85' lang='lat' dir='ltr'>quare</span> <span class='ocrx_word' id='word_1_345' title='bbox 213 3183 243 3254; x_wconf 89' lang='lat' dir='ltr'>si</span> <span class='ocrx_word' id='word_1_346' title='bbox 268 3183 315 3254; x_wconf 87' lang='lat' dir='ltr'>sit</span> <span class='ocrx_word' id='word_1_347' title='bbox 337 3185 525 3265; x_wconf 82' lang='lat' dir='ltr'>indecora,</span> <span class='ocrx_word' id='word_1_348' title='bbox 557 3194 664 3252; x_wconf 89' lang='lat' dir='ltr'>nocet</span> <span class='ocrx_word' id='word_1_349' title='bbox 687 3181 967 3263; x_wconf 82' lang='lat' dir='ltr'>existimatione,</span> <span class='ocrx_word' id='word_1_350' title='bbox 1002 3204 1076 3254; x_wconf 89' lang='lat' dir='ltr'>non</span> <span class='ocrx_word' id='word_1_351' title='bbox 1127 3207 1213 3276; x_wconf 88' lang='lat' dir='ltr'>quas</span> <span class='ocrx_word' id='word_1_352' title='bbox 1236 3204 1292 3250; x_wconf 90' lang='lat' dir='ltr'>res</span> <span class='ocrx_word' id='word_1_353' title='bbox 1316 3180 1458 3270; x_wconf 82' lang='lat' dir='ltr'>exiguas</span> <span class='ocrx_word' id='word_1_354' title='bbox 1481 3181 1706 3251; x_wconf 86' lang='lat' dir='ltr'>laudaverint</span> <span class='ocrx_word' id='word_1_355' title='bbox 1721 3196 1858 3252; x_wconf 83' lang='lat' dir='ltr'>veteres</span> <span class='ocrx_word' id='word_1_356' title='bbox 1869 3187 2078 3279; x_wconf 87' lang='lat' dir='ltr'>scriptores,</span> <span class='ocrx_word' id='word_1_357' title='bbox 2103 3216 2123 3260; x_wconf 88' lang='lat' dir='ltr'>a</span> 
     </span>
     <span class='ocr_line' id='line_1_31' title="bbox 80 3281 2217 3382; baseline 0.001 -24"><span class='ocrx_word' id='word_1_358' title='bbox 80 3288 181 3358; x_wconf 87' lang='lat' dir='ltr'>aliter</span> <span class='ocrx_word' id='word_1_359' title='bbox 217 3298 325 3378; x_wconf 89' lang='lat' dir='ltr'>atque</span> <span class='ocrx_word' id='word_1_360' title='bbox 357 3287 458 3369; x_wconf 88' lang='lat' dir='ltr'>illae,</span> <span class='ocrx_word' id='word_1_361' title='bbox 500 3297 539 3354; x_wconf 91' lang='lat' dir='ltr'>ut</span> <span class='ocrx_word' id='word_1_362' title='bbox 574 3297 720 3368; x_wconf 87' lang='lat' dir='ltr'>vocant,</span> <span class='ocrx_word' id='word_1_363' title='bbox 755 3281 930 3354; x_wconf 86' lang='lat' dir='ltr'>Thraciae</span> <span class='ocrx_word' id='word_1_364' title='bbox 960 3298 1076 3356; x_wconf 89' lang='lat' dir='ltr'>notae.</span> <span class='ocrx_word' id='word_1_365' title='bbox 1126 3283 1287 3354; x_wconf 89' lang='lat' dir='ltr'>Luciano</span> <span class='ocrx_word' id='word_1_366' title='bbox 1318 3283 1422 3352; x_wconf 89' lang='lat' dir='ltr'>video</span> <span class='ocrx_word' id='word_1_367' title='bbox 1445 3306 1620 3368; x_wconf 87' lang='lat' dir='ltr'>muscam,</span> <span class='ocrx_word' id='word_1_368' title='bbox 1655 3281 1850 3374; x_wconf 83' lang='lat' dir='ltr'>aVirgilio</span> <span class='ocrx_word' id='word_1_369' title='bbox 1873 3312 1955 3382; x_wconf 88' lang='lat' dir='ltr'>apes</span> <span class='ocrx_word' id='word_1_370' title='bbox 1976 3291 2125 3362; x_wconf 83' lang='lat' dir='ltr'>mirifice</span> <span class='ocrx_word' id='word_1_371' title='bbox 2210 3313 2217 3320; x_wconf 88' lang='lat'><em>·</em></span> 
     </span>
     <span class='ocr_line' id='line_1_32' title="bbox 79 3376 2124 3486; baseline 0.002 -28"><span class='ocrx_word' id='word_1_372' title='bbox 79 3387 191 3458; x_wconf 86' lang='lat' dir='ltr'>Porro</span> <span class='ocrx_word' id='word_1_373' title='bbox 209 3387 342 3464; x_wconf 86' lang='lat' dir='ltr'>talibus</span> <span class='ocrx_word' id='word_1_374' title='bbox 358 3387 530 3476; x_wconf 84' lang='lat' dir='ltr'>stigmatis</span> <span class='ocrx_word' id='word_1_375' title='bbox 546 3376 735 3468; x_wconf 79' lang='lat' dir='ltr'>delectari,</span> <span class='ocrx_word' id='word_1_376' title='bbox 760 3409 800 3456; x_wconf 91' lang='lat' dir='ltr'>ea</span> <span class='ocrx_word' id='word_1_377' title='bbox 815 3410 899 3456; x_wconf 90' lang='lat' dir='ltr'>vero</span> <span class='ocrx_word' id='word_1_378' title='bbox 915 3386 1076 3456; x_wconf 88' lang='lat' dir='ltr'>inaudita</span> <span class='ocrx_word' id='word_1_379' title='bbox 1127 3401 1269 3458; x_wconf 90' lang='lat' dir='ltr'>ornatas</span> <span class='ocrx_word' id='word_1_380' title='bbox 1285 3408 1369 3456; x_wconf 88' lang='lat' dir='ltr'>esse.</span> <span class='ocrx_word' id='word_1_381' title='bbox 1420 3380 1513 3454; x_wconf 91' lang='lat' dir='ltr'>Cum</span> <span class='ocrx_word' id='word_1_382' title='bbox 1528 3385 1637 3474; x_wconf 88' lang='lat' dir='ltr'>igitur</span> <span class='ocrx_word' id='word_1_383' title='bbox 1652 3380 1742 3454; x_wconf 85' lang='lat' dir='ltr'>mihi</span> <span class='ocrx_word' id='word_1_384' title='bbox 1761 3381 1949 3460; x_wconf 89' lang='lat' dir='ltr'>honestum</span> <span class='ocrx_word' id='word_1_385' title='bbox 1967 3416 2041 3462; x_wconf 88' lang='lat' dir='ltr'>esse</span> <span class='ocrx_word' id='word_1_386' title='bbox 2057 3419 2124 3486; x_wconf 92' lang='lat' dir='ltr'>pu-</span> 
     </span>
     <span class='ocr_line' id='line_1_33' title="bbox 80 3483 2124 3586; baseline 0.002 -26"><span class='ocrx_word' id='word_1_387' title='bbox 80 3490 235 3561; x_wconf 83' lang='lat' dir='ltr'>amentia</span> <span class='ocrx_word' id='word_1_388' title='bbox 260 3503 321 3560; x_wconf 88' lang='lat' dir='ltr'>est.</span> <span class='ocrx_word' id='word_1_389' title='bbox 371 3485 431 3560; x_wconf 89' lang='lat' dir='ltr'>Ad</span> <span class='ocrx_word' id='word_1_390' title='bbox 452 3485 539 3558; x_wconf 84' lang='lat' dir='ltr'>haec</span> <span class='ocrx_word' id='word_1_391' title='bbox 560 3490 647 3558; x_wconf 92' lang='lat' dir='ltr'>dum</span> <span class='ocrx_word' id='word_1_392' title='bbox 667 3483 724 3554; x_wconf 90' lang='lat' dir='ltr'>his</span> <span class='ocrx_word' id='word_1_393' title='bbox 738 3487 1012 3576; x_wconf 86' lang='lat' dir='ltr'>cupiditatibus,</span> <span class='ocrx_word' id='word_1_394' title='bbox 1037 3503 1078 3558; x_wconf 87' lang='grc' dir='ltr'>ιιι</span> <span class='ocrx_word' id='word_1_395' title='bbox 1126 3502 1256 3572; x_wconf 89' lang='lat' dir='ltr'>taram,</span> <span class='ocrx_word' id='word_1_396' title='bbox 1288 3503 1447 3558; x_wconf 88' lang='lat' dir='ltr'>veterum</span> <span class='ocrx_word' id='word_1_397' title='bbox 1470 3487 1628 3578; x_wconf 80' lang='lat' dir='ltr'>exempla</span> <span class='ocrx_word' id='word_1_398' title='bbox 1651 3487 1769 3580; x_wconf 90' lang='lat' dir='ltr'>sequi,</span> <span class='ocrx_word' id='word_1_399' title='bbox 1801 3489 1966 3562; x_wconf 83' lang='lat' dir='ltr'>formicas</span> <span class='ocrx_word' id='word_1_400' title='bbox 1987 3497 2124 3586; x_wconf 87' lang='lat' dir='ltr'>sumpsi</span> 
     </span>
     <span class='ocr_line' id='line_1_34' title="bbox 81 3587 2123 3684; baseline 0.005 -27"><span class='ocrx_word' id='word_1_401' title='bbox 81 3595 268 3672; x_wconf 82' lang='lat' dir='ltr'>videntur,</span> <span class='ocrx_word' id='word_1_402' title='bbox 300 3591 498 3668; x_wconf 74' lang='lat' dir='ltr'>leviorih&#39;ue</span> <span class='ocrx_word' id='word_1_403' title='bbox 520 3589 673 3663; x_wconf 86' lang='lat' dir='ltr'>nimium</span> <span class='ocrx_word' id='word_1_404' title='bbox 698 3589 908 3678; x_wconf 90' lang='lat' dir='ltr'>indulgetis,</span> <span class='ocrx_word' id='word_1_405' title='bbox 943 3590 1076 3658; x_wconf 90' lang='lat' dir='ltr'>interea</span> <span class='ocrx_word' id='word_1_406' title='bbox 1127 3591 1335 3660; x_wconf 87' lang='lat' dir='ltr'>laudandas.</span> <span class='ocrx_word' id='word_1_407' title='bbox 1385 3587 1508 3680; x_wconf 88' lang='lat' dir='ltr'>Neque</span> <span class='ocrx_word' id='word_1_408' title='bbox 1539 3589 1681 3658; x_wconf 86' lang='lat' dir='ltr'>nullum</span> <span class='ocrx_word' id='word_1_409' title='bbox 1707 3614 1834 3682; x_wconf 90' lang='lat' dir='ltr'>operae</span> <span class='ocrx_word' id='word_1_410' title='bbox 1868 3595 2026 3684; x_wconf 89' lang='lat' dir='ltr'>precium</span> <span class='ocrx_word' id='word_1_411' title='bbox 2050 3620 2123 3668; x_wconf 90' lang='lat' dir='ltr'>esse</span> 
     </span>
     <span class='ocr_line' id='line_1_35' title="bbox 81 3686 2125 3782; baseline 0 -18"><span class='ocrx_word' id='word_1_412' title='bbox 81 3695 191 3764; x_wconf 90' lang='lat' dir='ltr'>multa</span> <span class='ocrx_word' id='word_1_413' title='bbox 206 3694 277 3764; x_wconf 87' lang='lat' dir='ltr'>alia</span> <span class='ocrx_word' id='word_1_414' title='bbox 293 3693 377 3766; x_wconf 82' lang='lat' dir='ltr'>vitia</span> <span class='ocrx_word' id='word_1_415' title='bbox 394 3693 487 3762; x_wconf 85' lang='lat' dir='ltr'>vires</span> <span class='ocrx_word' id='word_1_416' title='bbox 498 3691 688 3782; x_wconf 86' lang='lat' dir='ltr'>accipiunt,</span> <span class='ocrx_word' id='word_1_417' title='bbox 711 3691 829 3779; x_wconf 88' lang='lat' dir='ltr'>legum</span> <span class='ocrx_word' id='word_1_418' title='bbox 841 3703 1078 3782; x_wconf 87' lang='lat' dir='ltr'>contemptus,</span> <span class='ocrx_word' id='word_1_419' title='bbox 1127 3691 1246 3762; x_wconf 90' lang='lat' dir='ltr'>iudico</span> <span class='ocrx_word' id='word_1_420' title='bbox 1266 3691 1305 3760; x_wconf 89' lang='lat' dir='ltr'>in</span> <span class='ocrx_word' id='word_1_421' title='bbox 1324 3703 1422 3760; x_wconf 91' lang='lat' dir='ltr'>tanta</span> <span class='ocrx_word' id='word_1_422' title='bbox 1439 3703 1585 3760; x_wconf 83' lang='lat' dir='ltr'>naturae</span> <span class='ocrx_word' id='word_1_423' title='bbox 1602 3690 1769 3762; x_wconf 88' lang='lat' dir='ltr'>varietate</span> <span class='ocrx_word' id='word_1_424' title='bbox 1786 3686 1871 3762; x_wconf 88' lang='lat' dir='ltr'>haec</span> <span class='ocrx_word' id='word_1_425' title='bbox 1887 3695 2026 3768; x_wconf 86' lang='lat' dir='ltr'>minuta</span> <span class='ocrx_word' id='word_1_426' title='bbox 2042 3699 2125 3768; x_wconf 90' lang='lat' dir='ltr'>ani-</span> 
     </span>
     <span class='ocr_line' id='line_1_36' title="bbox 79 3787 2212 3885; baseline 0.002 -17"><span class='ocrx_word' id='word_1_427' title='bbox 79 3796 246 3880; x_wconf 87' lang='lat' dir='ltr'>andacia‚</span> <span class='ocrx_word' id='word_1_428' title='bbox 272 3797 518 3885; x_wconf 85' lang='lat' dir='ltr'>adiunguntur</span> <span class='ocrx_word' id='word_1_429' title='bbox 539 3805 703 3884; x_wconf 90' lang='lat' dir='ltr'>corrupta</span> <span class='ocrx_word' id='word_1_430' title='bbox 723 3793 907 3878; x_wconf 87' lang='lat' dir='ltr'>sodalitia,</span> <span class='ocrx_word' id='word_1_431' title='bbox 928 3787 1077 3864; x_wconf 87' lang='lat' dir='ltr'>honesta</span> <span class='ocrx_word' id='word_1_432' title='bbox 1128 3793 1259 3864; x_wconf 89' lang='lat' dir='ltr'>mantia</span> <span class='ocrx_word' id='word_1_433' title='bbox 1285 3791 1528 3884; x_wconf 86' lang='lat' dir='ltr'>contemplari.</span> <span class='ocrx_word' id='word_1_434' title='bbox 1580 3787 1725 3862; x_wconf 83' lang='lat' dir='ltr'>Etenim</span> <span class='ocrx_word' id='word_1_435' title='bbox 1748 3817 1822 3864; x_wconf 91' lang='lat' dir='ltr'>non</span> <span class='ocrx_word' id='word_1_436' title='bbox 1846 3799 1952 3868; x_wconf 91' lang='lat' dir='ltr'>modo</span> <span class='ocrx_word' id='word_1_437' title='bbox 1975 3794 2124 3876; x_wconf 84' lang='lat' dir='ltr'>Ethnici</span> <span class='ocrx_word' id='word_1_438' title='bbox 2197 3867 2212 3884; x_wconf 66' lang='lat'>„</span> 
     </span>
     <span class='ocr_line' id='line_1_37' title="bbox 77 3889 2123 3992; baseline 0.001 -24"><span class='ocrx_word' id='word_1_439' title='bbox 77 3899 193 3971; x_wconf 80' lang='lat' dir='ltr'>studia</span> <span class='ocrx_word' id='word_1_440' title='bbox 205 3898 329 3969; x_wconf 87' lang='lat' dir='ltr'>omnia</span> <span class='ocrx_word' id='word_1_441' title='bbox 341 3899 567 3978; x_wconf 88' lang='lat' dir='ltr'>deseruntur,</span> <span class='ocrx_word' id='word_1_442' title='bbox 589 3895 744 3968; x_wconf 86' lang='lat' dir='ltr'>succedit</span> <span class='ocrx_word' id='word_1_443' title='bbox 756 3895 884 3980; x_wconf 89' lang='lat' dir='ltr'>ocium,</span> <span class='ocrx_word' id='word_1_444' title='bbox 907 3895 943 3966; x_wconf 92' lang='lat' dir='ltr'>id</span> <span class='ocrx_word' id='word_1_445' title='bbox 957 3898 1000 3966; x_wconf 88' lang='lat' dir='ltr'>ad</span> <span class='ocrx_word' id='word_1_446' title='bbox 1014 3921 1078 3966; x_wconf 84' lang='lat' dir='ltr'>vo·</span> <span class='ocrx_word' id='word_1_447' title='bbox 1127 3897 1315 3988; x_wconf 89' lang='lat' dir='ltr'>scriptores</span> <span class='ocrx_word' id='word_1_448' title='bbox 1336 3895 1480 3984; x_wconf 88' lang='lat' dir='ltr'>dignam</span> <span class='ocrx_word' id='word_1_449' title='bbox 1501 3889 1595 3970; x_wconf 88' lang='lat' dir='ltr'>hanc</span> <span class='ocrx_word' id='word_1_450' title='bbox 1617 3889 1799 3986; x_wconf 75' lang='lat' dir='ltr'>materiam</span> <span class='ocrx_word' id='word_1_451' title='bbox 1817 3897 1940 3992; x_wconf 88' lang='lat' dir='ltr'>inqua</span> <span class='ocrx_word' id='word_1_452' title='bbox 1958 3901 2123 3972; x_wconf 86' lang='lat' dir='ltr'>elabora·</span> 
     </span>
     <span class='ocr_line' id='line_1_38' title="bbox 79 3992 2123 4093; baseline 0.002 -23"><span class='ocrx_word' id='word_1_453' title='bbox 79 4003 232 4093; x_wconf 86' lang='lat' dir='ltr'>luptates</span> <span class='ocrx_word' id='word_1_454' title='bbox 246 4001 387 4072; x_wconf 89' lang='lat' dir='ltr'>invitat.</span> <span class='ocrx_word' id='word_1_455' title='bbox 413 3994 533 4091; x_wconf 81' lang='lat' dir='ltr'>Atque</span> <span class='ocrx_word' id='word_1_456' title='bbox 544 3992 670 4066; x_wconf 87' lang='lat' dir='ltr'>harum</span> <span class='ocrx_word' id='word_1_457' title='bbox 687 4021 807 4068; x_wconf 89' lang='lat' dir='ltr'>rerum</span> <span class='ocrx_word' id='word_1_458' title='bbox 826 3997 1077 4091; x_wconf 82' lang='lat' dir='ltr'>quisitexitus,</span> <span class='ocrx_word' id='word_1_459' title='bbox 1128 4013 1225 4083; x_wconf 92' lang='lat' dir='ltr'>rent,</span> <span class='ocrx_word' id='word_1_460' title='bbox 1252 4009 1483 4090; x_wconf 89' lang='lat' dir='ltr'>putaverunt,</span> <span class='ocrx_word' id='word_1_461' title='bbox 1507 3999 1566 4066; x_wconf 89' lang='lat' dir='ltr'>sed</span> <span class='ocrx_word' id='word_1_462' title='bbox 1585 3997 1689 4065; x_wconf 90' lang='lat' dir='ltr'>etiam</span> <span class='ocrx_word' id='word_1_463' title='bbox 1703 3995 1889 4090; x_wconf 88' lang='lat' dir='ltr'>Principes</span> <span class='ocrx_word' id='word_1_464' title='bbox 1898 3997 2123 4090; x_wconf 81' lang='lat' dir='ltr'>Christianae</span> 
     </span>
     <span class='ocr_line' id='line_1_39' title="bbox 80 4095 2121 4196; baseline 0.004 -24"><span class='ocrx_word' id='word_1_465' title='bbox 80 4127 170 4196; x_wconf 91' lang='lat' dir='ltr'>quae</span> <span class='ocrx_word' id='word_1_466' title='bbox 198 4095 462 4196; x_wconf 80' lang='grc' dir='ltr'><strong><em>καταστροφὴ,</em></strong></span> <span class='ocrx_word' id='word_1_467' title='bbox 503 4123 606 4190; x_wconf 91' lang='lat' dir='ltr'>saepe</span> <span class='ocrx_word' id='word_1_468' title='bbox 631 4101 832 4172; x_wconf 85' lang='lat' dir='ltr'>videmus.¹</span> <span class='ocrx_word' id='word_1_469' title='bbox 865 4099 945 4170; x_wconf 89' lang='lat' dir='ltr'>Non</span> <span class='ocrx_word' id='word_1_470' title='bbox 969 4099 1078 4188; x_wconf 86' lang='lat' dir='ltr'>igitur</span> <span class='ocrx_word' id='word_1_471' title='bbox 1127 4101 1310 4170; x_wconf 88' lang='lat' dir='ltr'>doetrinae</span> <span class='ocrx_word' id='word_1_472' title='bbox 1337 4099 1526 4168; x_wconf 88' lang='lat' dir='ltr'>&#39;mentione</span> <span class='ocrx_word' id='word_1_473' title='bbox 1561 4101 1819 4188; x_wconf 84' lang='lat' dir='ltr'>parvarumin</span> <span class='ocrx_word' id='word_1_474' title='bbox 1845 4117 1971 4176; x_wconf 85' lang='lat' dir='ltr'>natura</span> <span class='ocrx_word' id='word_1_475' title='bbox 2002 4131 2121 4180; x_wconf 90' lang='lat' dir='ltr'>rerum</span> 
     </span>
     <span class='ocr_line' id='line_1_40' title="bbox 79 4194 2122 4299; baseline 0.002 -25"><span class='ocrx_word' id='word_1_476' title='bbox 79 4201 172 4276; x_wconf 89' lang='lat' dir='ltr'>nihil</span> <span class='ocrx_word' id='word_1_477' title='bbox 187 4205 339 4296; x_wconf 89' lang='lat' dir='ltr'>periculi</span> <span class='ocrx_word' id='word_1_478' title='bbox 354 4217 417 4286; x_wconf 85' lang='lat' dir='ltr'>est,</span> <span class='ocrx_word' id='word_1_479' title='bbox 442 4213 483 4272; x_wconf 93' lang='lat' dir='ltr'>ut</span> <span class='ocrx_word' id='word_1_480' title='bbox 498 4202 642 4294; x_wconf 91' lang='lat' dir='ltr'>quidam</span> <span class='ocrx_word' id='word_1_481' title='bbox 658 4201 870 4286; x_wconf 84' lang='lat' dir='ltr'>existimant,</span> <span class='ocrx_word' id='word_1_482' title='bbox 896 4202 1076 4292; x_wconf 84' lang='lat' dir='ltr'>ignoscere</span> <span class='ocrx_word' id='word_1_483' title='bbox 1126 4201 1293 4272; x_wconf 88' lang='lat' dir='ltr'>delectari</span> <span class='ocrx_word' id='word_1_484' title='bbox 1323 4203 1500 4270; x_wconf 85' lang='lat' dir='ltr'>videntur.</span> <span class='ocrx_word' id='word_1_485' title='bbox 1551 4194 1716 4272; x_wconf 86' lang='lat' dir='ltr'>Christus</span> <span class='ocrx_word' id='word_1_486' title='bbox 1745 4202 1843 4273; x_wconf 91' lang='lat' dir='ltr'>iubet</span> <span class='ocrx_word' id='word_1_487' title='bbox 1873 4229 1938 4275; x_wconf 90' lang='lat' dir='ltr'>nos</span> <span class='ocrx_word' id='word_1_488' title='bbox 1965 4220 2122 4299; x_wconf 84' lang='lat' dir='ltr'>passeres</span> 
     </span>
     <span class='ocr_line' id='line_1_41' title="bbox 81 4301 2121 4402; baseline 0.001 -26"><span class='ocrx_word' id='word_1_489' title='bbox 81 4307 148 4378; x_wconf 81' lang='lat' dir='ltr'>sihi</span> <span class='ocrx_word' id='word_1_490' title='bbox 163 4303 399 4396; x_wconf 83' lang='lat' dir='ltr'>inhianugis,</span> <span class='ocrx_word' id='word_1_491' title='bbox 421 4317 462 4394; x_wconf 88' lang='lat' dir='ltr'>ut</span> <span class='ocrx_word' id='word_1_492' title='bbox 474 4319 620 4374; x_wconf 88' lang='lat' dir='ltr'>vocant:</span> <span class='ocrx_word' id='word_1_493' title='bbox 647 4301 762 4377; x_wconf 89' lang='lat' dir='ltr'>Nimis</span> <span class='ocrx_word' id='word_1_494' title='bbox 774 4327 880 4397; x_wconf 89' lang='lat' dir='ltr'>quem</span> <span class='ocrx_word' id='word_1_495' title='bbox 893 4328 1012 4376; x_wconf 91' lang='lat' dir='ltr'>rerum</span> <span class='ocrx_word' id='word_1_496' title='bbox 1025 4318 1095 4376; x_wconf 50' lang='lat' dir='ltr'>est,</span> <span class='ocrx_word' id='word_1_497' title='bbox 1126 4305 1278 4388; x_wconf 89' lang='lat' dir='ltr'>intueri,</span> <span class='ocrx_word' id='word_1_498' title='bbox 1304 4301 1476 4376; x_wconf 89' lang='lat' dir='ltr'>Solomon</span> <span class='ocrx_word' id='word_1_499' title='bbox 1491 4301 1664 4394; x_wconf 83' lang='lat' dir='ltr'>praecipit</span> <span class='ocrx_word' id='word_1_500' title='bbox 1678 4327 1751 4375; x_wconf 89' lang='lat' dir='ltr'>non</span> <span class='ocrx_word' id='word_1_501' title='bbox 1767 4307 1874 4378; x_wconf 91' lang='lat' dir='ltr'>modo</span> <span class='ocrx_word' id='word_1_502' title='bbox 1888 4310 2121 4402; x_wconf 84' lang='lat' dir='ltr'>contemplari</span> 
     </span>
     <span class='ocr_line' id='line_1_42' title="bbox 82 4403 2120 4502; baseline 0.002 -22"><span class='ocrx_word' id='word_1_503' title='bbox 82 4403 533 4499; x_wconf 82' lang='lat' dir='ltr'>hasungasseriaducere.</span> <span class='ocrx_word' id='word_1_504' title='bbox 587 4404 695 4479; x_wconf 80' lang='lat' dir='ltr'>Vetus</span> <span class='ocrx_word' id='word_1_505' title='bbox 707 4420 759 4476; x_wconf 91' lang='lat' dir='ltr'>est</span> <span class='ocrx_word' id='word_1_506' title='bbox 772 4405 978 4490; x_wconf 88' lang='lat' dir='ltr'>versiculus,</span> <span class='ocrx_word' id='word_1_507' title='bbox 1000 4429 1075 4475; x_wconf 88' lang='lat' dir='ltr'>ma·</span> <span class='ocrx_word' id='word_1_508' title='bbox 1125 4406 1309 4489; x_wconf 81' lang='lat' dir='ltr'>formicas,</span> <span class='ocrx_word' id='word_1_509' title='bbox 1335 4407 1396 4474; x_wconf 89' lang='lat' dir='ltr'>sed</span> <span class='ocrx_word' id='word_1_510' title='bbox 1413 4403 1519 4476; x_wconf 90' lang='lat' dir='ltr'>etiarn</span> <span class='ocrx_word' id='word_1_511' title='bbox 1535 4428 1603 4474; x_wconf 90' lang='lat' dir='ltr'>uos</span> <span class='ocrx_word' id='word_1_512' title='bbox 1618 4407 1662 4474; x_wconf 91' lang='lat' dir='ltr'>ad</span> <span class='ocrx_word' id='word_1_513' title='bbox 1682 4430 1739 4476; x_wconf 91' lang='lat' dir='ltr'>eas</span> <span class='ocrx_word' id='word_1_514' title='bbox 1755 4421 1924 4502; x_wconf 89' lang='lat' dir='ltr'>tanquam</span> <span class='ocrx_word' id='word_1_515' title='bbox 1940 4411 1978 4482; x_wconf 92' lang='lat' dir='ltr'>in</span> <span class='ocrx_word' id='word_1_516' title='bbox 1994 4413 2120 4484; x_wconf 88' lang='lat' dir='ltr'>ludum</span> 
     </span>
     <span class='ocr_line' id='line_1_43' title="bbox 83 4503 2120 4612; baseline -0 -29"><span class='ocrx_word' id='word_1_517' title='bbox 83 4534 149 4600; x_wconf 84' lang='lat' dir='ltr'>gna</span> <span class='ocrx_word' id='word_1_518' title='bbox 163 4512 277 4584; x_wconf 89' lang='lat' dir='ltr'>teneri</span> <span class='ocrx_word' id='word_1_519' title='bbox 289 4535 365 4582; x_wconf 90' lang='lat' dir='ltr'>non</span> <span class='ocrx_word' id='word_1_520' title='bbox 383 4534 484 4601; x_wconf 87' lang='lat' dir='ltr'>posse</span> <span class='ocrx_word' id='word_1_521' title='bbox 497 4510 528 4578; x_wconf 89' lang='lat' dir='ltr'>si</span> <span class='ocrx_word' id='word_1_522' title='bbox 543 4533 649 4600; x_wconf 90' lang='lat' dir='ltr'>parva</span> <span class='ocrx_word' id='word_1_523' title='bbox 666 4509 1075 4596; x_wconf 82' lang='lat' dir='ltr'>negligentertueamur:</span> <span class='ocrx_word' id='word_1_524' title='bbox 1126 4507 1286 4586; x_wconf 91' lang='lat' dir='ltr'>discendi</span> <span class='ocrx_word' id='word_1_525' title='bbox 1306 4531 1409 4578; x_wconf 88' lang='lat' dir='ltr'>causa</span> <span class='ocrx_word' id='word_1_526' title='bbox 1428 4505 1548 4578; x_wconf 90' lang='lat' dir='ltr'>mittit.</span> <span class='ocrx_word' id='word_1_527' title='bbox 1602 4503 1698 4596; x_wconf 87' lang='lat' dir='ltr'>Quid</span> <span class='ocrx_word' id='word_1_528' title='bbox 1722 4533 1994 4610; x_wconf 72' lang='lat' dir='ltr'>commemorem</span> <span class='ocrx_word' id='word_1_529' title='bbox 2013 4542 2120 4612; x_wconf 87' lang='lat' dir='ltr'>quam</span> 
     </span>
     <span class='ocr_line' id='line_1_44' title="bbox 207 4603 2124 4710; baseline 0.002 -28"><span class='ocrx_word' id='word_1_530' title='bbox 207 4610 234 4674; x_wconf 75' lang='lat' dir='ltr'>el</span> <span class='ocrx_word' id='word_1_531' title='bbox 253 4608 299 4694; x_wconf 81' lang='grc' dir='ltr'>μὴ</span> <span class='ocrx_word' id='word_1_532' title='bbox 321 4605 492 4695; x_wconf 70' lang='grc' dir='ltr'><strong>φυλάσσεις</strong></span> <span class='ocrx_word' id='word_1_533' title='bbox 511 4604 595 4692; x_wconf 72' lang='grc' dir='ltr'><strong>μικρ’</strong></span> <span class='ocrx_word' id='word_1_534' title='bbox 622 4603 746 4683; x_wconf 62' lang='grc' dir='ltr'><strong><em>ἀπολεῖς</em></strong></span> <span class='ocrx_word' id='word_1_535' title='bbox 767 4603 808 4670; x_wconf 72' lang='grc' dir='ltr'>τὰ</span> <span class='ocrx_word' id='word_1_536' title='bbox 828 4606 963 4687; x_wconf 63' lang='grc' dir='ltr'>μείζονα-</span> <span class='ocrx_word' id='word_1_537' title='bbox 1126 4611 1238 4680; x_wconf 87' lang='lat' dir='ltr'>multa</span> <span class='ocrx_word' id='word_1_538' title='bbox 1256 4608 1453 4680; x_wconf 88' lang='lat' dir='ltr'>animantia</span> <span class='ocrx_word' id='word_1_539' title='bbox 1467 4607 1623 4680; x_wconf 89' lang='lat' dir='ltr'>Basilius</span> <span class='ocrx_word' id='word_1_540' title='bbox 1640 4610 1909 4700; x_wconf 87' lang='lat' dir='ltr'>diligentissime</span> <span class='ocrx_word' id='word_1_541' title='bbox 1926 4617 2124 4710; x_wconf 85' lang='lat' dir='ltr'>descripse-</span> 
     </span>
     <span class='ocr_line' id='line_1_45' title="bbox 84 4707 2120 4807; baseline 0.004 -25"><span class='ocrx_word' id='word_1_542' title='bbox 84 4711 180 4785; x_wconf 88' lang='lat' dir='ltr'>ldem</span> <span class='ocrx_word' id='word_1_543' title='bbox 199 4711 261 4786; x_wconf 89' lang='lat' dir='ltr'>hic</span> <span class='ocrx_word' id='word_1_544' title='bbox 274 4715 545 4786; x_wconf 82' lang='lat' dir='ltr'>fierividemus:</span> <span class='ocrx_word' id='word_1_545' title='bbox 573 4712 733 4807; x_wconf 89' lang='lat' dir='ltr'>namqui</span> <span class='ocrx_word' id='word_1_546' title='bbox 750 4737 874 4804; x_wconf 91' lang='lat' dir='ltr'>parum</span> <span class='ocrx_word' id='word_1_547' title='bbox 887 4713 1077 4782; x_wconf 85' lang='lat' dir='ltr'>firmisunt</span> <span class='ocrx_word' id='word_1_548' title='bbox 1126 4715 1193 4798; x_wconf 91' lang='lat' dir='ltr'>rit,</span> <span class='ocrx_word' id='word_1_549' title='bbox 1217 4726 1254 4784; x_wconf 88' lang='lat' dir='ltr'>et</span> <span class='ocrx_word' id='word_1_550' title='bbox 1267 4711 1440 4782; x_wconf 80' lang='lat' dir='ltr'>Basiliam</span> <span class='ocrx_word' id='word_1_551' title='bbox 1461 4725 1601 4784; x_wconf 87' lang='lat' dir='ltr'>secutus</span> <span class='ocrx_word' id='word_1_552' title='bbox 1617 4707 1850 4801; x_wconf 83' lang='lat' dir='ltr'>Ambrosius,</span> <span class='ocrx_word' id='word_1_553' title='bbox 1876 4720 2026 4788; x_wconf 90' lang='lat' dir='ltr'>eandem</span> <span class='ocrx_word' id='word_1_554' title='bbox 2041 4721 2120 4790; x_wconf 89' lang='lat' dir='ltr'>ani-</span> 
     </span>
     <span class='ocr_line' id='line_1_46' title="bbox 83 4809 2120 4910; baseline 0.002 -24"><span class='ocrx_word' id='word_1_555' title='bbox 83 4817 249 4904; x_wconf 83' lang='lat' dir='ltr'>adversus</span> <span class='ocrx_word' id='word_1_556' title='bbox 273 4813 337 4888; x_wconf 86' lang='lat' dir='ltr'>has</span> <span class='ocrx_word' id='word_1_557' title='bbox 356 4817 510 4886; x_wconf 86' lang='lat' dir='ltr'>leviores</span> <span class='ocrx_word' id='word_1_558' title='bbox 531 4815 760 4908; x_wconf 87' lang='lat' dir='ltr'>cupiditates,</span> <span class='ocrx_word' id='word_1_559' title='bbox 786 4809 853 4884; x_wconf 90' lang='lat' dir='ltr'>hos</span> <span class='ocrx_word' id='word_1_560' title='bbox 875 4815 979 4886; x_wconf 89' lang='lat' dir='ltr'>citius</span> <span class='ocrx_word' id='word_1_561' title='bbox 996 4814 1076 4906; x_wconf 92' lang='lat' dir='ltr'>opi-</span> <span class='ocrx_word' id='word_1_562' title='bbox 1126 4815 1301 4886; x_wconf 83' lang='lat' dir='ltr'>montium</span> <span class='ocrx_word' id='word_1_563' title='bbox 1317 4809 1504 4884; x_wconf 89' lang='lat' dir='ltr'>historiam</span> <span class='ocrx_word' id='word_1_564' title='bbox 1520 4813 1558 4883; x_wconf 90' lang='lat' dir='ltr'>in</span> <span class='ocrx_word' id='word_1_565' title='bbox 1573 4815 1798 4888; x_wconf 87' lang='lat' dir='ltr'>enarratione</span> <span class='ocrx_word' id='word_1_566' title='bbox 1812 4841 1958 4910; x_wconf 91' lang='lat' dir='ltr'>operum</span> <span class='ocrx_word' id='word_1_567' title='bbox 1973 4845 2031 4892; x_wconf 85' lang='lat' dir='ltr'>sex</span> <span class='ocrx_word' id='word_1_568' title='bbox 2043 4822 2120 4892; x_wconf 88' lang='lat' dir='ltr'>die-</span> 
     </span>
     <span class='ocr_line' id='line_1_47' title="bbox 84 4913 2121 5016; baseline 0.004 -31"><span class='ocrx_word' id='word_1_569' title='bbox 84 4917 188 4990; x_wconf 86' lang='lat' dir='ltr'>nione</span> <span class='ocrx_word' id='word_1_570' title='bbox 201 4920 270 4990; x_wconf 89' lang='lat' dir='ltr'>alia</span> <span class='ocrx_word' id='word_1_571' title='bbox 286 4918 436 4990; x_wconf 84' lang='lat' dir='ltr'>maxima</span> <span class='ocrx_word' id='word_1_572' title='bbox 450 4917 543 4990; x_wconf 89' lang='lat' dir='ltr'>mala</span> <span class='ocrx_word' id='word_1_573' title='bbox 559 4917 773 5010; x_wconf 89' lang='lat' dir='ltr'>oppriment.</span> <span class='ocrx_word' id='word_1_574' title='bbox 812 4913 856 4986; x_wconf 90' lang='lat' dir='ltr'>ln</span> <span class='ocrx_word' id='word_1_575' title='bbox 871 4917 997 5008; x_wconf 88' lang='lat' dir='ltr'>primis</span> <span class='ocrx_word' id='word_1_576' title='bbox 1010 4941 1075 4988; x_wconf 92' lang='lat' dir='ltr'>au·</span> <span class='ocrx_word' id='word_1_577' title='bbox 1125 4941 1205 4990; x_wconf 88' lang='lat' dir='ltr'>rum</span> <span class='ocrx_word' id='word_1_578' title='bbox 1234 4941 1326 5009; x_wconf 90' lang='lat' dir='ltr'>pene</span> <span class='ocrx_word' id='word_1_579' title='bbox 1347 4917 1392 4984; x_wconf 93' lang='lat' dir='ltr'>ad</span> <span class='ocrx_word' id='word_1_580' title='bbox 1416 4917 1566 4986; x_wconf 88' lang='lat' dir='ltr'>verbum</span> <span class='ocrx_word' id='word_1_581' title='bbox 1589 4930 1764 5004; x_wconf 85' lang='lat' dir='ltr'>recenset,</span> <span class='ocrx_word' id='word_1_582' title='bbox 1796 4921 1968 5016; x_wconf 89' lang='lat' dir='ltr'>docetque</span> <span class='ocrx_word' id='word_1_583' title='bbox 1990 4921 2028 4992; x_wconf 85' lang='lat' dir='ltr'>in</span> <span class='ocrx_word' id='word_1_584' title='bbox 2051 4923 2121 4996; x_wconf 88' lang='lat' dir='ltr'>illis</span> 
     </span>
     <span class='ocr_line' id='line_1_48' title="bbox 85 5010 2121 5116; baseline 0.003 -26"><span class='ocrx_word' id='word_1_585' title='bbox 85 5031 149 5090; x_wconf 78' lang='grc' dir='ltr'><strong>ιειιι</strong></span> <span class='ocrx_word' id='word_1_586' title='bbox 163 5045 230 5094; x_wconf 89' lang='lat' dir='ltr'>nos</span> <span class='ocrx_word' id='word_1_587' title='bbox 244 5017 460 5116; x_wconf 88' lang='lat' dir='ltr'>qniChristo</span> <span class='ocrx_word' id='word_1_588' title='bbox 476 5043 608 5090; x_wconf 88' lang='lat' dir='ltr'>nomen</span> <span class='ocrx_word' id='word_1_589' title='bbox 623 5020 798 5103; x_wconf 87' lang='lat' dir='ltr'>dedimus,</span> <span class='ocrx_word' id='word_1_590' title='bbox 823 5019 1074 5092; x_wconf 87' lang='lat' dir='ltr'>verecundiam</span> <span class='ocrx_word' id='word_1_591' title='bbox 1125 5020 1306 5112; x_wconf 82' lang='lat' dir='ltr'>proposita</span> <span class='ocrx_word' id='word_1_592' title='bbox 1328 5010 1434 5088; x_wconf 82' lang='lat' dir='ltr'>nobis</span> <span class='ocrx_word' id='word_1_593' title='bbox 1455 5041 1529 5088; x_wconf 86' lang='lat' dir='ltr'>esse</span> <span class='ocrx_word' id='word_1_594' title='bbox 1551 5041 1571 5088; x_wconf 92' lang='lat' dir='ltr'>a</span> <span class='ocrx_word' id='word_1_595' title='bbox 1588 5015 1665 5090; x_wconf 89' lang='lat' dir='ltr'>Deo</span> <span class='ocrx_word' id='word_1_596' title='bbox 1687 5034 1723 5092; x_wconf 93' lang='lat' dir='ltr'>et</span> <span class='ocrx_word' id='word_1_597' title='bbox 1743 5034 1912 5116; x_wconf 87' lang='lat' dir='ltr'>tanquam</span> <span class='ocrx_word' id='word_1_598' title='bbox 1930 5023 2021 5115; x_wconf 90' lang='lat' dir='ltr'>picta</span> <span class='ocrx_word' id='word_1_599' title='bbox 2037 5027 2121 5116; x_wconf 91' lang='lat' dir='ltr'>plu-</span> 
     </span>
     <span class='ocr_line' id='line_1_49' title="bbox 85 5115 2121 5218; baseline 0.005 -29"><span class='ocrx_word' id='word_1_600' title='bbox 85 5143 123 5192; x_wconf 90' lang='lat' dir='ltr'>ac</span> <span class='ocrx_word' id='word_1_601' title='bbox 134 5124 344 5196; x_wconf 82' lang='lat' dir='ltr'>modestiam</span> <span class='ocrx_word' id='word_1_602' title='bbox 360 5123 399 5196; x_wconf 94' lang='lat' dir='ltr'>in</span> <span class='ocrx_word' id='word_1_603' title='bbox 417 5123 584 5194; x_wconf 89' lang='lat' dir='ltr'>omnibns</span> <span class='ocrx_word' id='word_1_604' title='bbox 598 5121 691 5192; x_wconf 89' lang='lat' dir='ltr'>vitae</span> <span class='ocrx_word' id='word_1_605' title='bbox 706 5121 867 5214; x_wconf 82' lang='lat' dir='ltr'>partibus</span> <span class='ocrx_word' id='word_1_606' title='bbox 882 5121 998 5194; x_wconf 91' lang='lat' dir='ltr'>colere</span> <span class='ocrx_word' id='word_1_607' title='bbox 1013 5122 1077 5192; x_wconf 90' lang='lat' dir='ltr'>de·</span> <span class='ocrx_word' id='word_1_608' title='bbox 1125 5122 1298 5193; x_wconf 88' lang='lat' dir='ltr'>rimarum</span> <span class='ocrx_word' id='word_1_609' title='bbox 1329 5119 1505 5192; x_wconf 89' lang='lat' dir='ltr'>virtutum</span> <span class='ocrx_word' id='word_1_610' title='bbox 1532 5115 1767 5210; x_wconf 87' lang='lat' dir='ltr'>simulachra,</span> <span class='ocrx_word' id='word_1_611' title='bbox 1799 5147 1888 5218; x_wconf 88' lang='lat' dir='ltr'>quae</span> <span class='ocrx_word' id='word_1_612' title='bbox 1918 5147 1986 5196; x_wconf 90' lang='lat' dir='ltr'>nos</span> <span class='ocrx_word' id='word_1_613' title='bbox 2013 5127 2121 5200; x_wconf 84' lang='lat' dir='ltr'>oflicii</span> 
     </span>
     <span class='ocr_line' id='line_1_50' title="bbox 86 5220 2121 5322; baseline 0.003 -30"><span class='ocrx_word' id='word_1_614' title='bbox 86 5239 153 5310; x_wconf 87' lang='lat' dir='ltr'>cet,</span> <span class='ocrx_word' id='word_1_615' title='bbox 174 5240 208 5298; x_wconf 90' lang='lat' dir='ltr'>et</span> <span class='ocrx_word' id='word_1_616' title='bbox 230 5227 316 5322; x_wconf 86' lang='lat' dir='ltr'>quia</span> <span class='ocrx_word' id='word_1_617' title='bbox 339 5249 380 5298; x_wconf 90' lang='lat' dir='ltr'>ea</span> <span class='ocrx_word' id='word_1_618' title='bbox 402 5225 516 5296; x_wconf 90' lang='lat' dir='ltr'>virtus</span> <span class='ocrx_word' id='word_1_619' title='bbox 531 5222 607 5298; x_wconf 88' lang='lat' dir='ltr'>Deo</span> <span class='ocrx_word' id='word_1_620' title='bbox 632 5223 812 5318; x_wconf 87' lang='lat' dir='ltr'>inprimis</span> <span class='ocrx_word' id='word_1_621' title='bbox 827 5223 961 5316; x_wconf 87' lang='lat' dir='ltr'>placet,</span> <span class='ocrx_word' id='word_1_622' title='bbox 983 5237 1019 5296; x_wconf 90' lang='lat' dir='ltr'>et</span> <span class='ocrx_word' id='word_1_623' title='bbox 1035 5236 1076 5298; x_wconf 92' lang='lat' dir='ltr'>ut</span> <span class='ocrx_word' id='word_1_624' title='bbox 1124 5224 1240 5296; x_wconf 88' lang='lat' dir='ltr'>nostri</span> <span class='ocrx_word' id='word_1_625' title='bbox 1265 5225 1510 5296; x_wconf 86' lang='lat' dir='ltr'>admonerent.</span> <span class='ocrx_word' id='word_1_626' title='bbox 1570 5220 1833 5316; x_wconf 81' lang='lat' dir='ltr'>Turpissimum</span> <span class='ocrx_word' id='word_1_627' title='bbox 1858 5238 1909 5298; x_wconf 90' lang='lat' dir='ltr'>est</span> <span class='ocrx_word' id='word_1_628' title='bbox 1934 5228 2030 5299; x_wconf 88' lang='lat' dir='ltr'>enirn</span> <span class='ocrx_word' id='word_1_629' title='bbox 2053 5225 2121 5300; x_wconf 89' lang='lat' dir='ltr'>ho-</span> 
     </span>
     <span class='ocr_line' id='line_1_51' title="bbox 87 5325 2145 5422; baseline 0.002 -24"><span class='ocrx_word' id='word_1_630' title='bbox 87 5325 186 5400; x_wconf 81' lang='lat' dir='ltr'>bouis</span> <span class='ocrx_word' id='word_1_631' title='bbox 200 5327 372 5422; x_wconf 68' lang='lat' dir='ltr'>exemplis</span> <span class='ocrx_word' id='word_1_632' title='bbox 387 5327 542 5400; x_wconf 88' lang='lat' dir='ltr'>aliorum</span> <span class='ocrx_word' id='word_1_633' title='bbox 560 5349 677 5400; x_wconf 86' lang='lat' dir='ltr'>mores</span> <span class='ocrx_word' id='word_1_634' title='bbox 693 5326 860 5400; x_wconf 84' lang='lat' dir='ltr'>meliores</span> <span class='ocrx_word' id='word_1_635' title='bbox 873 5327 1075 5406; x_wconf 83' lang='lat' dir='ltr'>reddamur.</span> <span class='ocrx_word' id='word_1_636' title='bbox 1124 5325 1216 5398; x_wconf 90' lang='lat' dir='ltr'>mini</span> <span class='ocrx_word' id='word_1_637' title='bbox 1226 5339 1310 5398; x_wconf 72' lang='lat' dir='ltr'>¹tam</span> <span class='ocrx_word' id='word_1_638' title='bbox 1331 5325 1438 5416; x_wconf 88' lang='lat' dir='ltr'>longe</span> <span class='ocrx_word' id='word_1_639' title='bbox 1452 5347 1472 5394; x_wconf 86' lang='lat' dir='ltr'>a</span> <span class='ocrx_word' id='word_1_640' title='bbox 1488 5345 1552 5401; x_wconf 86' lang='lat' dir='ltr'>sua</span> <span class='ocrx_word' id='word_1_641' title='bbox 1569 5340 1697 5400; x_wconf 86' lang='lat' dir='ltr'>natura</span> <span class='ocrx_word' id='word_1_642' title='bbox 1710 5328 1943 5418; x_wconf 86' lang='lat' dir='ltr'>degenerare,</span> <span class='ocrx_word' id='word_1_643' title='bbox 1969 5343 2009 5402; x_wconf 93' lang='lat' dir='ltr'>ut</span> <span class='ocrx_word' id='word_1_644' title='bbox 2023 5354 2044 5401; x_wconf 83' lang='lat' dir='ltr'>a</span> <span class='ocrx_word' id='word_1_645' title='bbox 2059 5333 2121 5402; x_wconf 87' lang='lat' dir='ltr'>be·</span> <span class='ocrx_word' id='word_1_646' title='bbox 2144 5325 2145 5328; x_wconf 50' lang='lat'>&#39;</span> 
     </span>
    </p>
   </div>
   <div class='ocr_carea' id='block_1_7' title="bbox 87 5423 2122 5600">
    <p class='ocr_par' dir='ltr' id='par_1_7' title="bbox 87 5423 2122 5600">
     <span class='ocr_line' id='line_1_52' title="bbox 87 5423 2122 5600; baseline 0.002 -101"><span class='ocrx_word' id='word_1_647' title='bbox 87 5423 177 5504; x_wconf 78' lang='lat' dir='ltr'>Dixi.</span> <span class='ocrx_word' id='word_1_648' title='bbox 1124 5429 1202 5504; x_wconf 80' lang='lat' dir='ltr'>sciis</span> <span class='ocrx_word' id='word_1_649' title='bbox 1225 5427 1332 5502; x_wconf 83' lang='lat' dir='ltr'>etiarn</span> <span class='ocrx_word' id='word_1_650' title='bbox 1354 5427 1487 5502; x_wconf 88' lang='lat' dir='ltr'>virtute</span> <span class='ocrx_word' id='word_1_651' title='bbox 1507 5441 1707 5600; x_wconf 52' lang='lat' dir='ltr'>qqpqretur.</span> <span class='ocrx_word' id='word_1_652' title='bbox 1756 5427 1841 5505; x_wconf 86' lang='lat' dir='ltr'>Non</span> <span class='ocrx_word' id='word_1_653' title='bbox 1863 5431 1973 5524; x_wconf 90' lang='lat' dir='ltr'>igitur</span> <span class='ocrx_word' id='word_1_654' title='bbox 1993 5433 2122 5506; x_wconf 91' lang='lat' dir='ltr'>inutile</span> 
     </span>
    </p>
   </div>
   <div class='ocr_carea' id='block_1_8' title="bbox 0 0 2366 5828">
    <p class='ocr_par' dir='ltr' id='par_1_8' title="bbox 0 0 2366 5828">
     <span class='ocr_line' id='line_1_53' title="bbox 0 0 2366 5828; baseline 0 0"><span class='ocrx_word' id='word_1_655' title='bbox 0 0 2366 5828; x_wconf 95' lang='lat' dir='ltr'> </span> 
     </span>
    </p>
   </div>
  </div>
 </body>
</html>
