4718 5828
246 289 320 364 ns
1005 257 1169 340 nucu
1203 257 1277 338 ou
1303 211 1573 340 vusmrn.
1682 193 1701 206 κ
2229 255 2316 332 sss

243 463 399 553 diusqne
413 453 528 549 patria
543 473 617 521 esse
632 445 762 518 debet?
787 441 892 516 Nunc
915 452 1034 511 antem
1057 461 1140 510 cnm
1159 431 1247 508 haec
1296 435 1465 530 consequi
1489 433 1619 526 poterit
1643 427 1709 504 hae
1733 431 1937 524 diligentia,
1969 433 1999 501 si
2021 442 2192 525 seqrntur
2214 427 2314 498 illo-

245 563 387 636 novitas
408 581 526 628 mores
547 555 652 624 etiarn
676 549 844 631 infamet,
868 543 949 640 quis
969 564 1045 610 non
1069 539 1247 612 existimet
1296 563 1376 608 rum
1399 537 1532 608 indicia
1556 536 1595 605 in
1616 535 1758 609 vestitu.
1811 535 1849 606 Si
1865 535 1927 630 qui
1946 557 2031 604 vero
2046 533 2094 603 ita
2110 533 2316 623 depudue-

246 663 372 761 procul
397 661 606 750 fugiendum
633 652 731 723 esse?
773 648 901 719 Nonne
927 645 1022 736 apud
1053 640 1244 734 Virgilium
1297 655 1400 721 runt,
1432 653 1472 711 ιιι
1494 633 1764 724 existimationis
1783 637 1922 707 nudam
1937 635 2110 707 rationem
2128 630 2315 718 habeant,

244 793 327 840 cum
349 762 542 834 molliciem
564 756 690 827 obiicit
713 751 884 824 Troianis
908 747 1077 831 Turnus,¹
1107 771 1127 816 a
1149 757 1246 816 veste
1297 755 1338 814 ut
1351 745 1530 814 bonorum
1543 741 1588 810 de
1601 763 1638 810 sc
1652 739 1782 810 iudicia
1799 733 1892 808 nibil
1909 751 2114 822 morentur,
2136 735 2206 806 hos
2224 757 2314 804 non
2339 727 2340 732 ’

245 873 485 944 coniecturam
500 859 608 934 lariti
629 858 679 928 ait
695 855 810 925 enim:
1001 951 1004 958 ⁴

328 991 369 1058 Et
381 993 502 1059 tonius
516 989 648 1051 manices
662 996 693 1046 ct
704 983 815 1047 babent
830 977 1007 1040 redimicula
1021 977 1139 1036 ιιιὶιιιο.

249 1124 592 1202 Animadverternnt
613 1113 708 1184 enim
733 1107 828 1180 docti
848 1105 916 1178 viri
936 1125 1157 1188 sermonem,
1182 1095 1248 1170 ha-

247 1233 385 1312 bitum,
417 1223 592 1292 incessum
620 1229 655 1286 et
683 1213 772 1284 alios
805 1207 966 1302 corporis
997 1219 1135 1290 motus,
1167 1217 1248 1272 tan-

248 1357 355 1431 quam
372 1327 548 1400 actionem
562 1343 635 1390 esse
650 1313 775 1400 animi,
800 1315 838 1384 in
853 1337 922 1406 qna
936 1309 1035 1380 velut
1050 1308 1089 1378 in
1104 1303 1246 1398 speculo

248 1439 419 1526 cuiusque
450 1438 577 1496 natura
610 1419 709 1492 cerni
743 1428 868 1510 potest.
933 1410 1247 1502 Quemadmodum

248 1538 345 1612 enim
362 1535 401 1604 in
419 1528 519 1626 equis
536 1539 571 1596 et
585 1523 750 1596 leonibus
764 1519 967 1594 animorum
983 1527 1112 1598 motus,
1136 1511 1248 1581 cauda

249 1655 357 1736 atque
372 1657 474 1706 aures
496 1627 677 1712 indicant,
701 1623 750 1694 ita
769 1621 926 1692 adlectus
942 1611 1149 1698 bominum,
1174 1635 1248 1682 non

250 1756 390 1818 tautum
406 1757 536 1814 sermo,
561 1729 623 1798 sed
643 1725 801 1808 vestitus,
827 1721 888 1816 qni
905 1717 1007 1814 quasi
1025 1715 1151 1787 tacitus
1167 1739 1250 1810 qm-

251 1849 333 1918 dam
351 1838 462 1912 animi
476 1857 590 1906 sermo
606 1843 671 1914 est,
688 1827 853 1898 declarat.
888 1819 1010 1916 ltaque
1027 1842 1101 1888 non
1118 1830 1248 1887 temere

251 1942 441 2020 a-Graecis
466 1939 503 2007 in
532 1932 719 2028 proverbio
742 1929 875 1998 dictum
900 1938 951 1994 est
976 1923 1085 1991 illude
1121 1911 1165 1992 V
1162 1915 1248 1988 estis

253 2039 493 2144 virumsacil.
522 2033 571 2108 Ut
585 2033 681 2106 enim
700 2028 869 2101 honestus
884 2021 1026 2102 habitus
1041 2016 1249 2114 dignitatem

251 2147 394 2224 homiui
418 2137 603 2224 conciliat,
636 2149 671 2206 et
698 2135 875 2228 quandam
905 2123 1250 2198 commendationem

251 2275 394 2326 mortem
411 2245 546 2324 adfert,
572 2239 620 2312 ita
642 2251 839 2312 monstrosa
855 2231 960 2302 vestis
984 2224 1251 2318 abhorrensque

253 2459 414 2530 virorum
437 2447 547 2522 officit
570 2437 838 2522 existimationi.
899 2434 997 2524 Quid
1030 2433 1125 2500 euim
1152 2429 1247 2496 aliud

254 2583 362 2656 quarn
379 2566 612 2626 monstrosam
629 2557 781 2614 mentem
800 2543 864 2610 ista
880 2533 1133 2606 dissimilitudo
1146 2529 1251 2598 vesti-

255 2679 334 2746 tus,
379 2655 507 2750 partim
533 2647 678 2728 Gallos,
720 2643 847 2738 partim
875 2639 1076 2730 Hispanos,
1125 2632 1252 2725 partim

256 2765 436 2840 Sarmatas
467 2749 641 2824 imitantis
672 2743 869 2838 significet?
901 2739 1022 2832 ,Quae
1056 2733 1252 2806 constantia

256 2879 372 2962 potest
393 2860 540 2933 existere
558 2853 595 2932 in
622 2847 751 2930 borum
770 2845 966 2928 mentibus,
993 2839 1056 2934 qui
1079 2839 1182 2908 toties
1198 2835 1252 2904 sui

257 2963 448 3042 dissimiles
464 2956 545 3032 lacti
567 2951 772 3048 prodeunt?
809 2947 970 3020 Socrates
985 2941 1110 3013 calceis
1128 2937 1251 3040 Sicyo-

258 3071 329 3144 niis
344 3080 465 3140 contre
484 3083 582 3137 suam
597 3051 888 3126 consuetudinem
905 3049 957 3117 uti
973 3043 1101 3128 noluit,
1117 3042 1253 3112 tametsi

257 3175 370 3268 ipsius
399 3161 618 3238 confessione
647 3156 720 3247 apti
752 3165 850 3230 erant
878 3151 1039 3244 pedihus,
1099 3141 1172 3214 Nec
1195 3139 1255 3210 ille

258 3293 422 3348 morosus
441 3269 478 3338 in
500 3287 538 3334 re
562 3283 669 3356 parva
694 3255 809 3327 videri
833 3255 955 3336 debet,
984 3269 1064 3342 pars
1081 3247 1254 3344 quaedam

259 3371 442 3473 gratuitatis
474 3382 579 3460 atque
608 3359 824 3430 constantiae
854 3355 943 3440 luit,
974 3377 1018 3419 ne
1045 3347 1189 3444 quidem
1218 3345 1256 3414 in

1297 861 1369 917 tam
1386 841 1550 915 homines
1565 865 1657 922 esse,
1683 863 1791 935 quam
1805 836 1961 910 hnmana
1978 840 2092 932 specie
2114 839 2314 910 belluinos

1298 947 1437 1018 animos
1453 967 1574 1036 gerere
1588 943 1787 1015 existimare
1804 944 1984 1016 debemus.
2029 939 2158 1012 Nostra
2178 939 2313 1022 oratio
2339 963 2340 968 ¹

1298 1051 1342 1120 ad
1358 1047 1531 1118 sanabilia
1546 1046 1687 1136 ingenia
1705 1045 1867 1136 pertinet,
1893 1045 1982 1113 alios
2004 1042 2156 1135 publicis
2170 1043 2313 1136 poenis

1299 1155 1343 1223 ad
1358 1151 1544 1222 sanitatem
1561 1171 1726 1218 revocare
1746 1159 1781 1216 et
1794 1145 1981 1216 cohercere
1996 1145 2165 1238 oportuit.
2339 1215 2340 1218 ,

1386 1251 1568 1323 Hactenus
1582 1249 1653 1320 dixi
1670 1247 1817 1320 vestitus
1831 1247 1983 1340 ineptias
1997 1249 2167 1341 quasdam
2184 1247 2313 1316 animi
2339 1243 2340 1316 3

1300 1381 1374 1428 esse
1388 1353 1547 1446 corrupti
1563 1369 1676 1425 notas.
1726 1349 1796 1422 Sed
1814 1364 1854 1420 nt
1869 1373 1973 1420 neruo
1990 1349 2115 1418 volens
2135 1344 2312 1448 στίγμα-

1298 1483 1364 1544 τα,
1403 1481 1494 1552 quae
1514 1449 1743 1546 deprehensis
1768 1451 1807 1520 in
1826 1451 1947 1546 aliquo
1966 1451 2100 1542 flagitio
2121 1451 2224 1522 inuri
2244 1475 2312 1522 so-
2339 1499 2340 1504 κ

1301 1563 1393 1646 lent,
1425 1557 1654 1653 quantumvis
1679 1555 1850 1625 innocens
1871 1553 1940 1623 sibi
1962 1553 2126 1638 accersit,
2159 1553 2210 1624 ita
2237 1547 2312 1623 has

1219 1713 1228 1730 .
1301 1679 1402 1734 notas
1435 1659 1668 1752 turpitudinis
1697 1657 1859 1726 vitandas
1888 1679 1977 1738 esse,
2010 1679 2056 1725 ne
2081 1655 2195 1725 samae
2232 1679 2312 1724 no-

1300 1778 1420 1849 ceant,
1446 1785 1582 1835 censeo.
1635 1759 1705 1832 Sed
1721 1753 1787 1828 hae
1804 1757 1958 1850 ineptiae
1972 1781 2049 1828 non
2073 1770 2212 1828 tantum
2233 1782 2313 1828 no-

1302 1881 1382 1938 cent
1398 1861 1669 1942 existimationi,
1694 1859 1791 1930 alind
1809 1860 1923 1930 maius
1941 1859 2074 1930 malum
2090 1883 2209 1929 secum
2225 1875 2313 1930 tra·
2339 1861 2340 1876 ¹

1302 1965 1411 2041 hunt:
1445 1991 1528 2036 nam
1555 1966 1649 2036 inter
1678 1961 1895 2054 corruptelas
1919 1957 2146 2052 Rerumpub.
2169 1963 2312 2034 merito
2339 2027 2340 2034 ,

1301 2069 1507 2158 adfectatio,
1540 2067 1614 2136 sive
1646 2065 1834 2156 novitatis,
1866 2063 1940 2132 sire
1970 2063 2237 2154 peregrinitatis
2268 2065 2313 2134 in

1304 2173 1431 2244 vestitu
1465 2167 1647 2240 numerari
1674 2167 1789 2240 debet.
1855 2161 1932 2234 Hac
1957 2165 2001 2234 de
2028 2167 2178 2236 redum
2207 2165 2313 2254 dico,

253 2360 299 2428 ab
327 2347 583 2444 adprobatione
614 2341 799 2413 oculorum
828 2334 1032 2428 iudicioque
1072 2331 1248 2402 bonorum
1296 2268 1826 2395 ‘lmewdilig‘m‘fmmmm·
1858 2265 2174 2354 ¹¹¹¹⁰¹lld⁸fi⁸ffliffl
2187 2269 2313 2340 mulla

1303 2377 1459 2468 ingentia
1479 2373 1565 2442 vitia
1580 2373 1626 2440 ab
1641 2365 1696 2440 his
1719 2367 2016 2462 principiisoriri:
2042 2383 2081 2440 ut
2098 2369 2193 2438 enim
2213 2395 2313 2442 nsu-
2339 2449 2340 2458 χ

1303 2505 1361 2550 rae
1389 2501 1450 2568 per
1471 2476 1600 2565 gradus
1627 2485 1807 2552 crescunt,
1841 2471 1892 2541 ite
1922 2494 1941 2540 a
1969 2471 2085 2560 parvis
2113 2471 2313 2564 principiis

1303 2579 1473 2676 paulatim
1488 2576 1634 2647 audacia
1651 2576 1762 2644 robur
1784 2572 1937 2663 colligit,
1962 2574 2076 2642 donec
2097 2573 2245 2664 penitus
2265 2599 2313 2646 ex

1304 2683 1431 2754 animis
1456 2681 1628 2772 pudorem
1663 2677 1848 2768 omnisque
1872 2673 1988 2744 divini
2014 2688 2120 2768 etque
2149 2668 2314 2746 humani

1307 2785 1396 2856 iuris
1421 2797 1553 2852 metum
1580 2779 1708 2850 eiiciat.
1767 2775 1898 2862 Nemo,
1935 2776 2054 2870 inquit
2077 2774 2209 2863 Poeta,
2249 2803 2315 2850 re-

1306 2899 1410 2980 pente
1435 2885 1473 2954 fit
1494 2881 1737 2975 turpissimus,
1764 2903 1827 2972 per
1847 2879 1977 2970 gradus
1993 2879 2164 2950 labuntur
2181 2903 2314 2951 mores

1304 2991 1344 3058 in
1367 2985 1531 3057 deterius.
1582 2981 1656 3054 Nec
1679 2982 1768 3052 libet
1796 2982 1836 3049 in
1865 3005 1904 3050 re
1933 2981 2118 3050 manifesta
2140 2984 2313 3073 exempla
2339 3037 2340 3044 ,

1307 3091 1492 3180 colligere,
1517 3088 1576 3155 sed
1600 3083 1769 3178 qnoniam
1791 3083 1885 3152 inter
1907 3083 2145 3154 adolescentes
2162 3087 2314 3154 studio-

1307 3217 1363 3264 sos
1381 3189 1562 3262 doctrinae
1578 3185 1803 3259 Christianae
1823 3185 1994 3264 dicimus,
2019 3183 2174 3254 recitabo
2199 3189 2315 3258 vobis

1306 3319 1419 3371 ursum
1436 3293 1616 3388 quoddam
1629 3287 1840 3380 exemplum,
1866 3288 1961 3380 qnod
1980 3286 2017 3356 in
2035 3287 2137 3356 libris
2152 3283 2315 3358 Confes-

1309 3400 1450 3468 sionnm
1482 3391 1615 3484 scripsit
1643 3389 1864 3481 Augustinus
1892 3391 1936 3458 dc
1952 3399 2081 3462 matre.
2138 3385 2243 3458 Hanc
2270 3392 2314 3462 in

259 3478 380 3578 parvis
395 3474 500 3544 rebus
516 3467 570 3539 sui
585 3461 792 3534 dissimilem
816 3481 898 3526 esse.
950 3453 1107 3524 Proinde
1130 3462 1164 3519 et
1181 3445 1257 3516 Ho-

260 3603 380 3654 merus
404 3572 541 3669 iuquit,
567 3563 756 3644 honestum
780 3555 939 3635 habitum
963 3559 1005 3626 ad
1030 3551 1259 3627 existimatio.

261 3709 342 3758 nem
363 3677 559 3769 augendam
573 3671 791 3744 conducere,
817 3661 929 3732 nostis
945 3660 1041 3729 enim
1060 3677 1216 3732 versnm;

337 3804 477 3889 Namque
491 3802 557 3861 viro
571 3798 660 3856 restis
676 3809 820 3874 magnum
835 3787 924 3852 denus
941 3785 1024 3850 addit
1040 3783 1175 3848 honesta.

1308 3499 1458 3594 pueritia
1490 3495 1608 3590 inquit
1634 3494 1724 3562 mira
1744 3491 1928 3582 diligentia
1957 3492 2003 3559 ad
2033 3489 2263 3560 sobrietatem
2292 3521 2314 3564 a

1309 3602 1449 3676 nutrice
1464 3598 1698 3668 adsuefactam
1723 3617 1815 3677 esse,
1841 3589 2066 3686 nequeenim
2090 3591 2190 3662 licuit
2208 3593 2241 3661 ei
2262 3618 2315 3666 ne

1310 3728 1436 3798 aquam
1455 3701 1610 3795 quidem,
1628 3697 1697 3765 nisi
1713 3695 1855 3764 iniusta
1872 3694 1992 3772 coena,
2009 3707 2070 3764 ant
2085 3693 2177 3764 iusto
2194 3719 2315 3786 pran-

1310 3809 1382 3890 din,
1411 3803 1540 3871 bibere.
1579 3798 1706 3870 Nutrix
1721 3798 1935 3886 interrogata
1952 3820 2022 3890 qno
2037 3796 2185 3865 consilio
2199 3799 2314 3888 puel-

171 3973 177 3986 ·
262 3937 385 4034 Neque
409 3933 445 4002 id
470 3929 513 4000 ad
541 3922 646 3994 vestis
678 3917 834 4012 precium
866 3913 1032 4007 pertinet:
1068 3909 1258 3980 nonenim
1312 3909 1355 3978 lis
1371 3906 1475 3976 etiam
1493 3927 1604 4000 aquae
1620 3913 1707 3994 potu
1721 3899 1966 3982 interdiceret,
1989 3898 2189 3988 respondit:
2223 3895 2314 3970 Nisi

263 4035 431 4132 gemmae,
455 4043 516 4102 aut
536 4049 679 4108 aurum,
704 4035 766 4092 ant
781 4039 947 4110 purpura,
973 4036 1124 4108 quarum
1142 4035 1259 4081 rerum
1312 4035 1351 4080 ea
1375 4021 1485 4079 aetate
1510 4005 1604 4074 sitim
1628 4001 1783 4094 perferre
1806 4001 1959 4085 discant,
1985 4011 2104 4092 postea
2125 4011 2315 4073 matronas

264 4165 331 4215 usu
364 4141 403 4208 ln
429 4131 631 4206 civitatibus
653 4127 743 4196 bene
767 4121 985 4198 constitutis,
1020 4115 1125 4188 etiam
1149 4113 1260 4184 inter·
1313 4115 1439 4194 iactas,
1471 4133 1551 4177 cum
1573 4105 1651 4188 vini
1678 4103 1777 4196 copia
1801 4103 1862 4192 sit,
1894 4100 2003 4171 simili
2033 4100 2314 4194 intemperantia

265 4247 400 4317 dictum
418 4251 469 4307 est
481 4229 640 4304 honestis
656 4223 876 4304 bominibus,
904 4241 1118 4312 magnopere
1131 4229 1261 4286 ornant
1313 4215 1399 4284 vino
1418 4237 1454 4282 se
1469 4209 1703 4300 ingurgitare,
1730 4229 1799 4301 qna
1816 4227 1912 4276 nunc
1928 4227 2056 4298 aquam
2070 4205 2206 4277 bibant.
2242 4201 2314 4278 Est

266 4348 380 4430 viros,
405 4341 466 4413 sed
488 4336 571 4430 quia
599 4355 662 4424 pro
687 4327 839 4418 ingeniis
862 4319 1261 4394 aemoribnsvestitnm
1313 4319 1422 4408 igitur
1457 4310 1644 4406 prudentia
1680 4332 1755 4377 non
1787 4307 1928 4398 exigua,
1968 4305 2103 4375 semina
2135 4306 2312 4376 vitiorum

264 4451 337 4520 lere
372 4443 522 4538 quisque
555 4433 682 4516 sumit,
721 4451 883 4520 magnmu
917 4421 1261 4494 commendationem
1315 4415 1519 4514 praevidere
1552 4437 1592 4482 ac
1620 4411 1657 4484 in
1689 4424 1846 4501 tempore
1874 4407 2009 4483 tollere.
2070 4405 2116 4484 Ut
2145 4409 2241 4478 enim
2270 4410 2312 4480 in

266 4547 374 4623 habet
398 4543 568 4614 honestus
592 4531 753 4616 habitus,
786 4531 882 4624 quod
909 4551 949 4597 eo
971 4526 1055 4594 boni
1079 4524 1146 4592 viri
1167 4523 1262 4592 dele-
1315 4519 1450 4594 morbis
1472 4539 1660 4606 corporum
1685 4511 1900 4580 medicandis
1924 4525 2127 4592 sermnem,
2151 4524 2226 4580 tum
2245 4513 2313 4580 de-

155 4631 160 4646 .
267 4648 585 4725 ctarlindicentnr.
627 4631 800 4728 Quisquis
819 4633 927 4721 igitur
941 4617 1125 4698 honestam
1143 4623 1264 4694 existi.
1316 4647 1411 4692 snum
1429 4637 1595 4713 quaerere
1609 4615 1780 4697 remedia,
1807 4639 1887 4684 cum
1907 4615 2050 4682 morbus
2067 4613 2110 4680 ad
2128 4636 2312 4683 summum

268 4753 460 4826 mationem
477 4745 570 4836 apud
588 4737 702 4809 bonos
722 4737 818 4816 viros
833 4733 997 4822 colligere
1015 4732 1149 4813 studet,
1175 4728 1204 4795 is
1219 4728 1261 4794 ad
1317 4723 1493 4818 pervenit,
1535 4722 1583 4790 ita
1616 4719 1746 4787 frustra
1778 4710 1968 4784 adhibetur
1999 4711 2175 4783 medicina
2209 4717 2313 4786 vitiis

269 4859 415 4928 illorum
433 4845 575 4926 iudicia,
591 4855 632 4912 ut
645 4841 802 4933 reliquas
817 4835 910 4906 vitae
926 4832 1162 4902 instituendae
1179 4851 1265 4898 con-
1316 4842 1501 4920 postquam
1519 4819 1750 4891 adoleverint.
1777 4812 1878 4904 Quae
1894 4817 2003 4906 igitur
2013 4815 2096 4885 vitia
2112 4817 2225 4907 gignit
2241 4841 2312 4887 no..

270 4961 368 5042 silia,
400 4955 448 5023 ita
476 4949 580 5020 etiam
608 4941 771 5013 vestitum
792 4936 1043 5008 accommodet.
1099 4929 1145 5002 Ut
1169 4929 1264 5000 enim
1318 4930 1405 4999 vitas
1422 4923 1592 4995 vestitus?
1622 4919 1713 4992 Cum
1731 4917 1799 4987 alia
1816 4919 1946 5003 multa,
1970 4931 2046 4987 tum
2062 4913 2129 4988 boc
2145 4919 2312 4990 omnium

149 5119 154 5136 .
271 5059 401 5131 nostris
425 5048 645 5142 temporibus
667 5041 873 5132 Principum
897 5032 1051 5106 familiae
1081 5057 1121 5104 ex
1151 5035 1264 5104 forma
1319 5027 1666 5122 perniciosissimum,
1688 5021 1784 5114 quod
1800 5020 2230 5090 adolescentinmanimos
2246 5025 2314 5094 ad.

272 5161 418 5230 vestitns
445 5157 713 5226 discernuntur,
753 5143 800 5212 ita
830 5139 1105 5210 adolescentium
1141 5157 1267 5219 mores,
1318 5131 1462 5204 suefacit
1477 5131 1522 5198 ad
1537 5139 1778 5214 contemptum
1795 5122 1922 5212 legum.
1969 5120 2313 5216 Nemeuminpar-

273 5245 868 5333 boniviriexhabitudiiudicant.
903 5237 1051 5310 Nullum
1070 5249 1185 5308 autem
1206 5259 1267 5327 pa·
1317 5235 1371 5304 vis
1396 5235 1519 5314 rebus,
1553 5228 1707 5318 primum
1738 5250 1757 5293 a
1791 5223 2047 5295 consuetudine
2073 5225 2249 5294 bonorum
2278 5243 2314 5298 et

274 5359 507 5437 trimonium‚
538 5351 655 5419 nullas
680 5369 764 5438 opes
786 5339 873 5412 haec
896 5357 990 5411 aetas
1017 5339 1130 5430 pluris
1153 5339 1268 5407 iacere
1318 5333 1506 5427 apnblicis
1522 5327 1949 5412 institutissliscesserint,
1977 5326 2144 5414 paulatim
2160 5327 2208 5398 ita
2225 5351 2314 5397 con·

276 5485 382 5557 quam
397 5452 691 5527 existimationem
707 5448 822 5518 debet.
857 5439 961 5512 Hanc
975 5463 1101 5530 magna
1116 5453 1268 5531 exparte
1291 5456 1296 5523 Ἰ
1318 5437 1479 5506 firmatur
1496 5431 1653 5515 audacia,
1677 5441 1716 5499 nt
1733 5429 1836 5498 etiam
1850 5429 1889 5512 in
1906 5429 2101 5500 maioribus
2115 5430 2220 5500 rebus
2236 5453 2312 5500 non
