4718 5828
132 249 182 322 83
577 241 756 323 huet.
787 239 861 320 ult
898 241 1123 330 sanato,
1155 245 1512 328 DOCTRINAE
1551 249 1743 334 aaut„
2120 265 2169 338 34

7 489 13 500 .
133 431 240 492 stant.
293 415 409 510 Digna
432 431 485 490 0⁸1
508 417 658 488 omnino
681 413 848 510 Principe
870 414 948 487 vim
971 437 1057 488 curt
1078 413 1132 486 rei
1184 447 1330 518 quaeso,
1355 423 1400 496 da
1416 447 1535 517 preces
1548 439 1583 498 te
1597 443 1738 502 nostrae
1752 434 1927 527 supplices
1942 435 2099 529 placent,
2122 419 2171 508 da

133 521 332 606 litera-riae,
355 521 502 614 etquod
520 520 582 590 illa
596 532 718 592 renata
737 541 859 612 sapere
873 517 1022 611 incipiat
1037 513 1132 588 Ger·
1182 541 1223 598 ut
1253 528 1409 598 sentiant
1441 526 1678 602 Maximiliani
1714 557 1852 618 manes,
1891 539 2065 630 proluisse
2099 539 2170 610 sihi

134 624 277 710 mania,
311 636 347 694 et
367 627 463 716 quod
488 623 565 692 sine
583 621 698 693 literis
722 645 829 694 nemo
847 621 1021 714 imperare
1037 632 1131 691 recte
1182 631 1274 720 apud
1294 643 1327 700 te
1350 629 1427 722 pias
1441 625 1620 702 Ecclesiae
1635 659 1772 728 preces,
1805 637 1863 709 cui
1884 653 1924 710 tu
1940 665 2020 711 eum
2039 641 2171 731 guber.

132 725 236 798 sciat.
287 722 327 794 ld
345 727 440 818 qarod
464 724 593 795 dixisse
611 724 725 794 fertur
739 722 989 814 sigismundus
1002 718 1132 794 Caesar
1181 745 1339 802 natorem
1373 755 1413 802 ae
1441 727 1643 826 Principem
1680 739 1804 814 fecisti,
1870 739 1941 812 Per
1972 742 2168 814 bonitatem

133 829 179 896 ad
195 826 419 898 Ludovicum
435 824 611 897 Comitem
631 824 836 896 Palatinum
855 819 999 910 Rheni,
1023 847 1130 894 avum
1181 845 1278 903 tuam
1300 830 1442 906 Christe
1464 831 1545 906 lesu
1567 831 1655 930 Opt.
1679 837 1773 912 Max.
1795 854 1830 911 te
1847 867 1997 936 quaeso,
2025 845 2169 916 interim

133 929 211 997 eius
227 929 291 1024 qui
310 923 417 996 hodie
433 929 606 1000 ditionem
626 927 817 1016 gubernat,
842 947 1032 1020 tenentque
1048 949 1129 1017 per·
1181 935 1320 1026 plebem
1344 950 1440 1008 tuam
1461 961 1595 1016 assere.
1628 963 1748 1028 serva,
1782 959 1942 1036 protege,
1976 970 2067 1040 quae
2086 971 2170 1018 san·

131 1033 307 1113 nrovisse,
341 1044 381 1102 ut
402 1030 472 1098 iam
501 1052 610 1100 canus
649 1029 794 1100 Latinas
826 1029 945 1098 literas
969 1026 1130 1113 disceret,
1180 1037 1287 1126 guine
1311 1051 1374 1110 tuo
1398 1039 1556 1124 imbuta,
1589 1065 1663 1112 non
1686 1044 1830 1115 aliunde
1852 1073 1957 1142 quarn
1982 1071 2023 1117 ex
2047 1062 2079 1120 ta
2099 1049 2168 1120 sibi

131 1155 208 1198 non
231 1133 335 1200 aliter
358 1155 465 1224 qaam
487 1128 580 1212 Cato,
602 1129 766 1202 Graecas.
818 1123 1027 1200 Machanica
1045 1153 1129 1200 vero
1180 1138 1328 1212 salutem
1348 1153 1474 1234 sperat.
1524 1139 1621 1214 Dixi.

131 1236 308 1326 quaedam
338 1257 356 1300 a
382 1231 629 1302 Marimiliauo
654 1232 801 1326 inventa
820 1244 921 1312 suat,
954 1230 1127 1324 quaedam

130 1329 253 1404 acrcta:
298 1358 381 1404 narn
415 1334 462 1402 ad
497 1334 557 1404 illa
594 1357 675 1403 eum
705 1333 799 1407 miro
832 1331 976 1422 ingenio
1010 1331 1130 1416 fuisse,
1182 1387 1295 1408 ..ῃ

129 1437 251 1524 dignis
273 1437 343 1506 lide
363 1436 511 1506 testibus
532 1435 658 1506 didici.
718 1433 789 1505 Sed
806 1435 892 1528 quid
910 1457 974 1524 ego
989 1431 1127 1528 sinqula

130 1536 398 1606 commemoro?
430 1549 513 1606 ante
529 1537 651 1608 oeulos
670 1537 792 1628 ponite
805 1533 961 1629 Reipub.
976 1531 1129 1606 Germa-

129 1639 233 1710 nicae
247 1652 394 1723 statum,
418 1652 460 1708 ιιι
474 1638 571 1710 illius
588 1639 754 1732 auspiciis
772 1637 923 1708 erexerit
938 1647 1043 1730 caput
1058 1659 1129 1706 nu·
1987 1603 2169 1724 Q·

129 1763 214 1832 per,
248 1735 315 1810 boc
338 1753 517 1824 emortuo,
551 1765 572 1808 o
595 1741 682 1825 fata,
710 1754 745 1810 ct
767 1765 789 1810 o
809 1739 996 1810 necessitas
1019 1739 1127 1808 modo
1329 1781 1380 1868 D
1503 1781 1555 1868 d.
1753 1789 1763 1809 .

129 1865 276 1912 rursum
290 1841 463 1912 demittat.
516 1838 650 1910 Videor
665 1837 755 1910 mihi
769 1841 889 1910 virlere
906 1855 987 1912 ante
1004 1839 1127 1910 oculos
1382 1793 1501 1870 em
1538 1811 1582 1867 ²⁰
1611 1785 1850 1878 doctum
1880 1791 2018 1884 Paul·

130 1967 359 2012 communem
389 1956 570 2032 parentem
598 1943 761 2012 omnium
790 1957 953 2012 nostrum
976 1939 1127 2012 Germa-
1248 1959 1284 2014 Se
1305 1957 1399 2014 anaim
1422 1959 1540 2032 prodiit:
1575 1963 1642 2034 „Aa
1669 1963 1797 2021 Pectines
1816 1969 1957 2028 doetrinae
1975 1975 2097 2032 studium
2118 1979 2169 2034 ad·

132 2046 233 2116 niam
257 2046 428 2136 pullatam
448 2067 489 2112 ac
510 2045 746 2127 sordidatam,
777 2043 969 2114 miserabili
985 2043 1128 2133 gemitu,
1281 1977 1415 2154 P‘Pffl:
1446 2029 1582 2151 ”filil
1597 2033 1692 2156 Ἢ·
1707 2034 1777 2090 P‘ffi
1793 2039 1894 2104 (ΜΒ
1913 2041 2011 2126 ⁸·.¹¹lc
2023 2045 2082 2129 ΡΠ·
2106 2048 2168 2132 Vil-

131 2169 299 2216 revocare
317 2147 539 2216 Servatorern
556 2169 679 2217 suum:
713 2159 860 2230 stantes,
885 2140 951 2214 hac
966 2167 1128 2238 proceres
1280 2115 1547 2236 ibiim'bomnuiubb.
1561 2120 1604 2223 bb
1624 2105 1722 2229 abdrf'
1733 2121 1770 2228 C
1781 2105 1830 2160 ¹⁵⁵
1845 2129 1887 2181 ’Ψ
1906 2113 1952 2166 ’ὼ
1968 2115 2094 2170 acarna.
2108 2137 2168 2190 ’μ’

131 2248 285 2318 militiae
300 2261 457 2328 nostrae,
485 2247 566 2318 illac
583 2249 732 2318 effusum
747 2269 884 2337 gregem
900 2271 1039 2334 eorum,
1065 2246 1127 2340 qui
1281 2235 1356 2296 σω·
1370 2235 1481 2362 Mlffl'·
1490 2240 1520 2357 ὲ·
1530 2237 1759 2360 pflfunoehml·
1778 2243 1811 2304 T·
1824 2245 1844 2300 L
1858 2267 1886 2319 v·
1899 2249 1944 2318 8η
1968 2249 1996 2304 tn
2010 2251 2130 2310 Servent·
2144 2257 2168 2312 Ι.

94 2343 263 2452 §Qiis
282 2349 376 2440 pacis
397 2344 465 2418 hoc
488 2347 654 2440 Principe
677 2349 852 2440 stipendia
870 2349 1039 2418 iecerunt.
1091 2343 1127 2418 Ο
1416 2325 1423 2358 ¹
1459 2325 1517 2398 ⁸¹1⁸
1556 2342 1565 2360 ⁶
1615 2311 1722 2380 ’Μ’

95 2441 386 2542 ιῖειιὸιξρηῑιειοι,
418 2449 549 2544 quibus
574 2447 670 2520 hunc
695 2465 765 2518 tam
791 2451 925 2520 clarum
942 2451 1052 2520 solem
1068 2449 1128 2518 in-

119 2541 312 2650 ‘iridlgeuut
330 2553 459 2643 superi.
519 2549 555 2622 Ο
587 2550 787 2621 iuloelicem
817 2552 967 2644 patriam
999 2551 1127 2620 amisso

129 2637 379 2744 ‘pqr'qtltcssipso
403 2669 478 2728 tuo.
537 2651 577 2724 Ο
597 2655 795 2722 insoeticem
831 2655 925 2744 pacis
946 2655 1127 2723 alumnam

106 2741 259 2856 helein.
277 2745 686 2836 ,anteponendum
739 2750 1126 2824 Oinlaelicerurerum
1180 2739 1362 2842 Equidem
1395 2769 1565 2836 agnosco,
1607 2747 1778 2822 Paulinae
1813 2739 2060 2852 philosophiae
2090 2776 2168 2834 stu-

155 2847 356 2952 ulllicp'r'um
380 2861 561 2927 custodem
585 2857 832 2940 concordiam,
858 2857 987 2925 amisso
1005 2881 1046 2924 eo
1064 2856 1125 2948 qui
1179 2853 1279 2921 dium
1303 2849 1404 2918 vobis
1423 2853 1752 2937 commendaturus,
1786 2879 1859 2926 rem
1877 2863 2167 2936 meconarinon

94 2865 361 3064 {brs'bfflttn
393 2959 501 3028 vitam
528 2959 738 3028 concordiae
764 2959 840 3027 iura
864 2959 1126 3047 religiosissime
1181 2951 1285 3045 paulo
1308 2951 1475 3020 maiorem
1496 2951 1642 3026 viribus.
1701 2953 1804 3043 Quae
1827 2975 1876 3028 est
1900 2960 2167 3038 enimhurnana

130 3031 350 3158 tu'lb'ttrsitfs't.
418 3057 454 3129 Ο
478 3061 658 3130 infoelices
681 3058 823 3140 Musas,
863 3061 992 3128 amisso
1020 3061 1126 3128 ιιιιὶιο
1179 3053 1399 3146 eloquentia,
1422 3056 1552 3121 nedum
1569 3079 1665 3134 mea,
1689 3081 1778 3149 quae
1795 3053 1921 3150 possit,
1944 3065 1998 3134 vel
2016 3091 2079 3156 par
2094 3092 2168 3138 esse

129 3147 424 3264 penssfpbab'sidio
448 3177 575 3232 vestro.
635 3159 775 3249 Quaeso
799 3185 862 3229 vos
885 3162 973 3246 viri,
1005 3162 1127 3250 erigite
1179 3155 1280 3226 Pauli
1304 3154 1470 3224 laudibus
1488 3155 1721 3246 explicandis,
1748 3163 1802 3230 vel
1823 3157 1888 3231 boc
1904 3167 2087 3238 doctrinae
2107 3137 2193 3257 ge-²

128 3235 355 3362 ιιιίιξιρἐἷὶιι
376 3261 606 3334 Germaniam
632 3263 744 3354 ipsam
768 3263 986 3354 lapsantem,
1013 3263 1126 3332 ocrrlis
1181 3282 1247 3332 nus
1275 3257 1460 3325 adserere?
1506 3259 1622 3348 quod,
1656 3267 1883 3352 quautcnnvis
1910 3292 2038 3356 magno
2061 3267 2168 3342 Chri-

127 3357 439 3456 mpietapffimini:
473 3363 652 3435 Meeuim
678 3365 780 3455 plura
804 3365 921 3434 dicere
944 3389 1017 3434 uon
1041 3365 1127 3434 sinit
1178 3361 1313 3431 stianae
1334 3355 1567 3450 Reipublicae
1593 3361 1708 3446 malo,
1745 3367 1943 3436 seculorum
1962 3371 2098 3466 aliquot
2114 3373 2167 3442 sa-

1181 1574 1312 1708 Q

1283 2305 1368 2378 μὴ

1204 2479 1449 2584 ΑάΙιοιιαιιο,
1465 2480 1517 2552 ad
1550 2478 1786 2558 christianae
1819 2487 2036 2586 doctrinae,
2076 2521 2145 2592 per

1360 2585 1553 2656 Paulum
1573 2585 1770 2680 proditae,
1802 2591 1985 2668 studium.

1773 2175 1925 2236 mmmm
1972 2181 2169 2256 &wumss
2270 2212 2273 2218 ’

126 3451 365 3558 nuq'cffddlor.
425 3461 563 3536 Omnes
584 3466 726 3535 interim
749 3467 838 3534 tanti
859 3465 1036 3557 Principis
1051 3491 1126 3536 me-

129 3565 285 3662 rnoria'up
300 3565 612 3658 'contemplatione
636 3565 810 3638 virtutum
834 3586 989 3639 sanctam
1017 3569 1126 3638 duca·

130 3669 243 3753 t'tt'jts,
257 3671 330 3768 qaid
344 3672 506 3756 nondum
523 3671 614 3740 alius
628 3669 665 3736 in
681 3692 788 3758 reguo
804 3667 1037 3753 Germaniae,
1061 3692 1126 3738 ne-

129 3761 402 3866 quipplv'a‘tltm,
429 3795 544 3864 neque
566 3771 705 3861 publice
721 3771 919 3840 maioribus
935 3795 1126 3840 ornamen-

126 3871 397 3972 fiQiilssllfflll
425 3870 620 3964 Europam.
685 3867 878 3940 Doleanrus
911 3896 1030 3940 casum
1058 3897 1125 3940 uo·

129 3963 262 4066 stipari,
299 3975 429 4068 quihus
457 3974 674 4042 alienissimo
697 3987 874 4064 ternpore,
908 3987 1014 4066 atque
1037 3975 1124 4044 adeo

130 4067 203 4152 aa?
228 4097 310 4142 cum
330 4075 591 4168 sapientissimo
613 4075 717 4144 nobis
733 4073 899 4165 Principe
920 4097 1010 4166 opus
1025 4089 1124 4156 esset,

127 4172 381 4274 Maximiliano
406 4179 597 4248 carendum
619 4192 681 4248 est.
735 4175 845 4244 Vides
864 4191 998 4262 autem,
1038 4175 1125 4244 lllu·

128 4271 303 4378 strissime
318 4275 490 4370 Princeps
497 4271 541 4348 F
537 4271 704 4361 alderice,
729 4291 770 4348 ιιι
785 4277 822 4345 in
837 4291 870 4346 te
885 4278 955 4345 iam
971 4285 1028 4346 res‘
1042 4279 1124 4346 uni-

127 4383 250 4468 versae
268 4377 410 4470 Imperii
425 4379 585 4452 Romani
602 4380 792 4448 inclinatae
807 4381 1023 4449 recumbant.
1065 4369 1124 4450 'l'u

127 4477 226 4571 pacis
257 4483 394 4568 studia,
428 4481 501 4567 ius,
534 4483 711 4573 fidemque
729 4482 938 4572 publicam,
972 4482 1123 4575 quaein

128 4575 299 4652 humeros
327 4584 395 4652 iam
419 4597 499 4654 tuos
522 4583 743 4668 inciderunt,
772 4583 979 4663 sustinebis,
1006 4606 1125 4653 serva-

128 4680 203 4770 bis,
239 4709 280 4752 ac
311 4686 476 4755 tuebaris.
542 4681 714 4774 Magnum
741 4685 882 4754 virtutis
906 4673 986 4754 tuae
1012 4687 1122 4755 docu-

127 4799 289 4856 mentum
302 4781 471 4856 bactenus
484 4786 565 4856 orbi
581 4785 728 4856 dedisti:
757 4785 830 4854 lam
849 4809 943 4855 nunc
956 4787 1020 4856 tibi
1037 4811 1122 4856 con-

1179 3463 1278 3534 stidit
1298 3483 1508 3546 consensus,
1540 3485 1647 3554 quem
1671 3465 1701 3534 si
1722 3487 1871 3558 usquam
1887 3471 1994 3556 alias,
2019 3475 2166 3544 certain

1177 3565 1361 3634 literarum
1384 3562 1529 3646 studiis,
1561 3563 1630 3632 nisi
1646 3581 1726 3634 'non
1748 3568 1845 3638 dolet
1874 3572 2053 3646 dediscere
2069 3579 2167 3670 quod

1177 3663 1284 3736 semel
1299 3661 1524 3748 imbibimus,
1550 3665 1826 3754 pertinacissime
1841 3685 1991 3744 tuemur.
2033 3674 2166 3748 Verum

1177 3791 1258 3838 cum
1279 3766 1318 3834 in
1340 3762 1398 3855 pia
1420 3787 1523 3835 causa
1550 3768 1670 3836 nullus
1690 3769 1735 3840 sit
1758 3795 1830 3840 non
1846 3773 2043 3848 laudandus
2059 3803 2166 3850 cona-

1178 3885 1251 3954 tus,
1276 3891 1350 3936 non
1364 3867 1525 3937 dubitavi
1540 3870 1865 3956 audaciussortasse
1885 3899 1988 3970 quam
2008 3884 2164 3970 prudeu-

1177 3972 1264 4056 tius,
1289 3971 1349 4038 sed
1373 3969 1431 4060 pie
1453 3983 1587 4051 tamen,
1614 3995 1706 4056 rem,
1737 3978 1899 4067 quamvis
1914 3978 2046 4071 impar,
2067 4007 2162 4074 egre.

1176 4073 1269 4162 giam
1291 4079 1437 4142 tentare.
1495 4067 1596 4142 Nihil
1619 4085 1729 4153 aetas,
1756 4071 1849 4146 nibil
1873 4083 2025 4152 tenuitas
2044 4099 2163 4156 nostra

1176 4169 1449 4254 dehortabatur,
1481 4175 1625 4265 quando
1649 4197 1722 4243 non
1743 4177 1833 4248 alius
1850 4181 1947 4252 lusus
1964 4179 2055 4256 banc
2070 4189 2163 4258 aeta-

1176 4292 1245 4348 tem
1261 4273 1533 4366 pcrindedecet,
1555 4289 1660 4371 atque
1674 4277 1917 4375 qualecunque
1930 4307 2047 4354 rerum
2058 4283 2166 4359 Chri-

1175 4380 1370 4448 stianarum
1393 4377 1646 4452 rudimentum.
1706 4378 1796 4448 Nam
1812 4387 1908 4476 quod
1926 4387 2044 4458 uoluit
2059 4387 2167 4460 Chri-

1175 4497 1250 4550 stus
1264 4493 1415 4548 nostera
1433 4499 1469 4547 se
1487 4503 1615 4568 pueros
1629 4481 1760 4565 arceri,
1786 4487 1887 4576 quasi
1910 4488 2009 4576 signo
2025 4493 2164 4562 sublato
2194 4547 2197 4562 .

1175 4580 1447 4653 adulescentiam
1467 4583 1511 4648 ad
1528 4583 1582 4650 sui
1596 4583 1753 4652 studium
1771 4586 1947 4659 invitavit.
1999 4589 2165 4678 Proinde,
2267 4589 2277 4598 ’

1175 4684 1244 4754 nisi
1260 4677 1352 4751 nibil
1370 4677 1572 4752 huiusmodi
1585 4685 1675 4754 votis
1689 4687 1888 4776 proficitur,
1910 4693 2062 4782 optarim
2075 4691 2165 4764 milri
2263 4699 2270 4708 ’

1176 4811 1248 4857 uon
1272 4779 1519 4854 inimitabilem
1554 4783 1718 4870 Periclis,
1753 4803 1813 4859 aut
1838 4789 1964 4886 Lysiae
1993 4795 2162 4888 eloquen-

126 4879 318 4958 nilendum
337 4901 407 4969 est,
433 4903 475 4960 ut
496 4913 576 4958 cum
594 4889 706 4958 salute
722 4901 843 4956 nostra
864 4888 1071 4976 sapientiam
1089 4903 1123 4959 et
1174 4892 1278 4960 tiam:
1312 4908 1464 4980 quorum
1485 4886 1630 4956 alterius
1654 4889 1754 4958 labra
1770 4889 1894 4963 Partho
1916 4895 2086 4966 insedisse
2104 4911 2165 4967 ve-

124 4983 296 5059 vir'tutem
319 5003 415 5059 tuam
439 4991 663 5084 coniunxisse
689 4988 851 5061 videaris.
904 4987 1123 5080 Hocsupcr-
1174 5007 1231 5062 tus
1253 4987 1445 5060 Comoedia
1477 5000 1638 5060 testatur:
1670 4991 1820 5062 alterum
1844 4996 1946 5066 etiam
1976 4997 2037 5066 ille
2069 5000 2164 5072 iuxta

125 5105 196 5172 est,
222 5085 404 5188 ut'·''sacris
441 5091 534 5162 votis
560 5093 698 5185 piisque
722 5091 858 5160 inferiis
884 5088 1122 5161 blaximiliani
1176 5090 1356 5184 Apollinis
1368 5089 1552 5160 oraculum
1565 5091 1704 5180 sapiens
1719 5091 1880 5166 Socrates
1894 5101 2088 5170 admiratus
2102 5119 2164 5176 est.

124 5184 281 5262 animant
308 5217 581 5287 prosequamur,
615 5194 710 5287 quod
736 5194 809 5276 illi,
843 5191 899 5260 vel
919 5205 956 5262 ιιι
973 5194 1122 5282 parenti,
1173 5195 1242 5266 Sed
1271 5192 1373 5262 illum
1396 5192 1511 5283 ipsum
1538 5217 1620 5262 vere
1650 5195 1876 5266 flexanimum
1900 5197 2071 5273 Paulinae
2094 5205 2167 5274 lin·

122 5291 302 5384 Principi,
330 5291 907 5378 velutfratri,‚bominidcbetis.
960 5293 1122 5388 'l'uquo-
1173 5293 1470 5386 guaespiritum,
1501 5294 1674 5366 divinitus
1702 5301 1937 5387 suppeditari,
1972 5319 2005 5372 et
2033 5309 2165 5378 oratio·

89 5395 92 5400 ’
119 5419 190 5489 que
209 5419 272 5486 per
290 5397 486 5467 bonitatem
503 5412 599 5467 tuam
616 5392 757 5467 Christe
776 5395 855 5466 lesu
872 5393 958 5490 Opt.
976 5396 1071 5470 Max.
1089 5413 1121 5469 te
1173 5423 1256 5469 nem
1281 5409 1439 5466 nostram
1463 5396 1721 5483 animatorum,
1753 5415 1788 5472 et
1816 5415 1954 5493 pectora
1978 5423 2093 5477 vestra
2119 5413 2166 5482 acl

166 5503 356 5568 ttmm.
384 5503 490 5573 Orsa.
516 5491 601 5572 Ver..
629 5503 705 5570 Xl.
1311 5519 1317 5527 '
1525 5497 1549 5566 3
