4718 5828
99 215 138 289 n
282 225 298 314 .'
458 155 463 165 ’
805 201 965 284 unca.
997 201 1073 279 nn
1098 197 1373 276 nnonnus.
2055 218 2106 294 70

52 455 54 460 Δ
96 383 173 456 haud
195 379 299 454 dubie
315 379 359 450 de
382 401 509 469 genere
525 377 617 448 vitae
644 379 859 462 consulturi,
887 382 1061 469 rogarent,
1113 373 1188 444 eius
1212 395 1248 444 se
1271 375 1436 443 mandato
1460 387 1656 466 comparat,
1681 377 1739 447 cni
1764 381 1826 474 qni
1853 387 2045 477 auscultat,
2071 392 2100 464 is

97 489 163 581 quid
181 510 197 551 a
215 507 249 551 se
270 482 343 551 heri
360 481 483 568 vellet,
509 475 602 550 nihil
619 475 675 549 bic
690 482 819 569 exegit,
848 481 917 550 nisi
934 497 972 552 ut
988 483 1060 552 suis
1112 499 1186 544 non
1212 478 1318 546 modo
1337 469 1428 544 nihit
1452 493 1590 568 peccat,
1616 483 1696 566 secl,
1723 489 2020 576 quemadmodum
2043 519 2098 564 sa-

95 585 227 660 contenti
241 584 435 674 stipendiis,
462 583 640 652 neminem
655 583 974 666 calumniarentur,
999 597 1060 654 ant
1111 601 1190 646 cras
1207 577 1489 662 illerde-docent,
1515 593 1674 652 Samium
1699 586 1802 654 ‘llam
1827 589 1981 660 ⁰ffi⁶l¹¹ffl
2004 597 2098 672 facil·

93 699 307 761 concuterent.
347 684 461 756 Porro
475 703 554 754 eum
573 683 758 775 stipendiis
775 684 872 754 iubet
887 707 960 753 esse
973 709 1059 753 con·
1109 675 1285 770 Praecipit
1300 693 1415 748 autem
1430 677 1526 750 Dens
1549 697 1661 752 morte
1678 686 1839 757 mulctari
1856 713 1936 760 eum
1954 697 2015 788 qni
2032 693 2097 770 ho-

91 805 204 874 tentos,
235 787 417 878 publicum
440 809 590 870 munus,
625 787 721 878 qnod
757 786 826 854 illis
853 788 1056 854 mandatnm
1108 781 1241 850 minem
1259 781 1445 861 occiderit,
1472 806 1562 875 qnae
1578 785 1632 854 lex
1648 787 1732 856 citra
1751 797 2023 866 controversiam
2041 813 2097 872 to-

92 906 164 972 erat,
187 891 288 981 plane
313 889 496 979 adprobat,
548 885 640 976 Quis
664 888 912 957 „oscitantem
940 887 1056 976 Magi.
1108 894 1180 964 tam
1198 877 1384 954 πολιτείαν
1406 885 1661 974 complectitur.
1713 883 1856 960 Etenim
1875 907 1916 964 ut
1935 899 2096 986 publicae
2194 877 2240 916 Ἰ

93 1005 240 1064 ,ppupm
263 1015 377 1073 arma,
403 990 494 1078 leges
517 1002 553 1058 et
576 988 705 1056 iudicia
729 1009 820 1068 esse,
848 1011 938 1080 quae
958 991 1055 1058 domi
1107 985 1376 1076 tranquillitatis
1399 1007 1501 1054 cansa
1520 989 1572 1056 las
1596 1002 1646 1056 est
1661 991 1705 1057 de
1725 992 1838 1082 capite
1860 989 2016 1070 hominis
2037 1001 2095 1072 iu-

91 1096 148 1162 nim
162 1115 196 1161 ac
212 1091 379 1162 iniuriam
404 1091 578 1160 acivibns
600 1081 814 1180 prohibent?
844 1089 963 1176 Quare
980 1114 1054 1158 non
1105 1085 1239 1172 dicare,
1268 1086 1316 1156 ita
1343 1100 1376 1156 et
1403 1089 1587 1168 adrerum
1621 1091 1851 1175 divisionem,
1889 1099 1932 1166 ad
1961 1095 2124 1177 leviora⁸

90 1196 216 1265 pubium
231 1207 292 1276 ep,
313 1193 401 1284 quin
416 1193 503 1262 tanti
519 1191 611 1279 leges
626 1191 805 1259 faciendae
820 1191 903 1271 sint,
929 1193 1053 1284 quanti
1104 1187 1242 1275 negotia
1268 1188 1510 1277 transigenda,
1540 1195 1684 1282 quando
1708 1193 1812 1266 aliter
1833 1199 1994 1286 prrblicae
2014 1208 2093 1296 paci

87 1297 313 1385 Magistratum
328 1292 484 1384 Baptista
500 1291 596 1363 facit.
630 1290 1052 1381 Pauluslllagistratuum
1104 1289 1243 1358 consuli
1258 1311 1329 1357 nou
1348 1303 1471 1379 potest,
1497 1294 1712 1364 constituere
1729 1295 1857 1366 iudicia
1872 1299 1982 1378 licuit.
2018 1293 2100 1376 lla-¹

86 1397 287 1468 autoritatem
305 1393 495 1486 praedicat,
515 1417 594 1463 cum
611 1391 718 1482 gladii
736 1417 838 1462 nsum
854 1395 1050 1463 ordinatio·
1102 1401 1153 1458 lul
1168 1389 1222 1459 lex
1236 1390 1273 1458 ln
1290 1387 1421 1460 GffleSl
1436 1393 1480 1460 ad
1495 1391 1593 1479 Nos,
1618 1397 1784 1468 ”nivem
1807 1403 2009 1476 ¹¹¹⁰f¹³¹l⁰¹¹¹
2031 1431 2092 1499 ΕΘ·

86 1523 152 1566 ,pm
172 1497 236 1570 Dei
261 1509 383 1577 vome,
416 1507 451 1566 et
473 1493 720 1584 Magistratum
742 1493 810 1564 Dei
838 1495 1051 1569 ministrum.
1102 1492 1178 1559 neri
1196 1493 1283 1576 lata,
1309 1506 1429 1585 estque
1442 1494 1647 1566 confirmata
1664 1499 1825 1570 mosaicis
1840 1503 1980 1591 edictis,
2001 1534 2091 1602 quae

85 1598 186 1691 Aquo
199 1597 343 1667 oraculo
362 1620 403 1666 ex
418 1596 592 1686 diametro
609 1595 779 1665 dissident
796 1590 853 1680 bi,
879 1597 940 1690 qui
958 1597 1051 1686 leges
1101 1593 1239 1663 tametsi
1264 1593 1349 1662 solis
1372 1591 1544 1665 Hebraeis
1566 1601 1745 1690 proposita
1768 1615 1870 1688 sunt,
1896 1617 2014 1678 tamen
2033 1635 2091 1682 ar-

85 1700 254 1791 impietatis
283 1710 465 1768 accusante
506 1695 570 1767 Est
598 1697 692 1766 enim
721 1697 834 1768 hostis
858 1695 942 1778 Dei,
976 1723 1050 1766 non
1102 1709 1212 1782 gunnt
1230 1691 1346 1764 Deum
1370 1697 1519 1785 probare
1535 1721 1690 1786 morem,
1716 1725 1796 1773 cum
1817 1703 2000 1778 iudicandi
2021 1737 2089 1800 res,

83 1802 241 1884 minister,
266 1800 427 1892 quisquis
446 1823 484 1868 ea
500 1799 668 1888 suscipit,
693 1821 784 1890 quae
801 1799 942 1868 divinae
957 1799 1050 1890 leges
1102 1807 1176 1864 tum
1192 1795 1459 1888 plectendorum
1472 1799 1640 1876 sontium.
1683 1801 1774 1875 Nota
1790 1804 1885 1876 enim
1900 1805 2004 1880 Pauli
2021 1839 2089 1886 vox

84 1915 193 1977 ,gang
244 1900 320 1990 Qui
343 1901 486 1970 apertu,
508 1899 890 1984 morivitiumotiert,
915 1901 1049 1993 quires
1101 1908 1167 1964 est:
1201 1897 1330 1986 Legem
1352 1897 1492 1968 iniustis
1513 1899 1620 1970 la'tam
1642 1925 1735 1990 esse,
1766 1931 1856 2002 quae
1878 1927 2016 1999 monet,
2049 1931 2090 1988 ut

82 2005 211 2074 aliorum
228 2003 354 2074 fraude
368 1999 579 2086 intervertit,
605 2001 665 2094 qui
683 2001 839 2092 periurio
858 2001 963 2086 fallit,
988 2001 1050 2094 qni
1101 1997 1162 2089 qui
1186 1998 1314 2088 spiritu
1336 1993 1469 2068 Christi
1492 2025 1564 2070 non
1586 2003 1788 2094 frenantur,
1821 2033 1900 2080 cum
1923 2011 2089 2104 Hebraei,

82 2107 193 2175 bellum
209 2127 290 2174 cum
306 2102 441 2196 superis
455 2101 564 2194 gerit,
589 2121 664 2172 non
682 2103 843 2174 minister
858 2117 921 2183 est,
947 2103 1050 2172 deni·
1099 2109 1176 2167 tum
1206 2099 1336 2193 reliqui
1362 2101 1546 2186 mortales,
1586 2104 1723 2194 lesslbm
1750 2105 2021 2202 ⁰⁰l¹⁰rcefl¹¹l¹¹¹¹2
2054 2134 2090 2192 Εἰ

84 2229 138 2300 qne
150 2202 254 2276 hostis
275 2219 345 2284 est,
371 2205 612 2296 cuiuscunque
630 2203 765 2273 iunctio
782 2204 923 2295 proprie
940 2205 1047 2294 impia
1100 2211 1267 2305 tanquam
1284 2223 1420 2270 carcere
1436 2204 1524 2294 septi
1543 2217 1739 2290 teneantur,
1756 2235 1920 2305 nequem
1936 2215 2088 2308 laedant,

83 2321 132 2378 est.
179 2307 300 2395 Quare
319 2329 400 2375 cum
417 2303 549 2376 Paulus
566 2303 831 2396 Magistratum,
859 2303 925 2374 Dei
940 2305 1049 2373 mini·
1100 2323 1145 2368 ne
1178 2301 1278 2370 cuius
1312 2303 1417 2371 rebus
1443 2305 1613 2375 damnum
1637 2309 1731 2383 dent.
1789 2310 1926 2386 Eodem
1955 2318 2084 2412 impios

83 2423 174 2478 sturm
195 2422 317 2492 vocat,
341 2429 415 2477 non
434 2399 587 2490 hostem,
612 2419 718 2495 negat
738 2407 813 2476 eius
829 2407 1047 2494 provinciam
1099 2425 1221 2472 omnes
1248 2425 1397 2472 numero
1422 2427 1502 2474 cum
1526 2404 1658 2480 Gentes
1690 2425 1765 2482 tum
1791 2412 2086 2509 ludaeos-habu,

83 2535 147 2578 cnm
160 2511 328 2599 religione
344 2531 512 2600 pugnare.
566 2505 718 2592 Contra,
742 2509 804 2602 qni
820 2507 1048 2596 Magistratus
1099 2502 1287 2596 gladioque
1302 2525 1363 2574 seu
1376 2504 1445 2594 legi
1458 2507 1502 2574 ad
1518 2532 1629 2578 unum
1651 2535 1772 2584 omnes
1793 2518 1923 2590 subdit.
1973 2519 2086 2594 Suum

82 2614 248 2694 damnant,
283 2611 392 2679 semel
417 2623 491 2678 nno
518 2611 663 2680 nomine
692 2631 814 2678 omnes
839 2609 993 2678 latrones
1015 2622 1048 2678 et
1098 2619 1215 2674 autern
1231 2607 1408 2698 quoddam
1422 2601 1554 2679 Christi
1576 2633 1724 2701 regnum
1740 2629 1808 2703 est,
1835 2623 1896 2712 qui
1913 2645 1992 2692 cnm
2012 2649 2087 2696 non

81 2707 134 2782 Dei
161 2710 275 2782 hostes
310 2734 384 2780 esse
418 2710 675 2803 pronunciant:
710 2713 805 2804 qnod
834 2735 938 2803 quam
972 2735 1045 2778 non
1098 2705 1137 2772 in
1153 2701 1221 2774 hoc
1237 2729 1274 2774 se
1289 2707 1393 2776 nobis
1408 2712 1613 2792 «tetenderit,
1639 2727 1678 2784 nt
1694 2709 1884 2790 humanam
1900 2723 2088 2799 nohestan

81 2816 207 2904 quadret
222 2818 267 2884 ad
284 2811 472 2906 Paulinam
489 2812 718 2895 sententiam,
743 2813 966 2903 perspicuum
985 2825 1046 2882 est.
1101 2809 1284 2897 conderet,
1312 2809 1439 2878 mundi
1454 2834 1601 2901 regnum
1619 2837 1692 2883 non
1715 2819 1896 2908 labefacit,
1922 2827 2032 2897 immo
2048 2829 2087 2899 in

82 2913 161 3001 Quid
174 2916 267 2984 enim
285 2928 358 2982 tarn
373 2914 544 2984 dissimile
555 2913 668 2983 voluit
683 2913 743 2981 ille
761 2937 833 2981 esse
849 2913 1047 2993 latrocinio,
1098 2908 1136 2978 id
1160 2910 1315 2981 extrudit
1338 2931 1416 2990 eos,
1442 2935 1531 3004 quos
1552 2938 1571 2984 a
1596 2918 1815 3007 turpitudine
1830 2949 1903 2994 non
1919 2923 2087 3002 dehorta-

81 3041 167 3108 qnam
182 3016 457 3104 Magistratum?
510 3013 614 3084 Hunc
637 3015 906 3108 tranquillitatis
929 3014 1048 3104 publi·
1099 3023 1157 3080 tur
1177 3011 1312 3104 pietas,¹
1347 3025 1387 3082 ut
1410 3012 1463 3082 vis
1485 3029 1692 3088 remoretur.
1750 3021 1889 3097 Prodiit
1913 3025 2087 3118 Christus,

81 3139 127 3186 cae
143 3121 336 3201 custodem,
360 3130 544 3206 nuncupat
557 3113 709 3201 Paulus,
734 3140 813 3184 cum
831 3139 950 3205 gerere
971 3117 1048 3203 gla—
1098 3124 1138 3182 ιιι
1151 3113 1361 3182 coelestibus
1376 3116 1601 3202 muneribus,
1620 3133 1659 3189 ut
1674 3119 1935 3201 immortalitate
1952 3157 2086 3222 paucu-

80 3218 158 3288 dinm
171 3219 314 3301 scribit,
339 3229 379 3288 ut
392 3219 506 3288 bonos
521 3208 676 3288 honores
690 3217 842 3290 adliciat.
893 3215 998 3304 Quod
1017 3219 1047 3285 si
1099 3214 1153 3282 los
1169 3217 1351 3306 quosdam,
1377 3227 1544 3309 tanquam
1561 3219 1598 3288 in
1614 3222 1723 3292 alium
1740 3231 1883 3300 annuos
1899 3238 2086 3326 mundum,

80 3317 281 3391 latrocinium
306 3317 535 3409 Magistratus
560 3331 628 3404 est,
659 3321 839 3388 custodem
869 3319 1044 3388 bonorum
1098 3317 1264 3399 donaret,
1296 3339 1369 3384 non
1393 3330 1433 3385 υι
1454 3319 1612 3392 civitates
1637 3327 1875 3406 constitueret.
1927 3333 2085 3428 Regibus

82 3421 226 3510 quistdo
248 3421 467 3511 adpeltabit?
517 3419 620 3491 Iubet
644 3420 728 3488 item
751 3419 882 3490 Paulus
906 3422 1044 3509 piorum
1099 3410 1191 3486 hanc
1218 3418 1436 3506 provinciam
1461 3420 1624 3514 reliquit,
1661 3433 1848 3500 tenendam
1870 3459 2085 3510 conservan-

80 3522 151 3592 vofi,
168 3522 399 3613 Magistratus
422 3519 497 3592 Deo
521 3521 777 3603 commendari,
806 3535 846 3590 ut
867 3523 956 3589 salvi
980 3545 1047 3611 pn·
1097 3518 1248 3609 dumque
1261 3517 1328 3586 ocii
1345 3521 1469 3588 tuendi
1486 3545 1601 3625 causa.
1646 3523 1722 3616 lpse
1736 3529 1773 3599 in
1790 3533 1930 3622 piorum
1944 3555 2083 3629 pectora

80 3619 183 3692 blicam
197 3623 497 3716 tranquillitatem
511 3637 685 3694 tueantur.
743 3619 910 3714 Idemque
926 3624 1046 3692 exerla-
1097 3617 1259 3706 spiritum
1276 3641 1380 3686 suum
1393 3621 1626 3708 transfundit,
1651 3641 1691 3698 ut
1707 3630 1927 3706 divinitatem
1945 3665 2024 3712 cum
2041 3643 2084 3714 iis

80 3722 704 3816 aiuituaietsflieremiaspraecipis
756 3723 1064 3795 quucolumitg..
1097 3718 1344 3789 communicet.
1397 3717 1475 3810 lpse
1493 3726 1601 3795 verbo
1624 3745 1772 3804 renovat
1790 3739 1930 3826 piorum
1949 3758 2084 3815 mentes

81 3827 329 3898 10m1,1r0tini0
345 3828 501 3918 precari,
525 3821 641 3894 nihilo
657 3825 913 3912 magistratus,
940 3849 1043 3916 quam
1095 3815 1158 3891 καὶ
1171 3817 1491 3914 μετασχηματίζει.
1516 3821 1618 3896 Nihil
1635 3823 1719 3902 haec
1729 3837 1772 3902 ad
1783 3839 1908 3910 mundi
1924 3865 2083 3934 regnum,
2169 3903 2170 3906 ,

80 3925 150 3996 hene
172 3929 309 4019 precari
337 3924 578 4020 lupanaribus.
640 3925 730 3996 'l'arn
758 3927 850 3996 clare
877 3925 1045 3994 discernit
1096 3924 1192 4014 quod
1209 3923 1246 3990 in
1262 3925 1516 4012 componendis
1530 3937 1668 4000 tantum
1688 3937 1858 4024 moribus,
1880 3943 1917 4010 in
1933 3951 2082 4020 arcenda

82 4028 284 4100 alatrocinio
310 4027 558 4119 Magistratum
583 4028 769 4117 scriptura:
804 4030 896 4098 inter
912 4027 1042 4119 quaesi
1096 4023 1265 4092 violentia
1288 4036 1457 4094 versatur.
1522 4026 1562 4096 ld
1586 4035 1681 4124 quod
1713 4059 1785 4106 non
1816 4043 1918 4112 sacile
1944 4061 2082 4121 tantum

82 4124 153 4199 nihil
181 4133 347 4216 interest,
385 4133 571 4200 sceleratus
605 4143 680 4199 erat
708 4125 853 4216 loseph,
892 4151 971 4196 cum
1006 4128 1044 4195 in
1095 4121 1358 4210 iertChristus‚
1384 4128 1587 4217 sedprobat
1610 4133 1734 4220 etiam,
1760 4163 1840 4212 cum
1861 4159 1894 4218 et
1914 4169 1997 4218 suos
2020 4157 2083 4241 pa-

82 4219 214 4326 tleg'ypto
236 4235 451 4324 imperaret,
477 4231 635 4300 scelerati
652 4229 839 4301 Cornelius
862 4243 895 4298 et
922 4243 1045 4298 centu—
1095 4249 1171 4294 rere
1187 4225 1293 4310 iubet,
1318 4241 1352 4296 et
1368 4227 1602 4326 ministerium
1619 4231 1685 4304 Dei
1700 4261 1773 4310 asse
1788 4243 1927 4316 fatetur.
1962 4247 2083 4338 Quare

82 4332 139 4418 rio,
158 4337 253 4406 cuius
279 4337 386 4404 fidem
410 4331 574 4404 Christus
593 4333 696 4400 canice
720 4333 910 4421 praedicat,
936 4331 1044 4420 pleri·
1096 4327 1156 4420 qui
1171 4329 1213 4394 od
1229 4325 1386 4417 Respub.
1402 4332 1571 4401 accessuri
1587 4349 1687 4422 sunt,
1713 4333 1777 4411 hos
1795 4369 1868 4416 non
1884 4352 1991 4420 modo
2010 4377 2084 4426 non

83 4437 220 4524 quatiam
238 4438 301 4506 atii
320 4437 381 4528 qni
398 4433 630 4526 Respublicas
650 4445 685 4504 et
701 4433 884 4522 gentilium
909 4433 1043 4520 legibus
1095 4423 1243 4498 retrahit
1271 4429 1416 4520 religio,
1447 4435 1505 4501 sed
1533 4452 1655 4508 monet
1677 4440 1781 4511 etiam
1803 4449 1901 4537 pium
1928 4453 2082 4527 officinm

82 4537 362 4610 administrarant.
426 4535 480 4606 De
511 4521 659 4606 irrdaicis
692 4531 851 4622 Regibus
882 4532 1054 4602 nondum'
1096 4531 1266 4614 facturos,
1292 4532 1320 4598 si
1339 4533 1479 4622 publica
1499 4559 1645 4608 munera
1662 4555 1752 4611 recte
1769 4551 1956 4638 gesserint,
1981 4556 2011 4625 si
2027 4559 2082 4627 ius

82 4633 268 4733 dico,·qnos
293 4652 423 4730 putam
444 4639 562 4706 minus
585 4659 686 4727 posse
704 4639 746 4704 ad
766 4649 883 4705 nostra
903 4659 1045 4724 compa-
1096 4633 1244 4700 candide
1259 4631 1423 4703 dixerint.
1476 4634 1548 4725 Qui
1561 4661 1659 4709 secus
1673 4645 1817 4730 ducent,
1843 4657 1922 4723 curin
1939 4657 1982 4724 de
1996 4683 2083 4749 pro-

83 4739 150 4822 rui,
170 4746 227 4810 sed
244 4738 314 4810 hos
329 4763 417 4833 quos
430 4739 599 4824 recensui,
626 4761 754 4831 quaeso
772 4737 951 4827 patiamini
971 4761 1044 4803 me·
1096 4729 1223 4823 phanis
1241 4733 1396 4824 legibus,
1427 4749 1504 4806 tum
1523 4741 1566 4810 de
1582 4736 1716 4816 Christi
1738 4752 1883 4824 nomine
1899 4757 1990 4828 male
2008 4785 2084 4834 mc-

83 4833 158 4910 lioris
172 4857 276 4912 notae
295 4838 516 4912 Christianos
535 4841 661 4924 luisse,
688 4864 791 4930 quam
818 4834 973 4922 bisunt,
1000 4839 1044 4906 de
1094 4848 1230 4905 remur·

84 4961 206 5028 qnorum
228 4945 390 5022 moribus
412 4957 635 5034 posteaquam
659 4940 817 5030 publicas
844 4941 936 5028 leges
958 4963 1043 5007 con·
1198 4932 1246 5006 At
1263 4936 1401 5027 litigare
1418 4953 1511 5012 vetat
1527 4937 1700 5020 Christus.
1752 4950 1842 5040 Quis
1861 4961 1989 5048 negat?
2022 4963 2082 5034 lu-
2204 4982 2206 4990 '

83 5049 448 5136 temnerecoeperunt‚
481 5045 608 5135 passim
640 5043 730 5112 male
759 5042 858 5110 audit
881 5040 1044 5128 Evange-
1095 5039 1213 5106 dicare
1235 5061 1321 5107 vero
1344 5063 1417 5108 non
1441 5055 1543 5114 vetat.
1596 5045 1779 5135 Quantum
1799 5060 1916 5127 autem
1943 5061 2082 5138 intersit

85 5137 161 5213 lium.
211 5148 286 5219 Sed
315 5148 411 5216 unde
436 5149 579 5214 tandem
606 5139 798 5214 honorifica
831 5141 1044 5233 appellatio?
1095 5141 1189 5209 inter
1206 5139 1361 5209 iudicare
1379 5155 1412 5210 et
1436 5143 1591 5232 litigare,
1618 5173 1724 5220 nemo
1740 5177 1813 5225 non
1830 5157 1937 5231 videt.
1989 5165 2080 5238 Nam

85 5235 196 5337 Ecquid
212 5250 391 5339 praecepit
406 5246 502 5317 Deus
519 5249 563 5334 de
584 5247 726 5334 gladio?
760 5244 918 5314 Primum
936 5243 1043 5310 mini·
1095 5255 1135 5311 ut
1153 5241 1322 5311 viatorem
1336 5244 1476 5334 pulsare
1488 5245 1583 5317 Deus
1599 5265 1701 5338 vetat,
1727 5277 1799 5324 non
1818 5274 1910 5332 vetat
1926 5265 2081 5358 obligare

84 5345 205 5418 stchei
228 5353 260 5420 is
281 5364 352 5436 est,
378 5349 442 5443 qni
465 5349 540 5418 eius
563 5348 696 5423 iussum
718 5347 817 5432 facit,
849 5345 980 5439 quique
1003 5369 1043 5421 ex
1097 5343 1247 5431 vulnus,
1273 5345 1414 5439 siquod
1440 5346 1470 5415 is
1486 5348 1577 5418 forte
1600 5357 1789 5446 acceperit,
1815 5359 1862 5430 ita
1878 5363 2079 5462 quanquam

1341 5439 1451 5525 .5*
