4688 5826
217 279 290 359 l‘ll
622 293 626 304 ·
892 259 1068 341 ΗΒΕ..
1106 257 1588 344 veluntatem.
2121 363 2125 370 Ι
2193 268 2269 346 272

180 385 182 390 ,
211 449 401 547 „mendo
417 441 751 542 praeparandaque,
780 459 848 506 nec
867 431 1119 508 distribuenda
1132 457 1213 506 eon
1263 435 1364 508 velut
1384 437 1486 509 sedes
1504 435 1572 522 sit,
1594 454 1647 508 -ss
1666 436 1840 508 mnu
1867 427 2075 529 gravissime
2095 439 2265 518 lardum,

211 555 293 650 pori
316 549 413 623 bunc
437 571 510 642 quo
524 543 692 614 nivinus
712 541 961 633 eigemusque,
992 535 1212 629 napinam,
1263 535 1356 608 llam
1387 561 1468 608 cunr
1494 532 1717 627 commu,
1746 539 1850 610 erius
1871 541 1986 611 virtus
2007 555 2043 613 et
2067 543 2186 625 salar,
2220 557 2264 616 nt

212 655 367 747 amplius
388 651 472 722 usui
495 669 567 716 esse
590 644 739 736 possint.
798 638 908 714 Calor
928 639 1123 726 naturalis,
1150 640 1213 734 qni
1262 639 1438 721 diximus,
1468 639 1608 712 assidua
1623 641 1833 732 poculorum
1851 643 2015 734 proluvie
2030 645 2265 736 extinguitur,

213 755 386 834 coctionis
418 752 563 822 elimat
599 759 671 830 est,
704 769 794 837 qun,
834 757 876 814 ut
895 740 1021 815 Cicero
1049 755 1213 826 asamar,
1263 741 1422 814 incoctus
1440 742 1523 825 illos
1539 763 1742 836 crasmsque
1767 764 1916 838 vapores
1932 747 1978 816 ad
1995 761 2100 840 caput
2115 762 2264 819 etcere-

213 859 335 932 omnia
349 858 495 928 aluntur
515 875 557 920 ac
579 862 760 931 cracuut,
793 857 829 914 et
839 845 927 916 'sine
942 869 1014 939 qno
1031 869 1149 939 neque
1163 844 1224 924 ali,
1264 845 1369 916 brnm
1384 838 1544 930 exhalat,
1562 866 1743 940 venaeque
1760 867 1800 914 ac
1816 859 1953 917 matus
1967 849 2105 920 ibidem
2118 851 2263 943 replen-

213 961 404 1058 quieqnam
427 965 560 1048 potest,
592 973 658 1018 nec
687 971 860 1031 crescere,
889 949 938 1018 ita
964 949 1002 1015 in
1027 948 1103 1016 istis
1125 959 1213 1039 potu
1264 961 1342 1031 tur,
1373 960 1479 1040 atque
1507 947 1807 1040 praecluduntur,
1846 973 1985 1019 necesse
2014 963 2066 1022 est
2094 975 2264 1044 magnam

213 1078 320 1158 atque
339 1083 380 1130 ex
402 1082 444 1128 eo
468 1055 561 1126 natis
583 1051 722 1122 vitiosis
752 1045 965 1120 humoribus
987 1050 1154 1119 obruitur
1172 1071 1212 1118 ac
1264 1048 1453 1139 spirituum
1473 1051 1798 1140 perturbationem,
1824 1071 2064 1150 sensuumque
2086 1069 2266 1126 armatus

215 1162 452 1253 demergitur,
485 1172 524 1228 ut
551 1155 608 1224 vel
632 1153 774 1222 nullum
802 1152 879 1221 eius
902 1151 1058 1242 amplius
1086 1151 1132 1220 sit
1157 1151 1213 1218 vel
1263 1151 1862 1242 tatioseorporislabetactartonem
1875 1155 1992 1247 requi:
2025 1157 2264 1228 instrumenta

73 1255 85 1274 ’
213 1268 410 1340 admodum
437 1282 541 1350 segne
572 1258 612 1324 in
636 1277 785 1346 corpore
809 1253 1058 1326 ministerium.
1117 1249 1213 1321 Hinc
1264 1253 1359 1322 enim
1377 1275 1544 1324 sensuum
1561 1275 1624 1322 sua
1639 1255 1796 1344 potentia
1810 1279 1850 1324 ac
1864 1257 1987 1346 rigore
2003 1257 2265 1343 destituuntur,

214 1393 322 1464 quarn
344 1362 601 1454 multiplicibus
623 1357 858 1448 gravibusque
882 1355 1016 1424 morbis
1038 1355 1213 1424 afllicten-
1263 1354 1503 1447 spiritusque
1529 1355 1648 1424 omnia
1672 1356 1884 1448 incorpore
1911 1371 2120 1450 vegetantur
2141 1385 2183 1430 ac
2207 1364 2261 1430 vi-

215 1488 277 1546 tnr
290 1469 349 1540 isti
365 1477 572 1557 nepotores,
593 1460 770 1528 videmus:
797 1481 912 1550 neque
928 1457 1023 1526 enim
1037 1457 1076 1525 id
1092 1479 1211 1526 rarum
1264 1469 1373 1540 vuut,
1398 1458 1582 1526 obstructo
1597 1479 1661 1548 per
1672 1479 1778 1526 venas
1792 1460 1961 1545 transitu,
1984 1486 2058 1532 non
2073 1463 2190 1552 potest
2206 1465 2266 1532 of-

215 1587 269 1645 est
285 1583 348 1642 aut
360 1571 569 1649 obscenum,
590 1561 709 1632 statim
725 1560 823 1629 color
837 1559 930 1650 ipse,
949 1581 1053 1653 quem
1069 1559 1213 1648 sanguis
1265 1559 1344 1628 ficio
1375 1581 1440 1626 sun
1470 1559 1591 1648 iungi,
1633 1555 1717 1630 hinc
1742 1560 1911 1654 pleraque
1933 1582 2066 1653 organa
2093 1575 2264 1634 „mu-um

215 1688 325 1770 prout
346 1683 419 1754 est,
445 1668 588 1758 gignere
613 1664 718 1746 solet,
751 1685 841 1754 quae
863 1662 909 1730 sit
934 1661 1100 1730 valetudo
1117 1661 1213 1740 indi·
1266 1659 1563 1751 praemoriuntur.
1623 1658 1761 1730 Nervus
1775 1685 1859 1732 veru
1880 1677 1915 1734 et
1938 1688 1976 1734 ea
1994 1668 2154 1736 membra
2171 1690 2266 1760 quse

216 1791 290 1862 cat,
315 1776 346 1844 is
369 1795 452 1842 vero
467 1770 549 1838 talis
564 1779 633 1849 est,
663 1777 705 1834 ut
720 1779 771 1848 te,
798 1763 1232 1855 eorumquempiamin·.
1264 1787 1306 1832 ex
1330 1755 1388 1830 his
1411 1775 1575 1834 constant
1600 1785 1642 1832 ac
1665 1763 1953 1855 motuidelegata
1979 1781 2081 1854 sunt,
2113 1791 2171 1847 ea,
2204 1771 2266 1837 ina

214 1895 339 1960 mens,
364 1877 566 1945 emorttaum
583 1869 750 1950 cadaver,
776 1889 851 1934 non
865 1864 987 1933 vivum
1003 1887 1132 1954 corpus
1147 1889 1213 1954 pu·
1264 1887 1391 1957 quam,
1423 1865 1544 1934 omnia
1568 1865 1666 1934 sonte
1696 1866 1773 1956 ipso
1802 1889 1842 1935 ac
1864 1869 2044 1960 principio
2067 1892 2266 1940 nervorum

214 1983 268 2054 tes
288 1977 432 2050 intueri.
491 1970 612 2062 Caput
632 1968 705 2037 illis
736 1967 929 2038 tremulum
963 1979 1034 2050 cst,
1076 1967 1212 2036 incerto
1265 1965 1410 2034 cerebro
1435 1965 1530 2036 laeso
1551 1979 1586 2036 et
1609 1967 1684 2058 ipsa
1704 1989 1767 2036 sua
1791 1969 1826 2035 vi
1853 1971 1998 2042 destitui
2018 1993 2058 2042 ar
2080 1971 2266 2042 debilitari

215 2097 318 2154 motu
349 2093 502 2159 nutans,
542 2069 716 2160 vertigine
745 2071 911 2138 laborant
944 2080 1132 2160 perpetua,
1173 2091 1212 2136 ea
1265 2089 1404 2136 necesse
1420 2081 1482 2140 est.
1533 2064 1630 2138 Hinc
1647 2069 1708 2137 illa
1724 2069 1848 2160 capitia
1863 2073 1986 2142 crebra
2002 2060 2266 2167 nutatioatque

215 2181 434 2281 praenuncia
451 2173 736 2266 est'apoplexiaet
764 2171 859 2240 oculi
884 2171 1051 2241 rubentes
1070 2183 1105 2240 et
1128 2193 1213 2240 con.
1264 2169 1441 2260 mmo,
1463 2193 1533 2262 qu„
1550 2163 1619 2239 [Μ
1639 2191 1750 2260 gem„
1768 2167 1956 2242 huminum
1972 2189 2143 2266 perpetuo
2160 2178 2267 2245 laho-

215 2287 329 2362 tiuuis
352 2275 544 2374 lachrymis
572 2275 763 2357 stillantes,
796 2273 982 2342 oculorum
1006 2272 1126 2360 anguli
1151 2286 1214 2342 tu·
1264 2285 1330 2344 rat.
1387 2268 1485 2340 Hinc
1505 2295 1678 2342 manuum
1698 2289 1849 2357 tremor,
1880 2269 1965 2345 hinc
1988 2265 2150 2346 omnium
2175 2279 2267 2347 arti-

216 2401 372 2471 meutes,
396 2381 570 2452 indicium
586 2378 624 2446 id
642 2389 695 2445 est
717 2369 899 2444 aetheriae
916 2373 1026 2444 tutius
1044 2375 1214 2464 corporis,
1263 2374 1427 2442 culorum
1442 2373 1651 2454 dissolutio,
1678 2394 1785 2467 quarn
1801 2378 2138 2470 paralysin2dicuttt.
2179 2367 2267 2448 vVin

217 2492 281 2586 qui
297 2490 425 2580 gradus
442 2485 487 2554 ad
503 2477 715 2574 hydropisin
734 2476 918 2568 proximus
942 2488 1011 2554 est,
1035 2496 1144 2563 genae
1159 2477 1213 2544 la·
1266 2497 1394 2544 manus
1415 2474 1569 2565 amplius
1592 2475 1769 2560 levandis,
1802 2491 1837 2548 et
1859 2481 1903 2546 ad
1925 2503 1966 2548 os
1982 2494 2087 2573 atque
2101 2485 2143 2549 ad
2161 2481 2269 2552 telam

215 2597 340 2666 hentes
366 2601 400 2658 et
422 2584 545 2680 quales
565 2581 697 2652 tabidis
721 2591 782 2647 ant
814 2577 913 2646 senia
937 2577 1105 2646 conlectis
1134 2577 1214 2645 ani·
1264 2576 1477 2668 poculorum
1498 2571 1708 2672 charybdim
1727 2581 1961 2650 admovendis
1976 2581 2147 2653 calicibus
2163 2583 2267 2658 sulli-

88 2689 91 2704 ’
218 2696 325 2784 culis,
352 2679 721 2776 nasusmorphaicus,
743 2674 1214 2772 orishalitusrnultoquam
1266 2678 1356 2751 cit.1
1387 2675 1570 2748 Videtisne
1592 2674 1701 2773 qnam
1721 2671 1873 2750 tremulo
1896 2695 1931 2753 ct
1955 2671 2137 2756 vacillanti
2159 2699 2265 2756 motu

220 2798 360 2868 cloacae
381 2789 543 2882 gratum,
587 2787 709 2854 dentes
739 2781 876 2874 putridi
902 2780 1106 2874 crebrique,
1142 2780 1214 2872 spi..
1266 2779 1908 2871 combibonibuscgpicgmpoffpggm,
1933 2799 2152 2878 “quantum
2168 2787 2267 2856 inm

214 2897 326 2970 randi
348 2891 553 2973 difficultas,
590 2885 716 2968 tussis,
754 2895 875 2954 ructus
902 2895 936 2952 et
957 2883 1127 2952 vomendi
1155 2905 1215 2952 ex·
1266 2881 1520 2974 porrigendum
1549 2883 1627 2950 vini
1647 2879 1863 2955 effundenti·
1897 2881 1947 2958 ·0
1971 2887 2118 2962 misero,
2143 2884 2268 2958 homi..

217 2998 442 3094 puendique,
464 2988 672 3084 praesertim
687 2981 785 3055 horis
802 2983 1007 3068 matutinis,
1031 2985 1134 3054 foeda
1149 3007 1215 3054 ne-
1267 3007 1345 3068 nes,
1376 2983 1507 3077 quibua
1529 2983 1600 3052 iam
1624 2986 1730 3054 etiarm
1757 3008 1887 3057 manus
1908 2990 1952 3056 ad
1979 3010 2056 3058 eam
2070 2977 2181 3088 quarn
2193 2991 2270 3082 ipsi

220 3101 379 3184 cessitas,
419 3096 543 3184 lingna
581 3085 713 3160 adhaec
747 3088 906 3158 titubans
938 3085 1043 3155 etiam
1074 3087 1215 3166 sobriis,
1267 3086 1378 3156 solam
1401 3109 1441 3154 ac
1465 3107 1637 3156 summam
1654 3085 1870 3178 voluptatem
1888 3103 2012 3160 rentur
2032 3081 2125 3172 esse,
2148 3093 2267 3162 mirsia

214 3229 289 3274 ,vox
309 3221 417 3272 rauca
438 3209 473 3266 et
499 3195 672 3264 obscurus
698 3213 762 3280 pro
784 3211 946 3258 sermone
962 3187 1112 3268 stridor,
1139 3213 1209 3256 ma.
1267 3187 1415 3258 starium
1440 3187 1594 3277 amplius
1610 3190 1798 3277 denegant.
1848 3187 2001 3261 Memini
2024 3181 2114 3284 egb,
2138 3191 2267 3264 Medi-

218 3327 290 3376 nus
306 3299 499 3377 tremulae,
524 3295 696 3375 nodosae,
723 3291 849 3360 morbo
872 3289 1054 3358 articulari
1070 3291 1214 3358 fordiam
1268 3313 1351 3360 cum
1379 3291 1558 3381 quendam
1586 3291 1774 3360 advirum
1809 3294 1981 3384 equestris
2002 3297 2141 3366 ordinis
2162 3297 2268 3385 gravi

201 3410 261 3479 ,in
289 3407 438 3476 modum
464 3399 633 3468 distortae
669 3417 709 3462 ac
738 3393 886 3476 fractae3
928 3404 1069 3472 venter,
1109 3416 1213 3485 quem
1267 3390 1394 3460 morbo
1427 3391 1696 3462 decumbentem
1721 3393 1915 3486 aliquando
1937 3411 2122 3484 vocatum,
2155 3413 2188 3468 et
2217 3401 2266 3471 ab

221 3509 303 3605 quis
327 3505 447 3576 verius
467 3499 678 3593 poculorum
703 3494 869 3564 latrinam
886 3493 1032 3576 dixerit,
1058 3517 1215 3586 propen-
1257 3493 1412 3583 'aegrmu
1433 3505 1538 3586 atque
1559 3493 1681 3564 amicis
1704 3497 1748 3562 rle
1769 3496 1909 3584 origine
1930 3521 1970 3566 ac
1996 3501 2110 3569 causis
2131 3502 2266 3584 morbi,

221 3615 330 3691 dens,
358 3606 560 3686 inorbosus3
593 3621 697 3670 crura
721 3595 839 3690 qualia
852 3591 1070 3686 elephantis,
1103 3595 1211 3666 turni·
1267 3609 1308 3664 ut
1329 3594 1406 3662 beri
1424 3595 1530 3674 solet,
1556 3591 1834 3683 interrogatum,
1867 3591 2102 3690 respondere,
2132 3602 2268 3672 maio.

220 3717 286 3798 da,
318 3707 494 3789 labantia,
518 3704 624 3794 plena
648 3699 762 3770 foedis
791 3721 830 3768 ac
853 3697 1007 3784 graviter
1027 3698 1216 3780 olentibus,
1268 3719 1350 3764 uem
1374 3697 1552 3788 quandam
1574 3721 1593 3764 e
1615 3719 1724 3766 rnanu
1749 3691 1897 3769 dextera?
1912 3701 1953 3768 iu
1973 3689 2082 3794 capta
2096 3693 2267 3773 pistum.

221 3811 447 3891 hulceribus,
474 3806 580 3897 pedes
604 3800 807 3894 podagrosi:
841 3801 995 3889 podagra
1013 3799 1108 3866 enim
1129 3799 1212 3868 isto·
1268 3812 1360 3880 tem,
1384 3797 1519 3866 iontem
1536 3797 1591 3865 illi
1607 3811 1642 3868 et
1657 3819 1796 3868 caussam
1812 3803 2021 3871 morborum
2034 3789 2118 3874 maci
2143 3803 2267 3876 ocum

219 3939 304 3988 ,rom
329 3909 523 3982 heluonum
545 3905 686 3974 assidua
710 3921 826 3970 comes
856 3909 966 3970 estet
997 3900 1216 3993 pedissequa.
1269 3898 1330 3966 ille
1354 3895 1607 3979 mirabtindus,
1643 3901 1705 3994 qui
1732 3901 1768 3970 id
1795 3903 1872 3972 beri
1897 3897 2044 3993 posset,
2067 3907 2268 4006 quaereret,

216 4018 315 4090 -Nam
340 4015 431 4085 belle
456 4007 642 4085 convenit,
670 3997 1215 4098 quodEpigrammaticusgrae-
1269 3997 1432 4070 Medicus
1450 3995 1661 4072 cantharum
1686 4001 1749 4096 qui
1771 4027 1880 4096 prope
1896 4007 1934 4075 ῑῃ
1956 3999 2077 4080 mim
2097 4004 2269 4081 'egsum

223 4141 285 4192 cus
310 4118 380 4202 ait,
412 4107 592 4184 Bacchum
614 4131 697 4178 cum
712 4103 852 4175 Venere
876 4103 1067 4196 aliquando
1085 4127 1198 4173 concu
1269 4115 1355 4193 potu
1366 4103 1510 4193 plenus,
1531 4104 1696 4192 protinus
1710 4120 1911 4198 correptum
1926 4111 1972 4177 ad
1986 4103 2268 4198 nsatlmorebat,

221 4222 362 4303 baisse,
397 4233 431 4288 et
453 4239 492 4284 cx
516 4238 555 4282 eo
577 4207 768 4280 corrcnbitu
789 4219 996 4298 prognatam
1019 4229 1092 4275 esse
1107 4205 1215 4275 filiam
1269 4205 1458 4276 ostendens
1476 4199 1568 4274 hanc
1581 4227 1657 4274 esse
1675 4201 1867 4276 flatxionem
1885 4223 1938 4281 tut
1953 4214 2162 4286 morborum
2178 4234 2267 4284 carr-

223 4323 428 4417 pndagram.
484 4313 583 4384 Haec
604 4314 677 4380 duo
701 4309 796 4377 enim
820 4331 908 4400 quac
928 4331 992 4398 per
1011 4331 1051 4376 se
1077 4331 1117 4376 ac
1143 4307 1217 4377 sola
1269 4329 1353 4380 sam.
1406 4303 1531 4376 Facete
1547 4306 1608 4375 ille
1628 4307 1770 4399 quidem
1790 4305 2267 4388 necminuaeereasentie-

220 4425 419 4518 plurimum
441 4427 589 4498 nocent,
623 4411 765 4505 quando
788 4409 826 4478 in
851 4431 964 4478 uuum
987 4410 1217 4490 conveniunt,
1268 4409 1330 4477 bat
1351 4407 1447 4477 euim
1470 4407 1667 4478 valetudini
1691 4411 1826 4480 nullam
1852 4405 2095 4489 nocentiorem
2111 4441 2185 4489 esse
2200 4440 2269 4510 pe.

223 4542 301 4599 tum
320 4548 406 4594 vero
430 4517 523 4590 nihil
545 4529 598 4585 est
619 4513 730 4602 magis
752 4511 966 4601 pestiferum.
1020 4509 1078 4579 Fit
1100 4525 1216 4581 autam
1270 4523 1376 4593 stem,
1402 4508 1887 4602 quamistasperpotationes.
1936 4515 2004 4586 Sed
2022 4521 2269 4592 nnnaudiunt

220 4631 453 4722 plerumque,
485 4634 527 4690 ut
548 4614 712 4687 homines
732 4613 917 4684 temulenti
941 4633 980 4680 ac
995 4612 1104 4691 ebrii,
1132 4625 1217 4681 tunc
1270 4607 1452 4680 Medicum
1467 4610 1526 4680 isti
1542 4625 1751 4703 nepotores,
1774 4630 1908 4685 netum
1923 4619 2087 4711 quidem,
2114 4646 2195 4694 oum
2212 4626 2269 4692 al.

223 4755 304 4802 cum
327 4729 407 4798 cibo
432 4736 589 4815 potuque
606 4719 651 4787 ad
672 4738 850 4785 summum
870 4712 1016 4782 distenti
1039 4727 1140 4792 sunt,
1172 4715 1217 4782 ad
1269 4720 1385 4783 lerum
1403 4713 1585 4803 pedamin
1604 4709 2092 4811 Charontiscymbahebeng
2143 4725 2267 4796 Mun„

224 4856 282 4904 res
310 4851 476 4899 venereas
491 4832 668 4919 proruant
683 4841 766 4889 arse.
823 4812 919 4883 Hinc
936 4813 1073 4883 subitae
1089 4829 1218 4885 mortes
1270 4815 1365 4883 enim
1391 4815 1492 4905 peine
1515 4815 1635 4886 animo
1650 4818 1770 4888 valent
1786 4815 1891 4910 quain
1908 4838 2078 4912 torpore,
2110 4827 2146 4895 id
2165 4833 2267 4921 qugp

223 4950 329 5028 atque
354 4933 519 4999 intestata
543 4937 721 5004 senectus,
752 4930 793 4988 ut
807 4915 987 5010 Satyricus
1004 4916 1065 4988 ait.
1122 4913 1218 4986 Hinc
1269 4917 1364 4986 inira
1380 4920 1617 4991 ostendamus.
1674 4916 1764 4988 Nam
1780 4923 1983 5009 cerebrum,
2008 4931 2267 5019 quaerationjg

222 5039 330 5106 istum
344 5046 530 5124 potorum,
565 5018 1053 5116 peneporcurumdixeram,
1077 5039 1217 5107 gregem
1263 5041 1311 5088 ac
1335 5017 1465 5089 mentis
1484 5021 1584 5090 sedes
1608 5033 1681 5098 est,
1713 5021 1760 5091 ita
1782 5022 1855 5092 illis
1877 5025 2090 5101 cencessum
2111 5045 2146 5101 ει
2164 5017 2266 5103 hbe,

222 5132 449 5208 circumsistit
474 5129 572 5198 velut
594 5123 733 5214 agmine
762 5123 854 5190 facto
878 5119 1084 5190 morborum
1111 5143 1217 5189 omne
1268 5123 1437 5194 iactatum
1460 5121 1532 5204 e'st,
1557 5135 1687 5192 utnon
1705 5117 1829 5193 modol
1846 5141 1986 5207 meme,
2010 5121 2070 5200 'ped
2091 5157 2138 5200 M
2151 5123 2270 5204 mi·

221 5219 371 5330 genus,¹
398 5230 627 5326 sequiturque
659 5223 768 5295 totius
800 5221 959 5312 corporis
990 5234 1023 5290 et
1057 5221 1216 5292 omnium
1271 5225 1337 5292 bus
1353 5223 1497 5316 quidem
1514 5221 1661 5312 integris
1676 5219 1728 5292 u'ti
1745 5219 1891 5316 possint.
1943 5223 2269 5332 Destituanturque

220 5339 465 5411 membrorum
483 5346 636 5403 extrema
651 5327 748 5396 labes
771 5347 811 5394 ac
825 5323 1056 5407 deformatio,
1082 5325 1218 5394 cerebri
1270 5348 1344 5396 non
1361 5337 1499 5394 tantum
1513 5323 1815 5414 illisvirtutibus,
1831 5323 1965 5423 quibus
1977 5329 2140 5406 homines
2155 5361 2268 5409 aeae.

223 5458 342 5514 tamen
363 5436 570 5530 praecipue,
601 5455 642 5500 ea
663 5427 758 5500 enim
782 5447 864 5518 pars
888 5449 968 5496 cum
993 5427 1219 5499 temulentiae
1270 5427 1356 5498 teris
1371 5427 1612 5506 animantibus
1628 5443 1856 5520 separantur,
1877 5437 1939 5504 sed
1956 5436 2005 5506 »its
2020 5427 2146 5521 eiiam,
2174 5465 2269 5536 quae
