4614 5820
79 287 157 362 aas
479 239 647 362 orca
683 278 759 358 or
788 275 1051 360 samono
1087 273 1233 356 runa
1264 275 1341 356 nr
1372 275 1737 373 anomalae.
1831 311 1834 317 =
2053 283 2132 361 sn

76 475 149 546 est,
178 458 432 556 aequistimum
454 479 547 528 esse:
583 453 748 529 videlieet
771 457 816 528 sle
836 452 901 527 nto
920 467 996 528 toto
1019 474 1081 546 ges
1131 452 1194 524 tati
1209 475 1293 525 susa
1307 467 1478 545 gesserat:
1504 468 1624 527 tamen
1648 470 1768 554 postea
1785 473 1964 531 accusatus
1986 458 2025 530 in
2048 459 2127 552 ipsa

76 589 182 651 nere,
203 566 251 634 de
266 589 338 658 quo
356 563 413 632 lex
428 561 600 656 loquitur.
653 557 702 634 Ut
717 560 773 630 les
789 582 879 654 quae
901 559 1000 632 iubet
1020 558 1079 630 luss
1130 557 1227 628 curia
1243 555 1436 640 etiodicio,
1461 583 1526 629 suo
1543 559 1662 650 gladio
1679 584 1754 632 sese
1769 562 1955 634 transfixit.
1994 561 2126 658 Sequi·-

75 691 132 739 res
154 667 259 738 adfici
282 665 476 760 supplicio,
508 655 671 758 loquitur
695 665 740 734 de
761 675 976 754 grassatore,
1001 683 1076 730 non
1129 671 1190 731 tur
1212 659 1307 730 enim
1327 660 1513 753 perfidiam
1534 675 1569 734 et
1585 657 1649 732 has
1671 659 1942 759 sycophantias
1957 663 2046 736 iuris
2060 666 2126 736 de·-
2156 689 2160 699 ‘

74 776 120 842 de
136 771 237 862 lapso
256 767 463 838 infirmitate
478 767 620 850 aetatis,
645 779 706 838 sut
723 767 824 836 daeo
840 789 945 858 quem
965 764 1076 836 fsmes
1129 763 1370 856 pravationes,
1403 762 1527 836 divina
1549 763 1726 854 vindicta,
1756 781 1849 838 certa
1880 779 1916 838 et
1944 781 2023 838 rats
2054 763 2124 841 Dei
2254 855 2257 868 .

74 873 224 966 impulit
237 871 394 942 alienum
408 871 559 942 auferre.
602 863 699 959 Ergo
713 869 755 941 in
766 891 849 940 casu
865 865 963 958 legis,
987 865 1076 936 seri-
1127 865 1367 940 ordinatione.
1427 864 1570 937 Possem
1592 868 1925 961 exitusinsigoium
1948 871 2126 962 imposto-

73 992 178 1069 ptum
194 975 415 1070 sequendum
431 985 492 1045 est.
545 969 716 1044 Strictum
733 970 886 1043 veroius
902 991 1000 1040 nune
1017 967 1074 1036 in·
1127 991 1208 1038 rum
1224 961 1331 1038 huius
1345 970 1467 1062 aetatis
1482 969 1643 1042 recitare.
1682 969 1753 1043 Sed
1769 995 1850 1043 cum
1866 987 1985 1044 vetera
2003 995 2122 1044 esem-

73 1079 220 1170 telligo,
245 1077 276 1147 si
297 1076 460 1146 acerbam
477 1072 806 1166 interpretationem
830 1086 927 1143 extra
955 1091 1074 1140 casum
1129 1071 1186 1162 pla
1200 1069 1343 1157 auditis,
1367 1093 1430 1140 vos
1445 1072 1512 1163 ipsi
1528 1071 1658 1142 similia
1673 1075 1834 1166 cogitate,
1859 1087 1894 1147 et
1908 1073 1976 1148 Dei
1990 1075 2122 1146 volun-l

73 1183 164 1273 legis
180 1179 369 1272 complecti
386 1177 494 1262 velis,
520 1201 566 1246 ne
582 1177 855 1246 discederetura
872 1173 1009 1260 verbis,
1034 1185 1075 1244 ut
1128 1185 1234 1243 tatem
1248 1173 1444 1263 agnoscite,
1471 1175 1586 1268 quiin
1610 1169 1666 1245 his
1688 1177 1857 1270 exemplis
1882 1199 2014 1270 poenas
2031 1201 2121 1270 pro-

73 1287 132 1354 lex
148 1285 192 1354 de
207 1283 354 1354 sabbato
370 1275 538 1373 prohibet
552 1301 677 1372 operas
690 1277 847 1364 serviles,
873 1274 910 1345 id
925 1287 988 1362 est,
1012 1299 1075 1346 oe·
1128 1275 1229 1368 ponit
1249 1277 1559 1348 contemnentibus
1585 1279 1781 1366 iusticiam,
1816 1303 1952 1376 nosque
1975 1280 2020 1349 ad
2048 1279 2121 1350 fre..

73 1385 286 1480 copationes
305 1383 552 1478 quotidianas,
586 1405 677 1476 quae
700 1403 775 1451 non
795 1379 995 1450 concedunt
1011 1399 1075 1448 va·
1127 1379 1265 1447 nendos
1280 1401 1410 1472 pravas
1421 1380 1651 1472 cupiditates,
1677 1394 1712 1454 et
1732 1383 1920 1453 colendam
1943 1381 2121 1454 iusticiam

74 1513 158 1560 care
180 1487 364 1560 doctrinae
387 1485 529 1556 coelesti
549 1497 583 1555 et
599 1483 733 1554 divinis
750 1481 971 1555 ceremoniis.
1030 1478 1074 1550 ln
1127 1475 1302 1556 hortatur.
1353 1478 1465 1554 Multi
1485 1483 1593 1552 decus
1613 1483 1750 1574 ingenii
1775 1509 1849 1556 esse
1872 1497 2017 1576 putant,
2042 1485 2120 1558 elu-

72 1589 144 1663 hoc
161 1603 291 1682 genere
313 1589 483 1682 scriptum
498 1586 748 1658 universaliter
767 1584 973 1656 retineatur.
1025 1579 1075 1654 At
1127 1585 1211 1653 dere
1226 1583 1342 1674 legum
1359 1607 1500 1672 vocem,
1525 1585 1712 1658 offundere
1734 1587 1937 1680 praestigias
1953 1588 2120 1660 oculisne

73 1691 201 1765 ludaei
218 1691 473 1764 calumniosam
492 1689 748 1780 expositionem
763 1687 912 1772 addunt,
936 1709 981 1760 ne
998 1685 1074 1754 dis-
1127 1685 1306 1756 mentibus
1321 1681 1527 1774 hominum,
1553 1689 1736 1760 veritatem
1755 1690 1910 1761 tenebris
1922 1691 2118 1763 involvere.
2160 1677 2162 1686 ⁴

71 1799 205 1868 cedant
225 1793 393 1866 averbis.
446 1789 579 1864 Sedent
601 1789 710 1862 ociosi
735 1805 826 1862 totos
846 1791 922 1859 dies
943 1789 981 1857 iu
1001 1787 1074 1858 suis
1127 1785 1196 1858 Sed
1213 1787 1317 1878 longe
1333 1801 1463 1876 errant,
1488 1789 1517 1860 si
1534 1789 1734 1862 existimant
1748 1816 1784 1862 se
1799 1817 1873 1862 non
1887 1795 2032 1864 daturos
2045 1813 2118 1862 esse

72 1899 184 1984 casis,
209 1922 285 1969 non
309 1907 485 1990 coquunt,
511 1919 556 1962 ne
581 1903 702 1964 muros
727 1893 870 1988 quidem
894 1884 1074 1986 alychnis
1128 1913 1258 1983 poenas
1282 1885 1389 1961 huius
1410 1891 1635 1984 petulantiae.
1689 1893 1822 1966 Discite
1846 1895 2020 1966 iusticiam
2040 1919 2119 1965 mo-

73 2005 273 2093 decerpunt
296 1999 383 2094 ipsi,
415 1997 476 2066 sed
496 1989 629 2067 habent
655 1997 848 2065 conductos
869 2017 910 2062 ex
940 1993 1073 2064 nostris
1128 1993 1214 2078 niti,
1242 2005 1275 2062 et
1298 2016 1372 2062 non
1393 2006 1550 2065 temnere
1571 1996 1684 2066 divos.
1735 1994 1838 2067 Hanc
1864 2021 1988 2068 vocem
2011 1987 2117 2068 etiani

73 2101 297 2188 hominibus,
320 2101 383 2195 qui
399 2094 548 2196 lychnos
562 2101 768 2188 accendant,
792 2111 826 2168 ct
839 2094 973 2166 similes
988 2119 1072 2188 ope·
1127 2089 1290 2167 Ethnicis
1307 2095 1712 2190 experientiaexpressit,
1734 2101 1795 2192 qui
1807 2099 2118 2184 viderunsdenra

72 2206 291 2278 calefaciant.
320 2201 400 2273 Hoc
415 2201 524 2271 modo
537 2201 567 2272 si
582 2196 1072 2272 strictumiusdecalumnio-
1128 2221 1209 2267 vera
1231 2211 1266 2268 et
1287 2200 1446 2270 modesta
1473 2199 1624 2274 consilia
1644 2197 1825 2274 verissima
1847 2225 1936 2278 esse:
1973 2215 2118 2273 econtra

72 2333 111 2380 sa
133 2306 427 2398 interpretatione
449 2303 677 2392 intelligitur,
704 2317 738 2374 et
758 2299 872 2373 facilis
890 2311 924 2371 et
941 2299 1073 2394 sabata·
1126 2325 1209 2370 vero
1233 2295 1302 2372 Dei
1327 2300 1477 2372 consilio
1511 2305 1653 2373 tandem
1682 2305 1761 2394 rapi
1787 2306 1831 2379 ad
1858 2303 2030 2400 supplicia
2059 2303 2117 2373 in·

72 2415 123 2482 ris
137 2424 191 2482 est
213 2407 413 2479 intellectus
434 2405 522 2496 legis
534 2403 686 2477 Placuit.
736 2399 972 2476 Commendat
986 2401 1072 2472 scri·
1125 2403 1256 2494 signia,
1290 2403 1498 2498 omnesqui
1523 2417 1585 2480 aut
1616 2405 1741 2486 fraude
1770 2421 1832 2480 aut
1855 2407 1891 2478 vi
1917 2407 2119 2500 petulanter

75 2529 178 2608 ptum
196 2527 231 2583 et
248 2523 369 2580 monet
388 2509 425 2579 id
443 2512 562 2578 dextre
585 2507 857 2598 intelligendum
877 2529 964 2578 esse.
1021 2501 1072 2574 lta
1093 2573 1094 2576 ,
1125 2506 1203 2575 iura
1220 2505 1412 2581 violarunt.
1462 2506 1544 2578 Non
1561 2521 1725 2602 putemus
1740 2509 1905 2600 exiguum
1922 2533 1996 2580 esse
2012 2511 2119 2580 decus

74 2629 183 2686 erunt
198 2609 463 2704 beataeRespu.
480 2609 509 2680 si
525 2611 641 2700 legum
657 2611 734 2680 voci
748 2609 787 2678 in
803 2631 886 2678 vera
902 2622 937 2680 et
953 2607 1072 2678 nativa
1125 2607 1281 2702 ingenii,
1313 2607 1509 2702 simplicem
1531 2611 1713 2686 veritatem
1736 2611 1875 2702 videre,
1907 2627 1942 2684 et
1963 2637 2004 2682 ex
2025 2613 2128 2700 veris..

73 2717 250 2789 sententia
271 2712 588 2806 obtemperabitur.
640 2709 714 2786 Nec
737 2709 975 2781 calumniosae
996 2709 1072 2779 elu-
1125 2709 1366 2780 fundamentis
1381 2724 1541 2782 extruere
1557 2713 1714 2788 veritatis
1730 2713 1983 2788 defensionem.
2019 2701 2142 2785 Haee'¹

72 2795 194 2892 sione's
211 2819 408 2908 fingentur,
433 2830 474 2888 ut
487 2811 644 2907 Iphiclus
668 2838 749 2884 curn
763 2806 925 2886 Rhodiis'
939 2811 1074 2882 lacien—
1125 2813 1238 2884 multo
1253 2813 1365 2884 maius
1379 2838 1539 2906 acumen,
1557 2815 1726 2887 maiorem
1741 2815 2119 2912 eruditionem‘requi-

71 2925 173 2996 tibus
191 2919 412 2992 deditionem
436 2919 558 3010 pactus‘
576 2930 668 2999 erat,
693 2939 730 2986 se
745 2913 978 2992 dimissurum
999 2935 1073 2984 esse
1126 2927 1227 3002 runt,
1256 2939 1364 3009 quam
1389 2915 1507 2987 inanis
1529 2921 1747 2990 coacervatio
1769 2915 2026 3014 sophismatum
2043 2944 2118 2990 non

71 3049 136 3097 eos
161 3049 243 3112 curn
267 3020 421 3092 navibus
442 3031 619 3114 quotquot
643 3017 788 3092 vellent.
839 3016 965 3088 Postea
991 3039 1072 3088 enm
1126 3013 1404 3094 cohaerentium.
1471 3018 1594 3092 Placet
1624 3016 1712 3092 baec
1742 3019 1918 3093 calliditas
1948 3021 2119 3108 indoctis,

70 3125 208 3219 egressi
231 3124 393 3204 civitate,
427 3121 627 3212 navigaturi
652 3135 785 3208 essent,
814 3119 917 3192 iussit
946 3141 1074 3206 remos,
1126 3145 1280 3216 qnorum
1310 3123 1420 3195 servit
1446 3123 1652 3214 cupiditati,
1687 3125 1748 3194 sed
1776 3126 1953 3196 beaveris
1975 3124 2119 3196 iudiciis

70 3231 210 3314 malos,
234 3227 313 3296 sela
334 3225 522 3319 anavibus
544 3223 696 3308 auferri,
720 3221 887 3316 inquiens
906 3245 943 3290 se
965 3243 1073 3292 naves
1128 3225 1258 3316 placet,
1293 3247 1358 3294 nec
1384 3225 1528 3316 prodest
1553 3226 1724 3318 imperiis.
1748 3255 1751 3262 ·
1784 3225 1987 3300 inflammat
2018 3227 2119 3300 enirn

72 3329 299 3426 promisisse,
324 3353 400 3398 non
425 3331 562 3396 caetera
580 3325 829 3398 instrumenta.
887 3321 966 3394 Hae
992 3345 1073 3394 var·
1127 3319 1321 3396 discordias
1341 3349 1431 3420 quae
1455 3341 1540 3399 sunt
1555 3329 1713 3400 exitiales
1730 3329 1902 3422 imperiis.
1954 3329 2119 3400 'landem

71 3438 207 3506 horum
232 3431 449 3522 imposturae
474 3421 570 3496 nibil
592 3421 724 3498 habent
748 3426 963 3518 sapientiae,
993 3425 1074 3520 quis
1127 3427 1236 3518 igitur
1250 3427 1362 3498 exitus
1378 3431 1534 3500 ostendit
1551 3451 1641 3524 qaae
1658 3432 1704 3502 sit
1719 3455 1800 3502 vera
1819 3445 1853 3504 et
1875 3433 2038 3506 salutaris
2059 3454 2117 3500 sa·-

70 3538 173 3610 enim
186 3558 262 3606 non
278 3545 392 3625 potest
413 3527 635 3602 comminisci
651 3529 739 3600 tales
759 3529 1024 3610 cavillationes,·
1043 3527 1072 3598 si
1128 3529 1272 3622 pientia.
1323 3527 1461 3602 Romae
1477 3531 1533 3601 vir
1557 3555 1704 3624 magnus
1718 3533 1787 3605 luit
1804 3531 1960 3620 Mariua,
1985 3535 2125 3627 dequo

71 3637 211 3712 libeat?
236 3637 297 3708 sed
312 3633 495 3727 perfidiam
509 3645 544 3704 et
555 3631 784 3725 cupiditatem
794 3630 949 3702 nocendi
963 3629 1073 3720 sigbi-
1104 3629 1105 3632 ’
1127 3633 1337 3718 dictumest,
1357 3633 1506 3704 dubium
1520 3655 1606 3716 esse,
1627 3659 1672 3706 an
1687 3649 1842 3706 armatus
1852 3637 1932 3728 plus
1944 3634 2120 3729 profuerit

72 3745 195 3814 licant.
246 3737 320 3810 Neo
346 3759 428 3807 raro
450 3735 589 3805 luditur
614 3733 792 3804 similibus
813 3731 1012 3826 praestigiis
1035 3731 1072 3800 in
1129 3734 1280 3827 patriae,
1310 3759 1356 3804 an
1379 3759 1463 3806 vero
1487 3751 1625 3826 togatos
1649 3739 1728 3832 plus
1746 3740 1919 3810 nocnerit.
1972 3737 2007 3810 ls
2030 3763 2117 3810 cum

70 3843 287 3935 Rebusppb.
315 3837 498 3922 maximis,
537 3838 599 3907 sed
630 3835 787 3929 exempla
815 3835 970 3906 recentia
999 3859 1072 3905 non
1127 3839 1263 3930 eripere
1286 3838 1506 3930 provinciam
1528 3839 1646 3935 Syllae
1669 3841 1877 3926 conaretur,
1907 3863 2013 3936 quam
2035 3841 2118 3936 qui-s
2209 3856 2217 3879 ¹

72 3962 162 4018 sunt
185 3941 255 4016 hoc
279 3943 357 4012 loco
380 3941 707 4024 commemoranda,
743 3937 928 4028 cogitanda
954 3953 1072 4008 tamen
1127 3943 1208 4010 dem
1232 3937 1330 4035 Sylla
1356 3942 1432 4033 lege
1459 3957 1495 4014 et
1517 3945 1644 4015 ordine
1673 3946 1833 4028 tenebat,
1865 3943 2027 4036 adiungit
2048 3943 2118 4015 sibi

73 4063 174 4132 sunt,
199 4060 240 4118 ut
254 4069 321 4116 nos
334 4043 402 4136 ipsi
414 4045 458 4113 ad
470 4064 627 4112 amorem
642 4041 811 4126 veritatis,
836 4055 870 4116 et
887 4045 929 4110 ad
949 4040 1071 4112 odium
1127 4038 1310 4113 bominem
1336 4044 1558 4138 eloquentem
1582 4069 1622 4116 ac
1646 4047 1803 4117 nobilem
1826 4045 2033 4142 Sulpitium.
2084 4043 2118 4116 la

72 4145 546 4244 sophisticesexuscitemus.
607 4138 611 4146 ’
847 4148 849 4152 ’
1127 4145 1296 4216 iniustam
1320 4143 1430 4216 Marii
1453 4169 1590 4216 causam
1612 4162 1684 4218 tam
1706 4149 1943 4240 plausibiliter
1964 4149 2053 4240 egit,
2077 4162 2118 4219 nt

180 4251 331 4324 Luserat
346 4250 470 4319 eodem
487 4239 829 4317 modoPachesdux
843 4239 1073 4316 Atheniensis
1127 4269 1201 4318 non
1224 4247 1332 4318 modo
1354 4247 1501 4321 Senatui
1522 4249 1761 4322 formidabilis
1783 4267 1891 4340 esset,
1923 4255 1984 4323 sed
2010 4252 2118 4323 etism

73 4379 161 4430 cum
178 4356 269 4426 duce
285 4349 470 4423 Arcadico.
521 4346 658 4420 Evocat
673 4371 754 4418 eum
771 4347 960 4440 er'oppido
975 4347 1071 4441 quod
1128 4351 1243 4442 palam
1264 4349 1372 4422 lectos
1391 4364 1565 4424 trecentos
1580 4353 1715 4448 equites
1728 4377 1846 4429 secum
1861 4353 1899 4424 in
1915 4357 2032 4426 lorum
2049 4357 2117 4425 du·

73 4457 292 4530 defendebat
306 4451 434 4534 Arcas,
460 4464 495 4522 et
511 4451 700 4545 pollicetur
716 4473 753 4520 se
772 4451 810 4519 in
827 4447 1000 4543 oppidum
1015 4449 1074 4518 in·
1127 4445 1239 4537 c'eret,
1270 4475 1360 4546 quos
1382 4448 1632 4525 Antisenatum
1655 4455 1815 4529 vocabat.
1870 4456 1974 4530 Hanc
1994 4481 2118 4528 amen·

74 4561 256 4631 columem
277 4555 509 4627 remissurum
532 4575 615 4624 esse.
664 4549 756 4624 Cum
773 4552 883 4642 igitur
907 4552 945 4622 in
961 4565 1073 4623 castra
1126 4549 1213 4626 tiam
1228 4568 1332 4648 atque
1347 4555 1606 4648 impudentiam
1623 4558 1737 4630 adfert
1750 4560 1867 4651 legum
1882 4571 2115 4652 contemptus.
2149 4605 2150 4608 =

75 4657 244 4734 Pachetis
259 4659 412 4730 venisset
427 4657 548 4742 Arcas,
573 4654 748 4726 retinetur
761 4653 916 4726 vinctus:
942 4667 977 4726 et
990 4654 1074 4749 quia
1127 4655 1199 4730 Sed
1211 4652 1301 4728 llaec
1312 4659 1501 4730 insolentia
1517 4659 1669 4730 nonfuit
1684 4655 1871 4734 diuturna:
1898 4687 1962 4734 nec
1977 4675 2117 4740 tantum

76 4767 236 4836 abducto
259 4762 350 4834 duce
372 4758 487 4830 facilis
508 4771 584 4830 eret
601 4756 725 4850 oppidi
750 4757 979 4848 expugnatio,
1005 4755 1074 4827 Pa·
1127 4759 1196 4854 ipsi
1214 4759 1370 4853 Snlpitio
1392 4758 1462 4833 luta
1485 4761 1611 4847 exitio,
1642 4765 1701 4834 sed
1727 4764 1833 4836 etiarn
1856 4765 1969 4836 multa
1984 4764 2117 4834 civium

76 4863 166 4939 ches
189 4865 296 4936 rebus
317 4863 484 4932 omnibus
504 4855 693 4952 diligenter
714 4859 946 4952 praeparatis,
971 4859 1074 4953 oppi-
1128 4861 1241 4951 millia
1256 4863 1425 4955 perdidit.
1477 4861 1745 4959 lpselurorper
1763 4891 1838 4938 sesa
1860 4891 1986 4958 magna
2003 4867 2119 4937 suerat

77 4963 532 5062 dnmoppugnatetcepit.
573 4961 698 5034 Postea
713 4959 889 5034 Arcadem
904 4963 1021 5033 redire
1035 4962 1074 5031 in
1127 4987 1260 5058 poena,
1294 4967 1390 5060 quod
1414 4981 1542 5059 spreto
1554 4989 1695 5038 summo
1719 4970 1869 5040 consilio
1886 4969 1988 5040 orbis
2006 4981 2118 5038 terra-

77 5071 254 5164 oppidom
270 5069 368 5140 iubet
381 5067 616 5149 incolumem,
644 5079 684 5137 ut
709 5063 930 5156 promiserat.
981 5061 1076 5136 Huic
1127 5089 1228 5152 rum,
1255 5061 1504 5146 Antisenatmn
1524 5093 1624 5140 suam
1646 5071 1833 5146 nominare
1853 5067 2035 5144 cohortem
2053 5096 2118 5142 au·
2141 5153 2149 5162 ι

78 5171 199 5244 fraudi
215 5169 472 5242 mannsseelus
487 5167 635 5239 addidit.
688 5165 731 5238 ln
750 5168 874 5238 urbem
895 5189 1075 5244 reversum
1127 5191 1187 5241 sus
1208 5182 1279 5256 est,
1301 5183 1337 5244 et
1363 5185 1479 5243 tamen
1505 5185 1624 5266 postea
1646 5167 1807 5246 infinitae
1825 5175 2041 5246 calamitates
2060 5174 2118 5244 in-

78 5292 203 5370 postea
220 5273 397 5346 interlicit.
447 5267 527 5341 Hor
542 5293 617 5344 non
634 5269 849 5342 esteonsilio
868 5283 929 5341 aut
944 5269 1075 5341 virtute
1127 5295 1233 5364 super
1253 5288 1391 5346 secutae
1415 5288 1507 5350 sunt.
1559 5269 1734 5348 Obtestor
1755 5276 1866 5368 igitur
1886 5301 1950 5349 vos
1971 5291 2118 5372 propter

79 5391 236 5458 certare,
263 5377 324 5446 sed
347 5373 507 5446 Sinoniis
526 5371 674 5446 artibus.
732 5371 802 5444 Sed
827 5371 945 5444 videte
968 5366 1076 5443 huius
1127 5371 1263 5462 Deum,
1291 5389 1330 5447 ut
1354 5379 1399 5446 ad
1424 5377 1541 5469 legum
1566 5379 1817 5463 reverentiam,
1857 5381 2118 5452 adamandam

80 5479 288 5571 impostoris
302 5475 447 5555 exitum.
496 5469 577 5546 Etsi
590 5497 646 5544 res
661 5479 807 5566 magnas
820 5487 854 5561 et
870 5475 976 5548 utiles
987 5473 1075 5546 civi·
1128 5477 1324 5571 simplicem
1341 5479 1544 5568 veritatem,
1568 5481 1665 5552 etad
1682 5475 1849 5564 honestas
1867 5508 1907 5556 ae
1923 5486 2122 5556 moderatas

137 5585 313 5652 biscaran.
331 5577 622 5670 Orra.Voe.Xl.j
737 5607 739 5612 ·
1093 5658 1099 5674 ι
1271 5639 1314 5677 a·
1634 5581 1684 5656 45
