4616 5816
213 263 290 342 ses
870 257 1028 340 nucu.
1076 255 1154 341 nn
1186 247 1332 338 vtra
1363 256 1596 343 ursanus.
1925 359 1929 370 ⁴
2176 271 2243 345 soc
2292 201 2299 238 ⁷

218 437 300 524 diis,
324 437 512 530 prudentie
526 448 560 506 et
575 435 772 527 diligentie,
798 436 837 504 in
853 451 928 508 arte
944 462 1023 508 cum
1038 439 1209 510 tradenda
1260 433 1596 506 dicosuoctintmos
1616 457 1657 508 ac
1678 437 1936 518 celeberrimos.
1987 437 2037 515 Et
2050 465 2243 538 quanquam

215 549 296 614 tum
317 539 517 610 manda.
569 536 613 607 ln
640 538 869 626 medicando,
906 540 1097 610 iuvenibus
1126 565 1213 632 pro·
1260 537 1404 627 ingenio
1422 538 1615 608 admodum
1631 540 1807 627 excelluit,
1830 541 2171 634 tamen'gravissime
2186 548 2245 616 ob·

212 645 312 714 'fecto
351 641 579 712 utilissimum
610 654 683 725 cst,
725 653 845 710 tenere
877 642 1010 734 optima
1043 643 1212 734 exempla,
1260 640 1377 730 inrgat
1391 658 1470 724 eos,
1495 639 1559 732 qni
1573 640 1652 711 sine
1673 645 1960 735 praeceptoribus
1982 645 2199 718 arbitrantur
2213 669 2244 717 se
2298 641 2299 734 ζ

221 767 312 838 qnae
344 743 527 813 imitentur
551 755 585 811 et
618 743 657 810 in
683 743 850 812 discendo
876 757 910 814 et
943 743 981 812 in
1008 743 1212 818 iudicando.
1261 742 1402 811 futurus
1425 740 1585 813 artifices.
1638 740 1792 814 Rumam
1814 745 1870 817 bis
1888 749 2065 838 profectus
2084 763 2154 832 est,
2178 750 2245 840 pri·
2298 735 2299 764 ³

222 843 288 916 Est
299 858 415 915 autem
424 842 584 914 Galenus
596 841 758 934 Pergami
774 856 888 929 natus,
907 859 1007 936 patre
1019 841 1210 916 architecto
1261 863 1358 912 rnnrn
1384 863 1448 910 suo
1464 844 1632 928 consilio,
1657 854 1690 914 et
1711 859 1752 915 nt
1774 844 1935 918 Medicus
1959 850 2010 919 ibi
2035 851 2192 940 audiret,
2218 858 2247 920 e't
2298 859 2299 872 ³

223 947 374 1018 civitatis
406 946 665 1030 eruditissimo,
704 959 745 1015 ut
770 941 931 1016 Galenus
962 949 1142 1036 praedicat
1173 947 1212 1015 in
1261 955 1301 1014 ut
1316 943 1451 1032 ingenii
1468 944 1645 1033 specimen
1661 947 1845 1036 praeberet
1861 949 1900 1019 in
1919 964 2015 1022 tanta
2032 953 2112 1021 luce
2130 953 2247 1021 acfre-

225 1046 485 1126 Grammaticis‚
504 1046 703 1120 Dialecticis
719 1059 753 1116 et
768 1043 1046 1119 Mathematicis:
1074 1073 1113 1118 ac
1129 1073 1213 1118 nar·
1262 1045 1408 1138 quentia
1415 1041 1621 1132 Doctorum,
1642 1047 1705 1140 qni
1722 1047 1980 1126 erantllomae.
2031 1052 2104 1124 S'ed
2121 1053 2247 1124 dissen-

224 1151 388 1240 rat'ipse‚
413 1169 624 1240 magnopere
645 1149 712 1218 sibi
728 1144 796 1217 hoc
814 1151 1007 1241 pmfuisse,
1036 1153 1133 1244 quod
1149 1150 1213 1221 tali
1262 1147 1354 1218 tiens
1380 1145 1561 1215 interdum
1586 1169 1608 1216 a
1632 1150 1795 1235 caeteris,
1828 1153 2080 1226 animadvertit
2106 1175 2143 1224 se
2173 1155 2247 1224 odia

224 1265 329 1322 uatus
347 1251 392 1321 sit
412 1263 528 1342 patre,
550 1251 612 1343 qui
634 1273 708 1318 uon
724 1251 838 1318 solum
858 1255 984 1324 amarit
999 1253 1214 1344 disciplinas,
1261 1269 1387 1316 eorum
1413 1248 1614 1334 incurrere,
1642 1271 1790 1344 eamque
1811 1253 1859 1323 nb
1881 1261 2021 1325 causam
2044 1256 2248 1348 disputatiu-

224 1367 266 1424 ut
280 1352 391 1422 lilium
408 1353 452 1420 ad
469 1374 526 1421 eas
545 1353 757 1443 intempore
778 1347 1001 1438 adhibuerit,
1027 1357 1085 1423 sed
1108 1355 1212 1423 etiam
1264 1371 1327 1417 nes
1340 1349 1499 1418 omisisse
1515 1371 1552 1418 sc
1567 1351 1705 1442 inquit,
1731 1355 1935 1444 praesertim
1951 1380 2031 1425 cnm
2056 1358 2094 1424 in
2114 1357 2248 1426 concio-
2298 1365 2299 1450 l

225 1453 414 1544 ipsedomi
432 1453 603 1524 docuerit.
655 1449 714 1522 Ab
733 1447 802 1522 hoc
824 1454 872 1523 ait
894 1455 1065 1525 elementa
1083 1456 1213 1525 artium
1261 1451 1371 1519 uibus
1401 1450 1481 1541 plus
1504 1453 1635 1540 gratiae
1666 1466 1701 1524 et
1724 1455 1904 1546 opinionis
1932 1457 2099 1548 colligere
2125 1472 2245 1548 posset;

227 1555 408 1638 didicisse,
431 1556 562 1647 quibus
587 1555 778 1646 perceptis,
805 1579 885 1624 cum
906 1557 974 1624 iam
999 1571 1104 1627 natus
1127 1572 1214 1627 esset
1264 1552 1316 1622 ait
1338 1551 1433 1620 enim
1458 1551 1528 1620 sibi
1549 1553 1763 1642 singularem
1785 1557 1937 1628 adfuisse
1963 1556 2189 1630 foelicitatem
2214 1560 2245 1626 in
2298 1597 2299 1634 r

226 1679 341 1728 annos
373 1655 595 1749 quindecim,
636 1659 681 1725 ad
712 1657 925 1747 professores
948 1654 1215 1750 philosophicos
1264 1653 1350 1723 artis
1374 1675 1441 1722 usu
1467 1664 1502 1721 et
1528 1655 1788 1742 curationibus,
1820 1671 1860 1729 ut
1884 1659 2053 1730 credibile
2079 1672 2150 1747 est;
2183 1673 2247 1729 erat
2298 1635 2299 1684 ἒ

226 1760 399 1828 deductus
413 1770 480 1826 cst:
501 1758 566 1826 ubi
579 1781 660 1826 cum
675 1771 892 1828 exerceretur
906 1761 946 1828 in
963 1753 1166 1830 Dialecticis
1180 1773 1215 1830 et
1266 1755 1361 1824 enim
1378 1753 1501 1822 divino
1519 1768 1553 1824 et
1574 1750 1719 1826 heroico'
1737 1757 1874 1850 impetn
1897 1763 1941 1828 ad
1958 1761 2178 1832 Medicinam
2198 1763 2247 1829 in·

226 1861 362 1952 reliqua
378 1853 627 1950 Philosophia,
651 1881 733 1928 nam
757 1873 859 1950 pater
876 1883 956 1929 enm
974 1883 1048 1936 nou
1064 1860 1215 1931 Medici·
1267 1856 1411 1938 citatus,
1441 1877 1547 1947 quem
1568 1857 1729 1927 comitari
1751 1861 1940 1950 singularis
1960 1863 2135 1934 foelicitas
2158 1864 2246 1934 solet.
2298 1865 2299 1946 ζ

227 1983 306 2045 nae,
323 1961 384 2030 sed
399 1973 537 2030 tantum
552 1959 759 2050 professioni
776 1954 1059 2052 philosophicae,
1084 1974 1124 2033 ut
1139 1975 1214 2032 tum
1268 1955 1376 2028 Venit
1390 1954 1543 2028 Romam
1559 1969 1663 2028 natus
1681 1981 1794 2030 annos
1808 1977 1960 2053 quatuor
1974 1975 2008 2034 et
2029 1965 2190 2054 triginta,
2213 1985 2246 2031 ³⁰

227 2063 440 2146 vocabatur,
467 2063 678 2146 destinarat,
700 2061 902 2131 adolescens
924 2087 1003 2132 cum
1029 2065 1215 2134 biennium
1265 2058 1419 2148 plurima
1444 2057 1496 2126 ibi
1518 2059 1673 2149 scripsit,
1705 2075 1739 2131 et
1761 2063 1799 2130 in
1824 2059 1879 2132 his
1900 2067 2072 2157 quaedam
2099 2062 2246 2157 philoso-
2298 2057 2299 2130 l

102 2187 108 2194 ·
228 2162 422 2234 audivisset
442 2158 718 2252 Philosophum,
745 2163 902 2245 somnio,
929 2179 968 2236 nt
989 2166 1063 2256 ipse
1085 2166 1215 2259 inquit,
1267 2155 1370 2250 phica
1396 2161 1440 2228 de
1465 2161 1842 2246 demonstrationibus,
1874 2177 1916 2234 ut
1941 2169 2110 2239 refutaret
2137 2188 2247 2236 amen-

228 2265 381 2336 maxime
402 2263 534 2334 illustri
560 2264 716 2334 monitus
741 2277 810 2348 est,
847 2279 889 2336 ut
913 2268 1079 2336 medendi
1104 2281 1214 2338 artem
1266 2261 1352 2331 tiam
1366 2261 1592 2353 quorundam
1609 2264 1928 2354 praestigiatorum,
1953 2269 2016 2361 qui
2030 2283 2246 2360 cotempore‚
2298 2309 2299 2342 r

228 2367 389 2436 disceret.
440 2363 513 2436 Nec
528 2389 612 2435 vero
627 2365 772 2449 dubito,
797 2368 886 2459 quin
902 2369 1073 2439 divinitus
1089 2370 1123 2437 ei
1137 2393 1216 2460 spe·
1266 2375 1307 2432 ut
1322 2377 1414 2432 actes
1427 2375 1642 2449 everterent,
1665 2367 1929 2439 contendebant
1951 2363 2045 2440 nihil
2065 2386 2140 2439 esse
2160 2369 2247 2458 certi,

229 2469 299 2538 cies
316 2467 377 2536 ille
393 2467 513 2539 oblata
529 2468 585 2550 sit,
610 2481 645 2538 ct
661 2469 803 2536 additus
816 2470 967 2559 impetus
984 2471 1156 2540 divinitus
1171 2473 1213 2538 ad
1268 2477 1302 2533 et
1329 2464 1491 2532 omnium
1513 2465 1643 2534 artium
1670 2483 1853 2558 praecepta
1874 2464 2075 2560 sophisticis
2099 2472 2247 2561 disputa·
2298 2473 2299 2494 ¹

229 2564 299 2638 hoc
313 2568 483 2641 studium.
532 2565 619 2638 Erat
634 2571 706 2638 illis
728 2571 946 2660 temporibus
963 2573 1131 2662 dissipata
1152 2593 1217 2654 ars,
1267 2565 1425 2634 tionibus
1441 2565 1708 2641 labefactabant.
1759 2568 1979 2660 Magnaillis
2002 2571 2247 2664 impostoribus

230 2683 265 2740 et
279 2683 319 2740 ut
332 2693 374 2738 ex
386 2667 505 2738 Plinio
522 2670 671 2760 intelligi
687 2683 816 2760 potest,
841 2673 952 2740 exorti
976 2687 1075 2742 erant
1101 2673 1217 2763 impo—
1268 2665 1401 2754 ingr-nii
1427 2667 1504 2734 lant
1524 2667 1729 2754 videbatur,
1762 2681 1835 2740 n'on
1866 2671 2039 2762 explicare
2064 2698 2167 2758 vera,
2195 2673 2245 2740 sed

230 2785 341 2842 nuces
356 2771 514 2861 plurimi,
539 2773 600 2863 qni
616 2773 853 2860 depravabant
869 2787 990 2859 artem,
1017 2799 1090 2843 nou
1109 2777 1216 2843 modo
1267 2781 1421 2857 receptas
1453 2768 1641 2857 opiniones
1673 2772 1873 2860 petulanter.
1907 2785 2073 2847 evertere.
2136 2773 2247 2865 ltaque

231 2873 271 2942 in
295 2875 484 2942 exercenda
506 2870 704 2956 Medicina,
738 2878 832 2965 quod
857 2877 1023 2944 omnibus
1045 2877 1218 2945 aetatibus
1267 2870 1355 2938 adeo
1369 2883 1600 2939 exercuerunt
1614 2868 1744 2941 Galeni
1768 2874 1970 2962 ingenium,
1995 2891 2036 2947 ut
2052 2875 2203 2944 fateatur
2217 2897 2247 2940 se

229 2973 376 3058 accidit,
400 2977 461 3043 sed
477 2975 590 3044 multo
605 2975 715 3063 magis
728 2975 766 3042 in
782 2977 941 3044 docendo
949 3027 960 3060 ,
990 3001 1099 3046 novas
1116 3001 1218 3068 prae·
1267 2991 1408 3062 quoqne
1429 2971 1528 3040 illam
1553 2965 1834 3068 Pyrrhoniorum
1862 2977 2121 3047 dubitationem
2150 2977 2247 3044 fuisse

230 3075 351 3165 stirias
369 3077 610 3160 ostentabant,
643 3077 879 3146 immittebant
897 3077 935 3146 in
950 3103 1057 3170 aquas
1077 3081 1219 3148 iernen·
1268 3085 1489 3155 secuturum,
1520 3071 1591 3138 nisi
1613 3073 1736 3143 fuisset
1767 3097 1856 3165 puer
1881 3075 2192 3148 ad·Geometriam
2218 3088 2248 3143 ct

231 3190 284 3249 tes
299 3191 475 3267 aegrotos,
494 3199 705 3270 quocunque
721 3199 847 3266 genere
866 3181 982 3248 morbi
1006 3181 1216 3249 laborantes.
1268 3175 1311 3242 ad
1347 3171 1667 3243 demonstrationes
1699 3179 1925 3247 assuefactus:
1961 3203 2031 3272 qua
2067 3177 2247 3270 disciplina

230 3275 328 3349 Deus
348 3277 474 3368 igitur,
498 3301 579 3346 cum
595 3278 795 3350 etretinere
810 3293 938 3364 artem,
962 3295 995 3352 et
1010 3303 1218 3351 conservare
1268 3294 1342 3343 non
1359 3287 1498 3344 tautum
1513 3269 1773 3347 hocassecutns
1788 3289 1857 3363 est,
1881 3292 2027 3350 utcerta
2042 3283 2088 3350 ab
2112 3277 2247 3350 incertis

231 3382 277 3452 ad
297 3392 456 3472 posteros
480 3379 604 3464 vellet,
635 3382 783 3449 daturus
805 3373 884 3449 orbi
909 3395 1082 3452 terrarum
1105 3384 1218 3452 excel·
1268 3376 1466 3446 discernere
1493 3389 1624 3467 posset,
1651 3379 1712 3446 sed
1742 3379 1849 3448 etiam
1877 3379 1984 3466 illud,
2016 3385 2112 3476 quod
2143 3379 2246 3452 multo
2298 3435 2299 3488 p

231 3483 364 3552 lentem
394 3481 579 3567 artificem,
611 3482 774 3554 excitavit
801 3479 931 3552 Galeni
962 3484 1145 3575 ingenium
1173 3485 1217 3552 ad
1263 3479 1383 3545 maius
1404 3491 1474 3561 est,
1505 3477 1663 3548 veritatis
1681 3490 1725 3548 nt
1752 3493 1842 3552 esset
1868 3483 2064 3566 amantior,
2098 3497 2134 3554 et
2154 3483 2246 3550 freno

231 3578 319 3654 haec
337 3583 467 3658 studia.
516 3579 614 3654 Deus
636 3584 731 3653 enim
751 3599 935 3654 conservat
957 3609 1057 3656 veras
1073 3595 1164 3656 artes
1180 3586 1218 3652 in
1269 3579 1423 3672 quodam
1451 3591 1584 3667 regeret
1615 3580 1798 3669 ingenium
1828 3583 2081 3654 animadversis
2107 3588 2246 3654 demon·
2298 3615 2299 3688 l

186 3739 187 3743 ,
231 3685 324 3770 vita,
349 3686 501 3777 quodex
519 3707 559 3756 eo
581 3700 744 3777 apparet,
769 3687 850 3778 quia
868 3687 961 3756 nulli
981 3691 1136 3758 existunt
1159 3708 1217 3756 ex.
1269 3680 1510 3753 strationibus.
1550 3676 1742 3772 Euripides
1756 3683 1895 3772 linguae
1909 3685 2141 3774 petulantiam
2156 3693 2246 3752 vocat

233 3786 398 3856 uellentes
412 3785 561 3856 artifices
578 3787 655 3855 sine
671 3787 797 3855 divino
812 3785 945 3861 affiatu.
996 3788 1118 3881 ltaque
1138 3807 1217 3857 cum
1267 3781 1513 3871 turpissimum
1535 3783 1718 3870 morbum,
1743 3787 1804 3854 sed
1827 3786 1936 3855 nullis
1959 3789 2098 3880 turpior
2121 3800 2171 3857 est
2191 3783 2245 3852 illa
2298 3797 2299 3882 l

124 3895 126 3900 ‘
234 3900 323 3957 esset
334 3887 405 3956 iam
424 3887 556 3979 puerili
570 3887 731 3957 doctrina
754 3898 983 3978 praeparatus
996 3891 1035 3960 ia
1050 3889 1220 3960 Disiecti.
1269 3881 1459 3952 cavillandi
1481 3883 1641 3966 licentia,
1665 3895 1700 3952 et
1721 3899 1761 3955 ut
1779 3887 1893 3956 veteri
1909 3883 2128 3959 Graecorum
2150 3907 2245 3954 voca·
2298 3907 2299 3966 3

234 3987 284 4058 cis
306 4001 341 4060 et
362 3987 547 4060 elementis
562 3983 831 4079 Philosophiae,
866 4004 900 4060 et
915 3990 1061 4080 ingenio
1075 3991 1219 4073 valeret,
1270 3981 1355 4053 bulo
1376 3994 1458 4054 utar
1472 3977 1748 4078 supinabantur
1768 3997 1802 4058 et
1826 3987 1982 4058 studium
1999 3988 2177 4060 evertendi
2193 4007 2246 4051 vc·
2298 4043 2299 4072 ,

233 4102 268 4160 et
282 4090 445 4180 flagraret
460 4089 601 4162 animus
616 4091 775 4162 discendi
792 4091 995 4182 cupiditate,
1013 4081 1217 4184 et'quodam
1268 4107 1325 4154 ras
1351 4098 1384 4154 et
1412 4085 1518 4154 utiles
1546 4087 1754 4171 sententias,
1787 4111 1892 4182 qnam
1917 4085 2162 4182 Philosophis,
2191 4084 2244 4179 qui
2298 4115 2299 4160 t

233 4185 490 4271 enthusiasmo,
530 4215 657 4282 magno
682 4193 799 4262 studio
829 4193 962 4284 pariter
990 4195 1028 4262 in
1054 4190 1219 4263 Philosu-
1269 4187 1426 4256 veritatis
1439 4209 1594 4255 amorem
1610 4209 1650 4256 ac
1664 4189 1903 4258 defensionem
1917 4193 2138 4280 profitentur.
2173 4187 2243 4256 lnrc

234 4288 353 4383 phiam
367 4308 401 4366 et
415 4293 630 4362 Medicinam
642 4295 857 4364 ‘incumbere
875 4297 999 4386 coepit.
1050 4293 1218 4364 'Primum
1269 4288 1377 4377 igitur
1403 4289 1580 4357 laudanda
1608 4300 1659 4356 est
1685 4290 1847 4362 voluntas
1871 4291 2021 4378 Galeni,
2054 4294 2148 4386 quod
2174 4288 2243 4360 illas
2298 4347 2299 4380 ,

234 4395 373 4465 audivit
389 4392 582 4478 Medicum,
601 4395 657 4464 cui
673 4418 804 4464 nomen
818 4395 887 4466 fnit
904 4395 1042 4491 Satyro,
1065 4397 1127 4489 qui
1143 4397 1220 4463 iue-
1270 4390 1472 4480 praestigias
1499 4383 1781 4482 Pyrrhoniorum
1813 4393 1940 4462 acriter
1971 4393 2161 4465 insectatus
2190 4399 2243 4456 cst.
2298 4399 2299 4480 ι

234 4509 290 4566 rat
308 4492 437 4583 Quinti
460 4496 621 4576 auditor,
646 4497 866 4565 celeberrimi
885 4498 980 4568 inter
995 4500 1219 4590 professores,
1268 4491 1418 4582 Scripsit
1440 4503 1557 4559 atatem
1581 4515 1623 4560 eu
1637 4503 1794 4584 tempore
1814 4495 1988 4583 plurima,
2014 4519 2103 4590 quae
2119 4493 2242 4566 Romae
2298 4507 2299 4580 f

231 4598 294 4690 qui
319 4592 457 4666 scholas
485 4591 685 4668 habuerunt
716 4613 799 4667 ente
821 4595 951 4668 Galeni
979 4615 1148 4688 aetatem,
1180 4621 1219 4667 ac
1270 4594 1307 4660 in
1341 4592 1506 4662 incendio
1540 4593 1738 4682 perierunt,
1771 4617 1851 4664 cum
1878 4595 1970 4686 ignis
1996 4597 2066 4668 late
2098 4605 2242 4684 vagatus,

233 4699 390 4770 studiose
406 4698 533 4767 versati
547 4699 586 4768 in
600 4702 799 4769 enarrando
817 4695 1041 4790 Hippocrate.
1093 4699 1217 4769 Postea
1268 4695 1371 4764 etiam
1394 4694 1565 4784 templum
1586 4693 1701 4783 pacis,
1734 4695 1797 4762 nbi
1822 4697 1950 4788 scripta
1980 4699 2241 4790 reponebantur,

233 4800 370 4871 audivit
385 4797 552 4891 Pelopem
569 4798 758 4885 Medicum,
783 4800 974 4873 cnlusetsi
990 4797 1220 4893 reprehendit
1267 4797 1527 4886 absumpsisset.
1576 4793 1690 4866 Romu
1706 4795 1907 4882 discedens,
1932 4823 2026 4869 anno
2051 4800 2194 4892 septimo
2213 4802 2240 4858 et

232 4903 404 4996 quaedam
426 4915 541 4972 errata
558 4903 776 4986 anatomics,
800 4914 920 4972 tamen
932 4907 1036 4995 apud
1061 4897 1157 4972 hunc
1179 4903 1218 4970 in
1267 4897 1443 4968 tricesimo
1459 4897 1584 4968 aetatis
1600 4917 1693 4978 snae,
1717 4897 1825 4966 rediit
1840 4899 1877 4966 in
1893 4896 2027 4983 Asiam,
2053 4901 2091 4970 in
2109 4922 2175 4994 quo
2189 4891 2239 4962 iti-

230 5003 440 5076 anatomicis
451 5003 640 5092 diligenter
652 5025 689 5074 se
701 5003 865 5077 exercuit.
903 5003 1035 5096 Magna
1051 5007 1217 5098 frequen·
1267 5021 1355 5068 nere
1380 5000 1534 5068 arbitror
1558 5021 1636 5066 rum
1655 4999 1833 5086 navigasse
1854 5001 1891 5069 in
1914 4995 2109 5094 lamium,
2133 5014 2170 5070 ut
2185 5017 2239 5063 nt-

230 5104 279 5174 tio
312 5121 397 5176 tnnc
428 5117 503 5175 erat
531 5099 716 5174 hominum
743 5103 1026 5176 doctissimorum
1056 5107 1094 5175 in
1128 5105 1217 5174 urbe
1266 5114 1380 5170 turam
1413 5115 1526 5170 terrae
1558 5097 1726 5167 Lemniae
1754 5121 1836 5169 vere
1865 5101 2078 5196 inquireret,
2116 5123 2179 5196 qna
2206 5095 2236 5162 in
2278 5192 2280 5196 y

190 5224 199 5239 ‘
229 5203 383 5299 Aegypti
405 5205 638 5287 Alexandria,
672 5229 779 5301 quare
803 5229 844 5276 en
872 5209 1066 5298 profectus,
1100 5205 1216 5278 studia
1260 5223 1304 5269 re
1328 5201 1547 5292 diligentiam
1575 5199 1650 5268 eius
1681 5201 1902 5272 considerare
1929 5205 2029 5290 licet;
2063 5228 2143 5274 nam
2168 5217 2236 5269 cnm

228 5305 374 5374 illorum
389 5331 429 5376 ac
444 5307 573 5377 iudicia
588 5310 792 5400 exploravit·
830 5305 996 5402 Denique
1010 5311 1085 5401 ipse
1098 5307 1216 5400 inquit
1264 5299 1488 5372 Dioscorides
1504 5301 1721 5390 scripsisset,
1751 5295 1930 5373 hircinum
1953 5309 2157 5396 sanguinem
2178 5297 2236 5366 ml·

228 5405 411 5477 accessisse
425 5431 462 5476 se
478 5421 583 5501 atque
595 5412 748 5481 audiisse
763 5427 886 5480 omnes
900 5431 983 5480 snae
997 5409 1215 5481 aetatls‘Me-
1262 5406 1351 5473 oceri
1376 5405 1543 5474 Lemniae
1563 5417 1692 5490 terrae,
1724 5405 1825 5474 cuius
1848 5429 1997 5496 magnus
2023 5409 2064 5480 iu
2088 5397 2235 5478 remediis
