4646 5824
227 242 301 316 865
386 233 390 240 ’

227 417 292 488 Νο.
312 417 396 490 108.

238 513 405 542 Μ
531 533 536 552 ,

1061 451 1111 498 sn.
1123 407 1218 494 tate.

1045 519 1210 550 Μ

353 635 430 720 Dc
457 626 623 722 nadib
649 639 843 750 linguae
873 637 1087 727 Graecae.

294 809 327 864 ln
351 810 445 868 select.
462 813 588 870 Declsm.
605 813 638 870 Τ.
654 815 702 872 tv,
724 833 751 886 p.
764 815 840 882 446„
870 815 988 876 Servest.
1007 817 1039 877 T.
1052 819 1099 876 tv.
1117 839 1143 890 p.
1155 820 1216 878 404.

329 879 581 1020 ιΙ’“Σ.ῑ8ὶ1ι17.Τοιιι.ΙΙΙ.
605 881 716 942 Erfurd.
740 885 779 938 lit.
805 887 839 952 K,
856 885 882 944 9.
905 897 931 940 et
956 889 1027 958 apud
1051 889 1182 948 Biclara.
1197 891 1216 946 l.

252 1129 381 1200 Oratio
411 1127 456 1200 de
482 1127 622 1214 studiis
646 1132 799 1227 linquae
830 1135 999 1205 Graecae
1023 1157 1047 1206 a
1084 1138 1190 1210 Vita

514 1231 787 1306 Winsltemto
813 1234 933 1306 dicta.

227 1389 342 1471 Recte
364 1413 399 1468 et
419 1401 546 1468 ordine
568 1401 644 1469 lieri
659 1402 796 1483 iudico,
823 1415 861 1472 ut
880 1399 948 1472 hoc
965 1405 1002 1471 in
1019 1405 1097 1474 loco
1112 1419 1217 1498 atque

91 1546 98 1555 -
227 1503 266 1570 in
288 1495 344 1568 his
366 1503 629 1591 congressibus,
655 1505 700 1572 de
722 1504 766 1571 iis
788 1505 873 1593 ipsis
890 1507 1014 1574 studiis
1031 1519 1064 1574 et
1082 1509 1216 1576 artibus

164 1620 169 1626 ’
227 1604 383 1686 dicatur,
410 1603 599 1696 inquibus
623 1629 822 1674 versamur:
850 1607 957 1700 idque
974 1602 1043 1677 hoc
1059 1623 1216 1700 tempore

227 1704 336 1794 magis
367 1705 470 1775 etiam
503 1705 736 1776 necessarium
767 1731 841 1776 esse
871 1709 1023 1783 videtur.
1094 1707 1214 1797 Quaem

226 1809 321 1874 enim
347 1807 463 1876 studia
488 1808 670 1877 doctrinae
694 1832 764 1877 una
791 1835 870 1878 cnm
891 1809 977 1898 ipsis
997 1806 1145 1895 scholis,
1178 1812 1214 1879 in

226 1905 291 1977 bac
307 1921 506 2000 temporum
525 1909 789 2000 perturbatione
807 1911 934 1980 afflicta
950 1912 1081 1995 iacent,
1107 1925 1141 1982 et
1150 1912 1215 1984 Sa-

226 2027 325 2080 tonas
341 2005 508 2078 Ecclesiis
531 2013 663 2100 pariter
685 2034 725 2080 ae
745 2008 876 2082 scholis
900 2012 1131 2084 vastationem
1148 2015 1213 2082 mi-

227 2126 343 2182 netur.
397 2109 583 2182 Constanti
612 2125 646 2182 et
672 2112 791 2182 animo
821 2115 923 2184 firmo
946 2117 1122 2204 praeditos
1143 2140 1215 2185 esse

227 2226 386 2305 oportet,
413 2236 502 2306 quos
525 2213 563 2282 in
583 2208 648 2282 hac
663 2215 812 2284 statione
830 2212 926 2286 Dens
942 2217 1145 2302 collocavit,
1171 2227 1216 2287 ne

227 2339 263 2384 se
283 2309 340 2382 his
363 2328 608 2406 tempestatum
631 2315 738 2385 minis
760 2341 900 2386 acnrsu
918 2319 1116 2388 studiorum
1132 2344 1216 2390 suo-

226 2441 307 2486 rum
323 2415 493 2486 deterreri
509 2429 570 2486 aut
586 2418 713 2486 abduci
733 2419 923 2507 patiantur.

327 2531 377 2606 Ut
406 2533 501 2624 enim
531 2534 634 2603 fidem
659 2535 854 2604 amicorum
876 2539 1028 2628 probare
1052 2539 1215 2614 solemus,

226 2659 315 2730 qnos
338 2637 378 2704 in
399 2637 504 2706 rebus
518 2637 637 2706 dubiis
654 2650 759 2729 atque
779 2639 935 2706 adversis
952 2639 988 2706 in
1005 2640 1121 2710 officio
1136 2665 1216 2730 per-

225 2739 394 2808 mansisse
426 2737 673 2827 cognovimus:
709 2739 790 2808 illos
819 2765 902 2808 vero
926 2742 1052 2810 merito
1076 2742 1214 2832 vitupe-

225 2864 363 2925 ramus,
390 2840 452 2934 qni
476 2863 556 2908 cum
579 2841 723 2910 fortuna
746 2853 885 2912 mutant
906 2843 1060 2912 animos:
1087 2843 1135 2914 ita
1153 2869 1216 2936 pa-

224 2965 305 3012 rum
326 2942 425 3032 digni
442 2937 479 3010 bi
497 2939 683 3010 Musarum
700 2943 807 3011 sacris
822 2957 926 3036 atque
942 2945 1124 3014 doctrinae
1141 2959 1214 3015 stn-

225 3044 294 3113 diis
308 3045 493 3126 vide'ntnr‚
519 3041 601 3136 qni,
622 3067 703 3112 cum
720 3046 864 3112 adversa
882 3041 1026 3115 fortuna
1042 3046 1217 3133 imminet,

226 3169 301 3215 non
319 3146 464 3215 eandem
481 3145 652 3235 praebent
666 3144 776 3212 animi
793 3147 1037 3216 constantiam.

328 3259 405 3330 lmo
428 3285 512 3330 vero
536 3262 683 3330 eandem
710 3261 769 3330 illa
795 3275 994 3354 temporum
1019 3264 1217 3348 difficultas,

227 3386 296 3457 qua
325 3362 423 3452 vulgi
445 3363 582 3432 animos
604 3363 766 3452 frangere
787 3387 827 3433 ac
850 3365 1093 3454 languefacere
1116 3367 1215 3446 solet,

226 3488 292 3535 nos
314 3465 520 3535 extimulare
541 3466 664 3546 debet,
696 3477 736 3536 ut
759 3467 870 3556 magis
893 3467 1119 3558 pertinaciter
1140 3493 1216 3538 ma·

225 3568 348 3660 gisque
369 3567 496 3658 cupide
517 3591 597 3636 cum
622 3565 761 3657 pietatis
784 3568 1004 3653 doctrinam,
1036 3585 1111 3640 tum
1133 3593 1215 3638 vero

226 3670 343 3740 studia
364 3681 485 3738 nostra
508 3691 666 3738 amemus
686 3683 791 3762 atque
811 3670 1074 3760 amplectamur.
1125 3668 1214 3740 Nam

226 3785 363 3860 storgae
387 3766 551 3864 physicae
574 3792 654 3859 erga
679 3794 760 3855 eos,
786 3771 847 3862 qui
872 3771 976 3839 nobis
999 3768 1096 3841 chari
1123 3787 1217 3856 sunt,

228 3897 308 3942 cum
331 3895 387 3941 res
404 3884 488 3942 sunt
511 3873 694 3956 adversae,
719 3885 804 3942 tunc
828 3873 937 3961 magis
955 3873 1086 3944 irritari
1102 3875 1216 3942 solent

226 3989 332 4068 atque
345 3973 500 4046 accendi.
554 3971 668 4043 Verus
685 3973 778 4042 enim
796 3997 896 4042 amor
909 3995 1047 4064 semper
1060 3990 1218 4063 tempore

226 4076 321 4148 tristi
343 4075 506 4146 elucescit
528 4075 650 4165 magis.
703 4073 805 4163 eros
821 4099 906 4144 vero
922 4075 1039 4146 statim
1054 4077 1217 4146 fortunae

227 4177 396 4273 iniqnitas
409 4189 538 4257 mutat,
564 4171 619 4262 hi,
642 4188 682 4247 nt
699 4171 890 4268 Euripides
904 4176 970 4246 ait:

479 4269 562 4361 λόγῳ
582 4264 665 4357 ἦσαν
686 4271 743 4340 oris
764 4270 843 4362 ἔργῳ
865 4274 958 4360 φίλοι.

327 4379 378 4454 Ut
407 4381 515 4472 igitur
543 4395 707 4472 appareat
731 4405 797 4452 nos
822 4405 903 4450 vere
925 4405 964 4451 ac
987 4382 1079 4451 serio
1099 4405 1217 4453 amare

226 4484 425 4556 doctrinam
449 4481 609 4574 pietatis,
635 4497 738 4575 atque
759 4483 875 4553 studia
897 4493 1035 4564 nostra,
1062 4484 1131 4552 iam
1151 4509 1216 4555 nos

225 4587 261 4657 id
286 4586 463 4657 declarare
484 4597 635 4675 oportet.
689 4583 814 4678 Neque
834 4608 919 4655 vero
940 4586 979 4654 id
1000 4585 1078 4654 sine
1099 4586 1216 4656 fructu

225 4689 409 4760 faciemus:
436 4709 521 4755 nam
543 4685 666 4756 literae
685 4699 718 4756 et
735 4687 896 4756 doctrina
913 4699 953 4758 ut
968 4687 1074 4758 rebus
1090 4711 1228 4758 secun--

225 4792 281 4862 dis
297 4801 506 4861 ornamento
522 4801 624 4866 sunt,
650 4787 698 4858 ita
713 4789 869 4858 adversis
884 4789 1085 4880 perfugium
1100 4811 1140 4858 ac
1156 4814 1216 4860 so-

192 4937 195 4947 ·
225 4894 349 4964 latium
372 4892 553 4985 praebent.
604 4885 767 4983 Cumque
783 4891 903 4960 omnia
919 4890 1013 4962 vitae
1028 4891 1215 4983 praesidia,

226 5019 304 5086 spes
335 5017 476 5075 omsres,
508 4991 706 5062 destituunt
738 4987 918 5062 homines:
952 5006 1037 5063 tunc
1065 4993 1214 5084 pietatis,

225 5095 384 5186 virtutis,
416 5095 600 5166 doctrinae
621 5095 740 5164 studio
762 5117 837 5164 non
858 5094 1021 5176 destitui,
1053 5097 1112 5166 sed
1137 5108 1212 5167 tum

224 5197 377 5287 primum
410 5197 512 5267 fulcit
542 5209 648 5290 atque
677 5209 868 5280 sustentat,
900 5220 941 5266 ae
969 5221 1014 5266 ne
1039 5196 1077 5266 in
1100 5211 1214 5268 morte

225 5297 368 5389 quidem
393 5299 535 5370 deserit.
586 5295 665 5368 Hoc
690 5297 785 5366 enim
809 5300 932 5378 decus,
958 5311 1000 5370 ut
1022 5294 1213 5392 Euripides

223 5400 293 5482 ait,
317 5396 356 5464 in
370 5398 496 5492 mediis
508 5399 685 5470 aerumnis
701 5399 831 5470 clarius
845 5399 948 5470 lucet.

648 241 809 320 unct.
843 247 917 322 DE
951 247 1196 324 STUDllS
1227 251 1494 332 LlNGllAE
1528 259 1832 336 GRAECAE.

2177 269 2245 345 866

1368 429 1408 502 Si
1431 455 1515 502 vero
1536 433 1651 502 ullum
1667 459 1825 530 unquam
1842 450 1980 528 tempus
1995 439 2081 525 fuit,
2107 465 2179 533 qno
2191 445 2245 510 ad-

1268 531 1404 622 paruit,
1436 559 1542 626 quam
1572 532 1666 604 nihil
1694 538 1788 608 firmi
1818 539 1863 608 sit
1893 539 1931 607 in
1954 541 2061 609 rebus
2080 537 2246 626 humanis,

1267 625 1361 701 nihil
1383 635 1526 706 stabile:
1551 633 1655 722 haec,
1680 640 1828 730 opinor„
1853 656 2010 730 tempora
2033 666 2099 712 nos
2117 644 2154 712 id
2173 645 2245 714 satis

1265 735 1450 806 manifeste
1472 739 1682 810 docuerunt.
1733 737 1791 811 Ad
1807 737 1904 810 hunc
1919 741 2026 832 igitur
2044 757 2185 833 portum
2198 768 2246 814 sa-

1267 836 1353 908 lutis
1379 839 1573 928 dirigamus
1596 841 1735 911 animos
1756 857 1860 935 atque
1882 845 2003 913 oeulos
2026 859 2184 928 nostros,
2214 861 2245 915 ut

1268 961 1390 1006 sanam
1413 963 1607 1034 puramque
1629 943 1826 1012 doctrinam
1847 969 1951 1014 verae
1970 943 2130 1036 pietatis,
2163 971 2246 1014 nnnc

1268 1041 1379 1129 magis
1408 1065 1513 1134 quam
1540 1067 1699 1136 unquam
1730 1059 1851 1131 antea,
1884 1070 1923 1116 ac
1945 1047 2161 1137 pertinacius
2182 1073 2247 1116 am

1268 1143 1478 1230 plectamur:
1506 1159 1540 1215 et
1554 1145 1679 1214 studiis
1690 1147 1837 1231 nostris,
1861 1171 1950 1240 qnae
1963 1151 2007 1216 ad
2020 1151 2169 1238 gloriam
2179 1149 2248 1232 Dei,

1269 1245 1313 1310 ad
1339 1244 1496 1314 eiusdem
1518 1247 1700 1315 doctrinae
1723 1271 1839 1316 sacrae
1861 1251 2151 1340 propagationem
2178 1275 2248 1339 per·

1268 1345 1400 1430 tinent,
1433 1369 1569 1416 summa
1600 1371 1683 1416 eura
1715 1373 1755 1418 se
1785 1349 1969 1438 diligentia
1999 1351 2248 1433 incumbamus,

1269 1461 1373 1538 atque
1394 1449 1433 1514 in
1458 1443 1514 1516 his
1531 1463 1730 1538 temporum
1747 1451 1912 1541 procellis
1927 1452 2098 1520 auxilinm
2118 1467 2150 1521 et
2166 1455 2247 1522 libe·

1268 1551 1442 1618 rationem
1466 1551 1510 1618 ab
1533 1563 1676 1619 aeterno
1692 1575 1732 1618 ac
1749 1552 2019 1622 clementissimo
2035 1551 2134 1634 Deo,
2160 1569 2248 1644 patre

1268 1649 1416 1720 Domini
1448 1651 1563 1719 nostri
1587 1649 1665 1721 lesu
1685 1647 1839 1736 Christi,
1872 1670 1906 1724 et
1937 1667 2097 1744 petamus
2126 1670 2160 1724 et
2194 1679 2245 1724 cr-

1269 1765 1454 1843 pectemns.
1508 1751 1616 1839 Quod
1637 1753 1668 1821 si
1689 1753 1892 1839 fecerimus,
1924 1779 1997 1824 non
2024 1757 2172 1824 dubium
2194 1771 2248 1835 est,

1268 1853 1356 1945 quin
1372 1849 1469 1924 Deus
1489 1875 1622 1944 poenas
1642 1853 1867 1942 mitigaturus
1883 1856 1948 1935 sit,
1976 1857 2152 1949 nobisque
2169 1857 2246 1926 Hal·

1269 1954 1414 2048 cyonia,
1454 1949 1522 2022 hoc
1548 1967 1619 2034 est,
1658 1955 1972 2047 tranquillitatem,
2011 1949 2191 2048 receptum
2220 1971 2248 2026 et

1268 2049 1422 2145 hospitia
1452 2055 1664 2144 largiturus,
1712 2069 1794 2126 utut
1822 2056 1915 2128 inter
1944 2081 1981 2126 se
2009 2081 2117 2148 regna
2152 2055 2247 2129 huius

1268 2158 1393 2228 mundi
1408 2157 1509 2226 bellis
1525 2181 1565 2226 ac
1580 2158 1791 2228 tumultibus
1806 2158 2031 2234 collidentur.

1368 2255 1460 2328 Cum
1483 2257 1592 2348 igitur
1615 2259 1808 2349 praesentis
1829 2261 1998 2352 temporis
2020 2275 2126 2355 atque
2152 2261 2249 2332 officii

1269 2359 1359 2430 ratio
1388 2355 1479 2428 mihi
1506 2354 1574 2428 hoc
1596 2383 1727 2430 munus
1740 2361 1929 2452 ¹imponat,
1961 2363 2061 2433 utin
2083 2357 2151 2432 hoc
2173 2385 2249 2431 eon-

1268 2484 1363 2530 sessu
1387 2461 1530 2529 brevem
1548 2460 1744 2531 orationem
1759 2456 1928 2548 habeam,
1952 2487 2027 2534 non
2040 2465 2138 2534 aliud
2154 2487 2249 2550 argu·

1268 2574 1428 2632 mentum
1451 2561 1605 2650 deligere
1627 2563 1743 2643 volni,
1770 2587 1876 2656 quam
1893 2578 1933 2634 ut
1949 2565 1993 2634 ad
2013 2562 2171 2635 Graecae
2186 2565 2249 2632 lin-

1268 2687 1356 2753 guae
1393 2676 1427 2733 et
1464 2663 1686 2749 literaturae,
1726 2687 1833 2758 quam
1863 2667 2048 2758 profiteor,
2089 2665 2249 2748 studium,

1268 2765 1505 2834 adolescentes
1520 2759 1741 2836 adhortarer.
1792 2763 1870 2836 Etsi
1886 2767 1924 2836 id
1940 2767 2059 2839 minus
2075 2769 2248 2838 commode

1268 2891 1287 2936 a
1310 2889 1367 2935 me
1390 2866 1465 2944 fieri
1485 2889 1587 2958 posse
1608 2867 1781 2956 intelligo.
1836 2865 2060 2959 Impossibile
2079 2869 2175 2939 enirn
2193 2882 2247 2946 est,

1268 2981 1309 3038 nt
1328 2969 1372 3036 dc
1389 2968 1531 3056 linguae
1545 2967 1768 3038 dulcissimae
1785 2982 1891 3062 atque
1905 2970 2166 3040 eruditissimae
2180 2970 2246 3038 lau·

1268 3069 1372 3138 dibus
1393 3091 1456 3157 pro
1480 3068 1651 3156 dignitate
1669 3069 1824 3151 dicatur,
1857 3070 1926 3139 nisi
1951 3071 1997 3140 ab
2018 3066 2164 3140 homine
2185 3071 2249 3138 elo-

1268 3170 1411 3264 quenti,
1448 3182 1554 3262 atquc
1592 3165 1688 3239 haud
1723 3171 1917 3260 vulgariter
1942 3173 2065 3258 docto,
2105 3195 2247 3266 qnorum

1268 3284 1433 3342 neutrum
1448 3267 1539 3340 mihi
1553 3293 1690 3360 arrogo.
1742 3269 1814 3342 Sed
1827 3295 1930 3362 spero
1944 3285 2063 3344 tamen
2076 3297 2140 3343 vos
2153 3274 2247 3344 etiam

1267 3368 1354 3442 haec
1369 3372 1629 3466 qualiacunque
1645 3371 1732 3440 boni
1746 3373 1970 3444 consulturos
1984 3397 2073 3444 esse:
2100 3397 2248 3464 praescr-

1268 3475 1333 3544 tim
1360 3497 1440 3542 cnm
1473 3497 1530 3542 me
1558 3497 1633 3542 non
1663 3473 1876 3559 ambitione,
1908 3475 2100 3545 sedoflieii
2123 3477 2248 3545 ratione

1267 3587 1424 3655 motum,
1450 3570 1514 3644 has
1528 3575 1671 3666 dicendi
1687 3588 1802 3664 partes
1816 3575 2006 3667 suscepisse
2021 3577 2149 3646 sciatis.

1371 3672 1423 3746 Ac
1444 3676 1600 3767 primurn
1622 3675 1785 3770 quidem,
1810 3677 1874 3747 etsi
1891 3677 2074 3748 nunidem
2092 3677 2247 3748 omnibus

1268 3777 1306 3846 in
1331 3777 1499 3847 discendo
1524 3777 1744 3869 propositum
1765 3791 1835 3858 est,
1861 3779 1979 3848 etalii
2001 3781 2044 3848 ad
2070 3781 2165 3849 aliud
2190 3781 2246 3846 do·

1269 3878 1403 3948 ctrinae
1433 3902 1543 3969 genus
1575 3879 1682 3948 variis
1714 3880 1826 3949 causis
1855 3879 2070 3950 invitantur:
2104 3895 2244 3951 attamen

1269 3981 1332 4074 qui
1357 3976 1424 4050 hoc
1443 3994 1620 4071 spectant,
1645 3994 1686 4050 ut
1702 4005 1821 4050 veram
1839 4005 1879 4050 ac
1893 3981 2044 4050 solidam
2059 3981 2243 4052 doctrinam

1269 4095 1548 4176 consequantur,
1582 4077 1621 4150 hi
1646 4081 1714 4152 sibi
1739 4079 1896 4152 Graecae
1918 4083 2061 4174 linguae
2084 4080 2245 4172 cognitio-

1269 4206 1351 4252 nem
1373 4184 1522 4254 omnino
1545 4183 1774 4253 necessariam
1797 4206 1871 4254 esse
1888 4186 2081 4275 putabunt:
2109 4207 2174 4277 qua
2191 4179 2244 4272 qui

1268 4285 1521 4370 destituuntur,
1546 4287 1591 4354 ad
1605 4285 1843 4378 quodcunque
1857 4286 2038 4355 doctrinae
2053 4307 2162 4375 genus
2175 4281 2243 4352 ani·

1269 4411 1366 4458 mrim
1382 4385 1655 4478 adplicaverint,
1680 4384 1816 4475 ingenti
1832 4385 2049 4456 adminiculo
2064 4409 2101 4456 se
2114 4379 2243 4455 destitui

1268 4487 1431 4561 sentient.
1484 4486 1592 4576 Quod
1609 4511 1683 4556 non
1701 4486 1845 4558 difficile
1862 4501 1914 4558 est
1930 4489 2123 4558 ostendere.

1369 4587 1460 4658 Nam
1485 4589 1639 4679 primum
1661 4601 1701 4657 ut
1722 4590 1767 4657 de
1783 4588 1945 4658 doctrina
1960 4613 2063 4658 verae
2077 4582 2241 4676 religionis

1267 4715 1307 4760 ac
1330 4691 1469 4784 pietatis
1489 4714 1652 4779 agamus,
1677 4687 1826 4760 tradidit
1848 4691 1953 4759 nobis
1968 4688 2239 4760 clementissimus

1267 4805 1301 4863 et
1332 4793 1488 4884 optimus
1509 4787 1625 4877 Deus,
1664 4803 1764 4882 pater
1787 4789 1938 4894 Domini
1963 4815 2003 4862 ac
2025 4783 2239 4880 redemptoris

1266 4894 1381 4965 nostri
1396 4891 1476 4964 lesu
1490 4888 1644 4976 Christi,
1670 4892 1883 4966 immensum
1900 4887 2105 4965 thesaurum
2122 4885 2237 4963 doctri-

1266 5019 1333 5066 nae
1348 5019 1476 5066 sacrae.
1548 5049 1551 5056 -
1653 5013 1657 5020 '

1370 5095 1452 5186 Qua
1474 5119 1540 5167 nos
1559 5098 1604 5167 de
1619 5109 1762 5168 aeterna
1777 5095 1927 5168 euentia
1943 5117 2025 5181 sna,
2050 5097 2094 5166 de
2108 5091 2237 5180 origine,
2307 5095 2308 5132 t

1265 5185 1462 5287 creatione,
1495 5197 1751 5290 gubernatione
1777 5221 1818 5268 ac
1845 5197 2112 5269 conservatione
2133 5211 2234 5264 rerum

1265 5301 1448 5387 omnium,
1472 5303 1517 5371 de
1539 5299 1722 5372 voluntate
1743 5299 1898 5394 deniqne
1912 5323 1975 5370 sna
1990 5321 2071 5390 erga
2088 5321 2150 5368 nos
2163 5294 2234 5364 edo·

1265 5416 1337 5482 cet,
1368 5402 1523 5475 ostendit
1544 5403 1648 5475 nobis
1669 5401 1844 5493 originem
1867 5402 2000 5495 peccati
2023 5415 2128 5498 atque
2148 5393 2232 5466 intir-
