<?xml version="1.0" encoding="UTF-8"?>
<!DOCTYPE html PUBLIC "-//W3C//DTD XHTML 1.0 Transitional//EN"
    "http://www.w3.org/TR/xhtml1/DTD/xhtml1-transitional.dtd">
<html xmlns="http://www.w3.org/1999/xhtml" xml:lang="en" lang="en">
 <head>
  <title>
</title>
<meta http-equiv="Content-Type" content="text/html;charset=utf-8" />
  <meta name='ocr-system' content='tesseract 3.04.00' />
  <meta name='ocr-capabilities' content='ocr_page ocr_carea ocr_par ocr_line ocrx_word'/>
</head>
<body>
  <div class='ocr_page' id='page_1' title='image "./corpusreformato23melagoog/corpusreformato23melagoog_0355.png"; bbox 0 0 4614 5820; ppageno 0'>
   <div class='ocr_carea' id='block_1_1' title="bbox 193 273 2295 384">
    <p class='ocr_par' dir='ltr' id='par_1_1' title="bbox 193 273 2295 384">
     <span class='ocr_line' id='line_1_1' title="bbox 193 273 2295 384; baseline -0.012 -5"><span class='ocrx_word' id='word_1_1' title='bbox 193 305 267 384; x_wconf 75' lang='lat' dir='ltr'>ddi</span> <span class='ocrx_word' id='word_1_2' title='bbox 729 281 890 365; x_wconf 76' lang='lat' dir='ltr'>DECL</span> <span class='ocrx_word' id='word_1_3' title='bbox 936 279 1011 360; x_wconf 80' lang='lat' dir='ltr'>DE</span> <span class='ocrx_word' id='word_1_4' title='bbox 1043 273 1248 358; x_wconf 76' lang='lat' dir='ltr'>VERBO</span> <span class='ocrx_word' id='word_1_5' title='bbox 1277 276 1704 362; x_wconf 70' lang='lat' dir='ltr'>‘opnoromtn</span> <span class='ocrx_word' id='word_1_6' title='bbox 2145 277 2231 354; x_wconf 70' lang='grc'>,688</span> <span class='ocrx_word' id='word_1_7' title='bbox 2294 279 2295 284; x_wconf 63' lang='lat'>‘</span> 
     </span>
    </p>
   </div>
   <div class='ocr_carea' id='block_1_2' title="bbox 199 453 2240 1502">
    <p class='ocr_par' dir='ltr' id='par_1_2' title="bbox 199 453 2232 762">
     <span class='ocr_line' id='line_1_2' title="bbox 199 453 2232 561; baseline -0.014 -6"><span class='ocrx_word' id='word_1_8' title='bbox 199 480 332 556; x_wconf 82' lang='lat' dir='ltr'>silone</span> <span class='ocrx_word' id='word_1_9' title='bbox 352 461 580 561; x_wconf 74' lang='lat' dir='ltr'>meupborse</span> <span class='ocrx_word' id='word_1_10' title='bbox 600 459 859 534; x_wconf 86' lang='lat' dir='ltr'>consideretur.</span> <span class='ocrx_word' id='word_1_11' title='bbox 911 455 1080 532; x_wconf 75' lang='lat' dir='ltr'>Arbitror</span> <span class='ocrx_word' id='word_1_12' title='bbox 1097 457 1193 528; x_wconf 87' lang='lat' dir='ltr'>enim</span> <span class='ocrx_word' id='word_1_13' title='bbox 1244 453 1388 528; x_wconf 82' lang='lat' dir='ltr'>victima</span> <span class='ocrx_word' id='word_1_14' title='bbox 1418 455 1611 548; x_wconf 75' lang='lat' dir='ltr'>significari</span> <span class='ocrx_word' id='word_1_15' title='bbox 1633 453 1891 544; x_wconf 81' lang='lat' dir='ltr'>Medistareut,</span> <span class='ocrx_word' id='word_1_16' title='bbox 1923 455 1988 552; x_wconf 87' lang='lat' dir='ltr'>qui</span> <span class='ocrx_word' id='word_1_17' title='bbox 2019 455 2178 528; x_wconf 78' lang='lat' dir='ltr'>sacerdm</span> <span class='ocrx_word' id='word_1_18' title='bbox 2201 465 2232 526; x_wconf 89' lang='lat' dir='ltr'>et</span> 
     </span>
     <span class='ocr_line' id='line_1_3' title="bbox 199 553 2232 676; baseline -0.008 -30"><span class='ocrx_word' id='word_1_19' title='bbox 199 594 380 676; x_wconf 54' lang='lat' dir='ltr'>sumptum</span> <span class='ocrx_word' id='word_1_20' title='bbox 403 595 476 644; x_wconf 85' lang='lat' dir='ltr'>esse</span> <span class='ocrx_word' id='word_1_21' title='bbox 503 569 652 638; x_wconf 88' lang='lat' dir='ltr'>verbum</span> <span class='ocrx_word' id='word_1_22' title='bbox 672 589 692 636; x_wconf 89' lang='lat' dir='ltr'>a</span> <span class='ocrx_word' id='word_1_23' title='bbox 714 565 937 636; x_wconf 88' lang='lat' dir='ltr'>sacerdotum</span> <span class='ocrx_word' id='word_1_24' title='bbox 962 561 1099 646; x_wconf 84' lang='lat' dir='ltr'>officio,</span> <span class='ocrx_word' id='word_1_25' title='bbox 1131 557 1195 654; x_wconf 89' lang='lat' dir='ltr'>qui</span> <span class='ocrx_word' id='word_1_26' title='bbox 1246 557 1403 652; x_wconf 87' lang='lat' dir='ltr'>placator</span> <span class='ocrx_word' id='word_1_27' title='bbox 1424 560 1567 630; x_wconf 84' lang='lat' dir='ltr'>iutunss</span> <span class='ocrx_word' id='word_1_28' title='bbox 1586 572 1684 646; x_wconf 86' lang='lat' dir='ltr'>erat,</span> <span class='ocrx_word' id='word_1_29' title='bbox 1708 573 1745 632; x_wconf 86' lang='lat' dir='ltr'>et</span> <span class='ocrx_word' id='word_1_30' title='bbox 1764 573 1913 658; x_wconf 88' lang='lat' dir='ltr'>propter</span> <span class='ocrx_word' id='word_1_31' title='bbox 1930 583 2015 631; x_wconf 87' lang='lat' dir='ltr'>eum</span> <span class='ocrx_word' id='word_1_32' title='bbox 2027 571 2158 630; x_wconf 81' lang='lat' dir='ltr'>norant</span> <span class='ocrx_word' id='word_1_33' title='bbox 2172 553 2232 629; x_wconf 87' lang='lat' dir='ltr'>hoc</span> 
     </span>
     <span class='ocr_line' id='line_1_4' title="bbox 199 661 1807 762; baseline -0.009 -14"><span class='ocrx_word' id='word_1_34' title='bbox 199 688 363 762; x_wconf 59' lang='lat' dir='ltr'>„abant</span> <span class='ocrx_word' id='word_1_35' title='bbox 382 671 580 746; x_wconf 83' lang='lat' dir='ltr'>hostiarum</span> <span class='ocrx_word' id='word_1_36' title='bbox 600 669 780 752; x_wconf 88' lang='lat' dir='ltr'>membra,</span> <span class='ocrx_word' id='word_1_37' title='bbox 805 689 872 736; x_wconf 92' lang='lat' dir='ltr'>nec</span> <span class='ocrx_word' id='word_1_38' title='bbox 887 663 983 736; x_wconf 87' lang='lat' dir='ltr'>enim</span> <span class='ocrx_word' id='word_1_39' title='bbox 998 663 1128 736; x_wconf 86' lang='lat' dir='ltr'>licebat</span> <span class='ocrx_word' id='word_1_40' title='bbox 1142 677 1196 734; x_wconf 85' lang='lat' dir='ltr'>te·</span> <span class='ocrx_word' id='word_1_41' title='bbox 1245 661 1487 734; x_wconf 84' lang='lat' dir='ltr'>ministerium</span> <span class='ocrx_word' id='word_1_42' title='bbox 1503 661 1705 734; x_wconf 87' lang='lat' dir='ltr'>institutum</span> <span class='ocrx_word' id='word_1_43' title='bbox 1721 683 1807 734; x_wconf 85' lang='lat' dir='ltr'>esse.</span> 
     </span>
    </p>

    <p class='ocr_par' dir='ltr' id='par_1_3' title="bbox 199 761 2240 1502">
     <span class='ocr_line' id='line_1_5' title="bbox 199 761 2234 876; baseline -0.007 -29"><span class='ocrx_word' id='word_1_44' title='bbox 199 811 296 864; x_wconf 62' lang='lat' dir='ltr'>m</span> <span class='ocrx_word' id='word_1_45' title='bbox 316 777 460 876; x_wconf 77' lang='lat' dir='ltr'>partiri,</span> <span class='ocrx_word' id='word_1_46' title='bbox 484 787 526 848; x_wconf 88' lang='lat' dir='ltr'>ut</span> <span class='ocrx_word' id='word_1_47' title='bbox 546 770 675 864; x_wconf 87' lang='lat' dir='ltr'>cuique</span> <span class='ocrx_word' id='word_1_48' title='bbox 698 769 901 840; x_wconf 83' lang='lat' dir='ltr'>videbatur:</span> <span class='ocrx_word' id='word_1_49' title='bbox 928 768 990 840; x_wconf 84' lang='lat' dir='ltr'>sed</span> <span class='ocrx_word' id='word_1_50' title='bbox 1005 763 1105 838; x_wconf 87' lang='lat' dir='ltr'>Deus</span> <span class='ocrx_word' id='word_1_51' title='bbox 1126 763 1195 836; x_wconf 88' lang='lat' dir='ltr'>alia</span> <span class='ocrx_word' id='word_1_52' title='bbox 1351 761 1460 854; x_wconf 90' lang='lat' dir='ltr'>Quod</span> <span class='ocrx_word' id='word_1_53' title='bbox 1477 789 1562 836; x_wconf 85' lang='lat' dir='ltr'>vero</span> <span class='ocrx_word' id='word_1_54' title='bbox 1576 765 1748 856; x_wconf 89' lang='lat' dir='ltr'>sanguine</span> <span class='ocrx_word' id='word_1_55' title='bbox 1762 789 1858 836; x_wconf 89' lang='lat' dir='ltr'>aram</span> <span class='ocrx_word' id='word_1_56' title='bbox 1873 764 2059 858; x_wconf 70' lang='lat' dir='ltr'>conspergi</span> <span class='ocrx_word' id='word_1_57' title='bbox 2072 763 2234 856; x_wconf 87' lang='lat' dir='ltr'>oportuit,</span> 
     </span>
     <span class='ocr_line' id='line_1_6' title="bbox 201 865 2236 966; baseline -0.012 -6"><span class='ocrx_word' id='word_1_58' title='bbox 201 889 361 966; x_wconf 81' lang='lat' dir='ltr'>membra</span> <span class='ocrx_word' id='word_1_59' title='bbox 376 875 502 964; x_wconf 88' lang='lat' dir='ltr'>abiici,</span> <span class='ocrx_word' id='word_1_60' title='bbox 523 874 593 946; x_wconf 90' lang='lat' dir='ltr'>alia</span> <span class='ocrx_word' id='word_1_61' title='bbox 611 873 681 944; x_wconf 90' lang='lat' dir='ltr'>sibi</span> <span class='ocrx_word' id='word_1_62' title='bbox 699 869 934 950; x_wconf 80' lang='lat' dir='ltr'>inflammari,</span> <span class='ocrx_word' id='word_1_63' title='bbox 960 869 1030 942; x_wconf 89' lang='lat' dir='ltr'>alia</span> <span class='ocrx_word' id='word_1_64' title='bbox 1046 865 1196 942; x_wconf 76' lang='lat' dir='ltr'>attribui</span> <span class='ocrx_word' id='word_1_65' title='bbox 1248 878 1380 938; x_wconf 89' lang='lat' dir='ltr'>norant</span> <span class='ocrx_word' id='word_1_66' title='bbox 1407 890 1483 940; x_wconf 86' lang='lat' dir='ltr'>noo</span> <span class='ocrx_word' id='word_1_67' title='bbox 1512 869 1706 960; x_wconf 81' lang='lat' dir='ltr'><strong>pecudum,</strong></span> <span class='ocrx_word' id='word_1_68' title='bbox 1740 869 1802 938; x_wconf 82' lang='lat' dir='ltr'>sod</span> <span class='ocrx_word' id='word_1_69' title='bbox 1832 865 2046 940; x_wconf 86' lang='lat' dir='ltr'>Mediatoris</span> <span class='ocrx_word' id='word_1_70' title='bbox 2075 865 2236 957; x_wconf 84' lang='lat' dir='ltr'>sauguine</span> 
     </span>
     <span class='ocr_line' id='line_1_7' title="bbox 201 964 2236 1068; baseline -0.015 0"><span class='ocrx_word' id='word_1_71' title='bbox 201 985 442 1068; x_wconf 75' lang='lat' dir='ltr'>sacmdotibus</span> <span class='ocrx_word' id='word_1_72' title='bbox 461 977 590 1052; x_wconf 85' lang='lat' dir='ltr'>voluit.</span> <span class='ocrx_word' id='word_1_73' title='bbox 640 974 752 1048; x_wconf 80' lang='lat' dir='ltr'>Plane</span> <span class='ocrx_word' id='word_1_74' title='bbox 773 997 832 1044; x_wconf 91' lang='lat' dir='ltr'>ars</span> <span class='ocrx_word' id='word_1_75' title='bbox 853 985 930 1046; x_wconf 88' lang='lat' dir='ltr'>erat</span> <span class='ocrx_word' id='word_1_76' title='bbox 950 971 1112 1044; x_wconf 86' lang='lat' dir='ltr'>dividere</span> <span class='ocrx_word' id='word_1_77' title='bbox 1129 965 1198 1040; x_wconf 90' lang='lat' dir='ltr'>bo·</span> <span class='ocrx_word' id='word_1_78' title='bbox 1248 967 1452 1040; x_wconf 83' lang='lat' dir='ltr'>universam</span> <span class='ocrx_word' id='word_1_79' title='bbox 1466 964 1661 1042; x_wconf 79' lang='lat' dir='ltr'>Ecclesiam</span> <span class='ocrx_word' id='word_1_80' title='bbox 1683 971 1824 1046; x_wconf 88' lang='lat' dir='ltr'>redimi.</span> <span class='ocrx_word' id='word_1_81' title='bbox 1873 969 1966 1042; x_wconf 85' lang='lat' dir='ltr'>Cum</span> <span class='ocrx_word' id='word_1_82' title='bbox 1988 993 2073 1042; x_wconf 77' lang='lat' dir='ltr'>vero</span> <span class='ocrx_word' id='word_1_83' title='bbox 2097 971 2236 1040; x_wconf 86' lang='lat' dir='ltr'>caudam</span> 
     </span>
     <span class='ocr_line' id='line_1_8' title="bbox 202 1071 2238 1174; baseline -0.013 -6"><span class='ocrx_word' id='word_1_84' title='bbox 202 1098 316 1171; x_wconf 86' lang='lat' dir='ltr'>stiam.</span> <span class='ocrx_word' id='word_1_85' title='bbox 366 1085 441 1160; x_wconf 86' lang='lat' dir='ltr'>Nec</span> <span class='ocrx_word' id='word_1_86' title='bbox 461 1095 628 1174; x_wconf 88' lang='lat' dir='ltr'>putemus</span> <span class='ocrx_word' id='word_1_87' title='bbox 649 1078 742 1150; x_wconf 89' lang='lat' dir='ltr'>ritus</span> <span class='ocrx_word' id='word_1_88' title='bbox 764 1077 847 1148; x_wconf 93' lang='lat' dir='ltr'>illos</span> <span class='ocrx_word' id='word_1_89' title='bbox 868 1073 1092 1148; x_wconf 87' lang='lat' dir='ltr'>barbaricam</span> <span class='ocrx_word' id='word_1_90' title='bbox 1109 1096 1198 1144; x_wconf 92' lang='lat' dir='ltr'>cou-</span> <span class='ocrx_word' id='word_1_91' title='bbox 1250 1085 1286 1142; x_wconf 88' lang='lat' dir='ltr'>at</span> <span class='ocrx_word' id='word_1_92' title='bbox 1301 1071 1441 1164; x_wconf 78' lang='lat' dir='ltr'>adipem</span> <span class='ocrx_word' id='word_1_93' title='bbox 1456 1071 1674 1164; x_wconf 87' lang='lat' dir='ltr'>conflagrare</span> <span class='ocrx_word' id='word_1_94' title='bbox 1687 1073 1875 1160; x_wconf 74' lang='lat' dir='ltr'>ridebant,</span> <span class='ocrx_word' id='word_1_95' title='bbox 1899 1074 2139 1165; x_wconf 83' lang='lat' dir='ltr'>agnoscebant</span> <span class='ocrx_word' id='word_1_96' title='bbox 2153 1071 2238 1142; x_wconf 89' lang='lat' dir='ltr'>iudi-</span> 
     </span>
     <span class='ocr_line' id='line_1_9' title="bbox 202 1170 2239 1274; baseline -0.015 0"><span class='ocrx_word' id='word_1_97' title='bbox 202 1194 428 1274; x_wconf 88' lang='lat' dir='ltr'>suetndinem</span> <span class='ocrx_word' id='word_1_98' title='bbox 445 1187 574 1269; x_wconf 84' lang='lat' dir='ltr'>luisse,</span> <span class='ocrx_word' id='word_1_99' title='bbox 598 1203 638 1254; x_wconf 86' lang='lat' dir='ltr'>ac</span> <span class='ocrx_word' id='word_1_100' title='bbox 655 1181 774 1252; x_wconf 88' lang='lat' dir='ltr'>nullas</span> <span class='ocrx_word' id='word_1_101' title='bbox 789 1201 929 1264; x_wconf 89' lang='lat' dir='ltr'>causas,</span> <span class='ocrx_word' id='word_1_102' title='bbox 952 1177 1072 1248; x_wconf 90' lang='lat' dir='ltr'>nullas</span> <span class='ocrx_word' id='word_1_103' title='bbox 1087 1175 1199 1266; x_wconf 88' lang='lat' dir='ltr'>si&#39;gni-</span> <span class='ocrx_word' id='word_1_104' title='bbox 1251 1172 1306 1244; x_wconf 94' lang='lat' dir='ltr'>cio</span> <span class='ocrx_word' id='word_1_105' title='bbox 1337 1171 1406 1246; x_wconf 88' lang='lat' dir='ltr'>Dei</span> <span class='ocrx_word' id='word_1_106' title='bbox 1438 1170 1531 1246; x_wconf 87' lang='lat' dir='ltr'>hanc</span> <span class='ocrx_word' id='word_1_107' title='bbox 1559 1189 1719 1246; x_wconf 89' lang='lat' dir='ltr'>nostram</span> <span class='ocrx_word' id='word_1_108' title='bbox 1747 1175 1934 1248; x_wconf 84' lang='lat' dir='ltr'>mortalem</span> <span class='ocrx_word' id='word_1_109' title='bbox 1965 1190 2131 1248; x_wconf 85' lang='lat' dir='ltr'>naturam</span> <span class='ocrx_word' id='word_1_110' title='bbox 2164 1175 2239 1245; x_wconf 84' lang='lat' dir='ltr'>sub-</span> 
     </span>
     <span class='ocr_line' id='line_1_10' title="bbox 202 1269 2240 1375; baseline -0.011 -5"><span class='ocrx_word' id='word_1_111' title='bbox 202 1299 383 1375; x_wconf 82' lang='lat' dir='ltr'>ficationes</span> <span class='ocrx_word' id='word_1_112' title='bbox 399 1287 582 1362; x_wconf 86' lang='lat' dir='ltr'>habuisse:</span> <span class='ocrx_word' id='word_1_113' title='bbox 610 1285 683 1356; x_wconf 93' lang='lat' dir='ltr'>imo</span> <span class='ocrx_word' id='word_1_114' title='bbox 700 1283 785 1353; x_wconf 72' lang='lat' dir='ltr'>iero</span> <span class='ocrx_word' id='word_1_115' title='bbox 801 1293 836 1352; x_wconf 91' lang='lat' dir='ltr'>et</span> <span class='ocrx_word' id='word_1_116' title='bbox 851 1303 972 1352; x_wconf 89' lang='lat' dir='ltr'>causas</span> <span class='ocrx_word' id='word_1_117' title='bbox 985 1279 1140 1364; x_wconf 90' lang='lat' dir='ltr'>rituum,</span> <span class='ocrx_word' id='word_1_118' title='bbox 1166 1289 1201 1346; x_wconf 90' lang='lat' dir='ltr'>et</span> <span class='ocrx_word' id='word_1_119' title='bbox 1251 1269 1377 1350; x_wconf 79' lang='lat' dir='ltr'>ieetarn</span> <span class='ocrx_word' id='word_1_120' title='bbox 1390 1300 1465 1348; x_wconf 86' lang='lat' dir='ltr'>esse</span> <span class='ocrx_word' id='word_1_121' title='bbox 1479 1278 1586 1350; x_wconf 91' lang='lat' dir='ltr'>morti</span> <span class='ocrx_word' id='word_1_122' title='bbox 1599 1291 1633 1350; x_wconf 87' lang='lat' dir='ltr'>et</span> <span class='ocrx_word' id='word_1_123' title='bbox 1646 1277 1854 1370; x_wconf 84' lang='lat' dir='ltr'>ingentibus</span> <span class='ocrx_word' id='word_1_124' title='bbox 1866 1280 2063 1350; x_wconf 85' lang='lat' dir='ltr'>aerumnis:</span> <span class='ocrx_word' id='word_1_125' title='bbox 2086 1281 2147 1350; x_wconf 89' lang='lat' dir='ltr'>sed</span> <span class='ocrx_word' id='word_1_126' title='bbox 2161 1281 2240 1350; x_wconf 86' lang='lat' dir='ltr'>abo·</span> 
     </span>
     <span class='ocr_line' id='line_1_11' title="bbox 204 1377 2238 1502; baseline -0.007 -35"><span class='ocrx_word' id='word_1_127' title='bbox 204 1423 356 1502; x_wconf 74' lang='lat' dir='ltr'>quarum</span> <span class='ocrx_word' id='word_1_128' title='bbox 379 1417 497 1466; x_wconf 91' lang='lat' dir='ltr'>rerum</span> <span class='ocrx_word' id='word_1_129' title='bbox 521 1401 637 1464; x_wconf 83' lang='lat' dir='ltr'>essent</span> <span class='ocrx_word' id='word_1_130' title='bbox 657 1383 848 1476; x_wconf 79' lang='lat' dir='ltr'>imagines,</span> <span class='ocrx_word' id='word_1_131' title='bbox 873 1377 1074 1476; x_wconf 88' lang='lat' dir='ltr'>Prophetae</span> <span class='ocrx_word' id='word_1_132' title='bbox 1088 1394 1124 1452; x_wconf 91' lang='lat' dir='ltr'>et</span> <span class='ocrx_word' id='word_1_133' title='bbox 1139 1378 1200 1450; x_wconf 90' lang='lat' dir='ltr'>alii</span> <span class='ocrx_word' id='word_1_134' title='bbox 1253 1377 1318 1450; x_wconf 90' lang='lat' dir='ltr'>lito</span> <span class='ocrx_word' id='word_1_135' title='bbox 1347 1393 1490 1472; x_wconf 88' lang='lat' dir='ltr'>peccato</span> <span class='ocrx_word' id='word_1_136' title='bbox 1518 1381 1559 1450; x_wconf 93' lang='lat' dir='ltr'>in</span> <span class='ocrx_word' id='word_1_137' title='bbox 1591 1385 1723 1466; x_wconf 86' lang='lat' dir='ltr'>morte,</span> <span class='ocrx_word' id='word_1_138' title='bbox 1756 1395 1877 1474; x_wconf 71' lang='lat' dir='ltr'>pastea</span> <span class='ocrx_word' id='word_1_139' title='bbox 1905 1395 2070 1454; x_wconf 78' lang='lat' dir='ltr'>naturam</span> <span class='ocrx_word' id='word_1_140' title='bbox 2101 1383 2238 1453; x_wconf 86' lang='lat' dir='ltr'>restitui.</span> 
     </span>
    </p>
   </div>
   <div class='ocr_carea' id='block_1_3' title="bbox 205 1479 2296 1603">
    <p class='ocr_par' dir='ltr' id='par_1_4' title="bbox 205 1479 2296 1603">
     <span class='ocr_line' id='line_1_12' title="bbox 205 1479 2296 1603; baseline -0.012 -24"><span class='ocrx_word' id='word_1_141' title='bbox 205 1508 257 1603; x_wconf 90' lang='lat' dir='ltr'>pii</span> <span class='ocrx_word' id='word_1_142' title='bbox 276 1527 317 1578; x_wconf 89' lang='lat' dir='ltr'>ac</span> <span class='ocrx_word' id='word_1_143' title='bbox 337 1495 470 1572; x_wconf 90' lang='lat' dir='ltr'>eruditi</span> <span class='ocrx_word' id='word_1_144' title='bbox 493 1491 663 1564; x_wconf 80' lang='lat' dir='ltr'>sciebant.</span> <span class='ocrx_word' id='word_1_145' title='bbox 715 1487 786 1560; x_wconf 86' lang='lat' dir='ltr'>Sed</span> <span class='ocrx_word' id='word_1_146' title='bbox 807 1483 913 1556; x_wconf 90' lang='lat' dir='ltr'>nobis</span> <span class='ocrx_word' id='word_1_147' title='bbox 935 1485 974 1555; x_wconf 89' lang='lat' dir='ltr'>in</span> <span class='ocrx_word' id='word_1_148' title='bbox 996 1479 1063 1556; x_wconf 90' lang='lat' dir='ltr'>hac</span> <span class='ocrx_word' id='word_1_149' title='bbox 1080 1497 1201 1554; x_wconf 87' lang='lat' dir='ltr'>nostra</span> <span class='ocrx_word' id='word_1_150' title='bbox 1253 1479 1357 1554; x_wconf 88' lang='lat' dir='ltr'>Nasci</span> <span class='ocrx_word' id='word_1_151' title='bbox 1377 1483 1504 1554; x_wconf 90' lang='lat' dir='ltr'>nusad</span> <span class='ocrx_word' id='word_1_152' title='bbox 1520 1481 1664 1555; x_wconf 88' lang='lat' dir='ltr'>delicias</span> <span class='ocrx_word' id='word_1_153' title='bbox 1680 1483 1864 1585; x_wconf 67' lang='lat' dir='ltr'>iungimus,</span> <span class='ocrx_word' id='word_1_154' title='bbox 1890 1497 1926 1556; x_wconf 87' lang='lat' dir='ltr'>et</span> <span class='ocrx_word' id='word_1_155' title='bbox 1942 1507 2047 1556; x_wconf 89' lang='lat' dir='ltr'>curse</span> <span class='ocrx_word' id='word_1_156' title='bbox 2062 1481 2239 1556; x_wconf 83' lang='lat' dir='ltr'>bominum</span> <span class='ocrx_word' id='word_1_157' title='bbox 2295 1527 2296 1574; x_wconf 71' lang='lat' dir='ltr'>t</span> 
     </span>
    </p>
   </div>
   <div class='ocr_carea' id='block_1_4' title="bbox 205 1579 2245 2510">
    <p class='ocr_par' dir='ltr' id='par_1_5' title="bbox 205 1579 2243 2102">
     <span class='ocr_line' id='line_1_13' title="bbox 205 1579 2241 1690; baseline -0.017 -7"><span class='ocrx_word' id='word_1_158' title='bbox 205 1605 366 1690; x_wconf 74' lang='lat' dir='ltr'>inscitia,</span> <span class='ocrx_word' id='word_1_159' title='bbox 390 1595 535 1670; x_wconf 78' lang='lat' dir='ltr'>difficile</span> <span class='ocrx_word' id='word_1_160' title='bbox 559 1605 612 1664; x_wconf 90' lang='lat' dir='ltr'>cst</span> <span class='ocrx_word' id='word_1_161' title='bbox 635 1615 693 1662; x_wconf 89' lang='lat' dir='ltr'>eas</span> <span class='ocrx_word' id='word_1_162' title='bbox 715 1611 838 1660; x_wconf 88' lang='lat' dir='ltr'>causas</span> <span class='ocrx_word' id='word_1_163' title='bbox 858 1600 892 1658; x_wconf 92' lang='lat' dir='ltr'>et</span> <span class='ocrx_word' id='word_1_164' title='bbox 914 1586 1087 1678; x_wconf 74' lang='lat' dir='ltr'>imagines</span> <span class='ocrx_word' id='word_1_165' title='bbox 1107 1597 1202 1656; x_wconf 87' lang='lat' dir='ltr'>reete</span> <span class='ocrx_word' id='word_1_166' title='bbox 1254 1585 1475 1680; x_wconf 82' lang='lat' dir='ltr'>consiliaque</span> <span class='ocrx_word' id='word_1_167' title='bbox 1497 1589 1542 1656; x_wconf 84' lang='lat' dir='ltr'>sd</span> <span class='ocrx_word' id='word_1_168' title='bbox 1567 1579 1635 1656; x_wconf 84' lang='lat' dir='ltr'>boc</span> <span class='ocrx_word' id='word_1_169' title='bbox 1657 1585 1847 1680; x_wconf 84' lang='lat' dir='ltr'>praecipue</span> <span class='ocrx_word' id='word_1_170' title='bbox 1866 1587 2091 1670; x_wconf 79' lang='lat' dir='ltr'>referuntur,</span> <span class='ocrx_word' id='word_1_171' title='bbox 2113 1601 2154 1658; x_wconf 93' lang='grc' dir='ltr'>ιιι</span> <span class='ocrx_word' id='word_1_172' title='bbox 2170 1611 2241 1659; x_wconf 74' lang='lat' dir='ltr'>sua.</span> 
     </span>
     <span class='ocr_line' id='line_1_14' title="bbox 206 1684 2241 1806; baseline -0.011 -24"><span class='ocrx_word' id='word_1_173' title='bbox 206 1711 391 1806; x_wconf 80' lang='lat' dir='ltr'>explicare.</span> <span class='ocrx_word' id='word_1_174' title='bbox 434 1698 518 1772; x_wconf 91' lang='lat' dir='ltr'>ldeo</span> <span class='ocrx_word' id='word_1_175' title='bbox 535 1695 639 1766; x_wconf 90' lang='lat' dir='ltr'>multi</span> <span class='ocrx_word' id='word_1_176' title='bbox 656 1693 695 1764; x_wconf 91' lang='lat' dir='ltr'>in</span> <span class='ocrx_word' id='word_1_177' title='bbox 710 1689 871 1763; x_wconf 83' lang='lat' dir='ltr'>texendis</span> <span class='ocrx_word' id='word_1_178' title='bbox 882 1689 1061 1780; x_wconf 86' lang='lat' dir='ltr'>allegoriis</span> <span class='ocrx_word' id='word_1_179' title='bbox 1077 1684 1204 1760; x_wconf 88' lang='lat' dir='ltr'>insulsi</span> <span class='ocrx_word' id='word_1_180' title='bbox 1255 1687 1347 1760; x_wconf 83' lang='lat' dir='ltr'>viter</span> <span class='ocrx_word' id='word_1_181' title='bbox 1370 1687 1543 1759; x_wconf 81' lang='lat' dir='ltr'>vivamus.</span> <span class='ocrx_word' id='word_1_182' title='bbox 1595 1685 1644 1760; x_wconf 79' lang='lat' dir='ltr'>A:</span> <span class='ocrx_word' id='word_1_183' title='bbox 1664 1688 1755 1760; x_wconf 88' lang='lat' dir='ltr'>scias</span> <span class='ocrx_word' id='word_1_184' title='bbox 1775 1689 1874 1760; x_wconf 81' lang='lat' dir='ltr'>illam</span> <span class='ocrx_word' id='word_1_185' title='bbox 1890 1689 2103 1762; x_wconf 84' lang='lat' dir='ltr'>suavitatem</span> <span class='ocrx_word' id='word_1_186' title='bbox 2119 1691 2241 1762; x_wconf 85' lang='lat' dir='ltr'>confla·</span> 
     </span>
     <span class='ocr_line' id='line_1_15' title="bbox 206 1785 2241 1890; baseline -0.013 -1"><span class='ocrx_word' id='word_1_187' title='bbox 206 1827 302 1890; x_wconf 92' lang='lat' dir='ltr'>sunt.</span> <span class='ocrx_word' id='word_1_188' title='bbox 353 1805 423 1880; x_wconf 89' lang='lat' dir='ltr'>Sed</span> <span class='ocrx_word' id='word_1_189' title='bbox 440 1801 649 1874; x_wconf 84' lang='lat' dir='ltr'>recitaboet</span> <span class='ocrx_word' id='word_1_190' title='bbox 664 1817 747 1888; x_wconf 87' lang='lat' dir='ltr'>ego,</span> <span class='ocrx_word' id='word_1_191' title='bbox 773 1793 860 1890; x_wconf 91' lang='lat' dir='ltr'>quid</span> <span class='ocrx_word' id='word_1_192' title='bbox 876 1787 967 1864; x_wconf 89' lang='lat' dir='ltr'>mihi</span> <span class='ocrx_word' id='word_1_193' title='bbox 983 1793 1027 1862; x_wconf 88' lang='lat' dir='ltr'>de</span> <span class='ocrx_word' id='word_1_194' title='bbox 1040 1785 1098 1862; x_wconf 87' lang='lat' dir='ltr'>his</span> <span class='ocrx_word' id='word_1_195' title='bbox 1111 1787 1204 1886; x_wconf 87' lang='lat' dir='ltr'>typis</span> <span class='ocrx_word' id='word_1_196' title='bbox 1255 1813 1357 1882; x_wconf 88' lang='lat' dir='ltr'>grare</span> <span class='ocrx_word' id='word_1_197' title='bbox 1372 1803 1553 1884; x_wconf 88' lang='lat' dir='ltr'>oportere,</span> <span class='ocrx_word' id='word_1_198' title='bbox 1580 1813 1654 1862; x_wconf 91' lang='lat' dir='ltr'>non</span> <span class='ocrx_word' id='word_1_199' title='bbox 1669 1813 1795 1882; x_wconf 89' lang='lat' dir='ltr'>regna,</span> <span class='ocrx_word' id='word_1_200' title='bbox 1817 1815 1893 1864; x_wconf 90' lang='lat' dir='ltr'>non</span> <span class='ocrx_word' id='word_1_201' title='bbox 1905 1793 2153 1890; x_wconf 77' lang='lat' dir='ltr'>tyrrannides,</span> <span class='ocrx_word' id='word_1_202' title='bbox 2177 1817 2241 1864; x_wconf 86' lang='lat' dir='ltr'>oon</span> 
     </span>
     <span class='ocr_line' id='line_1_16' title="bbox 207 1887 2242 1996; baseline -0.013 -6"><span class='ocrx_word' id='word_1_203' title='bbox 207 1919 389 1996; x_wconf 82' lang='lat' dir='ltr'>videatur,</span> <span class='ocrx_word' id='word_1_204' title='bbox 421 1919 456 1976; x_wconf 91' lang='lat' dir='ltr'>et</span> <span class='ocrx_word' id='word_1_205' title='bbox 479 1927 499 1974; x_wconf 90' lang='lat' dir='ltr'>a</span> <span class='ocrx_word' id='word_1_206' title='bbox 521 1897 810 1996; x_wconf 85' lang='lat' dir='ltr'>praeceptoribus</span> <span class='ocrx_word' id='word_1_207' title='bbox 836 1895 943 1982; x_wconf 90' lang='lat' dir='ltr'>meis,</span> <span class='ocrx_word' id='word_1_208' title='bbox 970 1918 1053 1966; x_wconf 88' lang='lat' dir='ltr'>vera</span> <span class='ocrx_word' id='word_1_209' title='bbox 1077 1893 1206 1986; x_wconf 88' lang='lat' dir='ltr'>pietate</span> <span class='ocrx_word' id='word_1_210' title='bbox 1256 1893 1426 1984; x_wconf 90' lang='lat' dir='ltr'>gloriam,</span> <span class='ocrx_word' id='word_1_211' title='bbox 1455 1913 1529 1964; x_wconf 90' lang='lat' dir='ltr'>non</span> <span class='ocrx_word' id='word_1_212' title='bbox 1561 1887 1749 1964; x_wconf 87' lang='lat' dir='ltr'>hominum</span> <span class='ocrx_word' id='word_1_213' title='bbox 1780 1896 1924 1986; x_wconf 88' lang='lat' dir='ltr'>plausus</span> <span class='ocrx_word' id='word_1_214' title='bbox 1956 1891 2023 1966; x_wconf 80' lang='lat' dir='ltr'>lanc</span> <span class='ocrx_word' id='word_1_215' title='bbox 2051 1895 2242 1966; x_wconf 86' lang='lat' dir='ltr'>ministerio</span> 
     </span>
     <span class='ocr_line' id='line_1_17' title="bbox 207 1995 2243 2102; baseline -0.013 -7"><span class='ocrx_word' id='word_1_216' title='bbox 207 2015 386 2100; x_wconf 89' lang='lat' dir='ltr'>colendis,</span> <span class='ocrx_word' id='word_1_217' title='bbox 411 2022 493 2102; x_wconf 88' lang='lat' dir='ltr'>peto</span> <span class='ocrx_word' id='word_1_218' title='bbox 510 2003 771 2076; x_wconf 81' lang='lat' dir='ltr'>enarrationem</span> <span class='ocrx_word' id='word_1_219' title='bbox 789 1997 1139 2088; x_wconf 87' lang='lat' dir='ltr'>magisconcinnam.</span> <span class='ocrx_word' id='word_1_220' title='bbox 1257 1997 1478 2091; x_wconf 89' lang='lat' dir='ltr'>quaerendus</span> <span class='ocrx_word' id='word_1_221' title='bbox 1501 2019 1587 2083; x_wconf 85' lang='lat' dir='ltr'>esse,</span> <span class='ocrx_word' id='word_1_222' title='bbox 1644 1995 1796 2080; x_wconf 83' lang='lat' dir='ltr'>Haeret</span> <span class='ocrx_word' id='word_1_223' title='bbox 1820 1997 1950 2068; x_wconf 77' lang='lat' dir='ltr'>similia</span> <span class='ocrx_word' id='word_1_224' title='bbox 1976 1995 2181 2090; x_wconf 78' lang='lat' dir='ltr'>cogitabant</span> <span class='ocrx_word' id='word_1_225' title='bbox 2201 1997 2243 2090; x_wconf 86' lang='lat' dir='ltr'>pli</span> 
     </span>
    </p>

    <p class='ocr_par' dir='ltr' id='par_1_6' title="bbox 209 2095 2245 2510">
     <span class='ocr_line' id='line_1_18' title="bbox 314 2095 2244 2205; baseline -0.008 -20"><span class='ocrx_word' id='word_1_226' title='bbox 314 2115 445 2205; x_wconf 88' lang='lat' dir='ltr'>Magna</span> <span class='ocrx_word' id='word_1_227' title='bbox 463 2105 635 2204; x_wconf 90' lang='lat' dir='ltr'>sapientia</span> <span class='ocrx_word' id='word_1_228' title='bbox 653 2116 705 2174; x_wconf 89' lang='lat' dir='ltr'>est</span> <span class='ocrx_word' id='word_1_229' title='bbox 720 2102 776 2172; x_wconf 87' lang='lat' dir='ltr'>lex</span> <span class='ocrx_word' id='word_1_230' title='bbox 793 2099 935 2186; x_wconf 86' lang='lat' dir='ltr'>divina,</span> <span class='ocrx_word' id='word_1_231' title='bbox 962 2113 997 2171; x_wconf 89' lang='lat' dir='ltr'>et</span> <span class='ocrx_word' id='word_1_232' title='bbox 1012 2124 1091 2170; x_wconf 89' lang='lat' dir='ltr'>cum</span> <span class='ocrx_word' id='word_1_233' title='bbox 1104 2095 1207 2170; x_wconf 86' lang='lat' dir='ltr'>utili·</span> <span class='ocrx_word' id='word_1_234' title='bbox 1258 2099 1478 2182; x_wconf 83' lang='lat' dir='ltr'>sacerdotes,</span> <span class='ocrx_word' id='word_1_235' title='bbox 1511 2099 1691 2168; x_wconf 87' lang='lat' dir='ltr'>flammam</span> <span class='ocrx_word' id='word_1_236' title='bbox 1715 2099 1878 2172; x_wconf 82' lang='lat' dir='ltr'>sacrificii</span> <span class='ocrx_word' id='word_1_237' title='bbox 1900 2101 2101 2194; x_wconf 87' lang='lat' dir='ltr'>intuentes,</span> <span class='ocrx_word' id='word_1_238' title='bbox 2134 2117 2167 2171; x_wconf 87' lang='lat' dir='ltr'>et</span> <span class='ocrx_word' id='word_1_239' title='bbox 2187 2097 2244 2170; x_wconf 89' lang='lat' dir='ltr'>hat</span> 
     </span>
     <span class='ocr_line' id='line_1_19' title="bbox 209 2199 2244 2300; baseline -0.012 -1"><span class='ocrx_word' id='word_1_240' title='bbox 209 2223 274 2300; x_wconf 86' lang='lat' dir='ltr'>tati</span> <span class='ocrx_word' id='word_1_241' title='bbox 295 2215 483 2292; x_wconf 88' lang='lat' dir='ltr'>hominum</span> <span class='ocrx_word' id='word_1_242' title='bbox 505 2207 678 2292; x_wconf 83' lang='lat' dir='ltr'>consulit,</span> <span class='ocrx_word' id='word_1_243' title='bbox 703 2219 780 2275; x_wconf 91' lang='lat' dir='ltr'>tum</span> <span class='ocrx_word' id='word_1_244' title='bbox 804 2227 888 2274; x_wconf 88' lang='lat' dir='ltr'>vero</span> <span class='ocrx_word' id='word_1_245' title='bbox 905 2203 996 2274; x_wconf 93' lang='lat' dir='ltr'>ritus</span> <span class='ocrx_word' id='word_1_246' title='bbox 1013 2201 1082 2294; x_wconf 89' lang='lat' dir='ltr'>ipsi</span> <span class='ocrx_word' id='word_1_247' title='bbox 1096 2199 1208 2271; x_wconf 90' lang='lat' dir='ltr'>multa</span> <span class='ocrx_word' id='word_1_248' title='bbox 1258 2201 1503 2274; x_wconf 84' lang='lat' dir='ltr'>consolatione</span> <span class='ocrx_word' id='word_1_249' title='bbox 1519 2200 1701 2272; x_wconf 82' lang='lat' dir='ltr'>laniabant</span> <span class='ocrx_word' id='word_1_250' title='bbox 1717 2203 1879 2288; x_wconf 91' lang='lat' dir='ltr'>dolores,</span> <span class='ocrx_word' id='word_1_251' title='bbox 1905 2203 2000 2300; x_wconf 87' lang='lat' dir='ltr'>quod</span> <span class='ocrx_word' id='word_1_252' title='bbox 2021 2229 2096 2274; x_wconf 90' lang='lat' dir='ltr'>non</span> <span class='ocrx_word' id='word_1_253' title='bbox 2114 2217 2244 2284; x_wconf 84' lang='lat' dir='ltr'>temere,</span> 
     </span>
     <span class='ocr_line' id='line_1_20' title="bbox 211 2299 2245 2402; baseline -0.012 0"><span class='ocrx_word' id='word_1_254' title='bbox 211 2307 853 2402; x_wconf 87' lang='lat' dir='ltr'>arcanadevoluntateDcimonent.</span> <span class='ocrx_word' id='word_1_255' title='bbox 906 2299 1207 2376; x_wconf 87' lang='lat' dir='ltr'>lussitDeussibi</span> <span class='ocrx_word' id='word_1_256' title='bbox 1259 2329 1335 2375; x_wconf 82' lang='lat' dir='ltr'>non</span> <span class='ocrx_word' id='word_1_257' title='bbox 1360 2325 1443 2374; x_wconf 90' lang='lat' dir='ltr'>casu</span> <span class='ocrx_word' id='word_1_258' title='bbox 1464 2303 1622 2396; x_wconf 85' lang='lat' dir='ltr'>perirent</span> <span class='ocrx_word' id='word_1_259' title='bbox 1643 2301 1825 2390; x_wconf 81' lang='lat' dir='ltr'>victimae,</span> <span class='ocrx_word' id='word_1_260' title='bbox 1849 2307 1911 2376; x_wconf 88' lang='lat' dir='ltr'>sed</span> <span class='ocrx_word' id='word_1_261' title='bbox 1935 2309 2031 2400; x_wconf 90' lang='lat' dir='ltr'>qnod</span> <span class='ocrx_word' id='word_1_262' title='bbox 2052 2320 2089 2376; x_wconf 93' lang='lat' dir='ltr'>et</span> <span class='ocrx_word' id='word_1_263' title='bbox 2105 2305 2180 2377; x_wconf 89' lang='lat' dir='ltr'>Deo</span> <span class='ocrx_word' id='word_1_264' title='bbox 2196 2307 2245 2378; x_wconf 88' lang='lat' dir='ltr'>iu·</span> 
     </span>
     <span class='ocr_line' id='line_1_21' title="bbox 212 2405 2245 2510; baseline -0.012 -7"><span class='ocrx_word' id='word_1_265' title='bbox 212 2419 429 2502; x_wconf 83' lang='lat' dir='ltr'>inflammari</span> <span class='ocrx_word' id='word_1_266' title='bbox 449 2418 592 2510; x_wconf 87' lang='lat' dir='ltr'>adipem</span> <span class='ocrx_word' id='word_1_267' title='bbox 616 2425 651 2483; x_wconf 91' lang='lat' dir='ltr'>et</span> <span class='ocrx_word' id='word_1_268' title='bbox 672 2411 841 2493; x_wconf 88' lang='lat' dir='ltr'>caudam,</span> <span class='ocrx_word' id='word_1_269' title='bbox 867 2407 1111 2478; x_wconf 89' lang='lat' dir='ltr'>sacerdotibus</span> <span class='ocrx_word' id='word_1_270' title='bbox 1125 2429 1209 2474; x_wconf 89' lang='lat' dir='ltr'>vcro</span> <span class='ocrx_word' id='word_1_271' title='bbox 1260 2409 1366 2478; x_wconf 92' lang='lat' dir='ltr'>bente</span> <span class='ocrx_word' id='word_1_272' title='bbox 1383 2405 1544 2491; x_wconf 88' lang='lat' dir='ltr'>oblatae,</span> <span class='ocrx_word' id='word_1_273' title='bbox 1570 2421 1606 2478; x_wconf 90' lang='lat' dir='ltr'>et</span> <span class='ocrx_word' id='word_1_274' title='bbox 1622 2408 1664 2476; x_wconf 92' lang='lat' dir='ltr'>ad</span> <span class='ocrx_word' id='word_1_275' title='bbox 1686 2407 1938 2479; x_wconf 85' lang='lat' dir='ltr'>celebrandurn</span> <span class='ocrx_word' id='word_1_276' title='bbox 1953 2405 2071 2480; x_wconf 90' lang='lat' dir='ltr'>Deum</span> <span class='ocrx_word' id='word_1_277' title='bbox 2085 2405 2157 2480; x_wconf 87' lang='lat' dir='ltr'>hae</span> <span class='ocrx_word' id='word_1_278' title='bbox 2173 2433 2245 2503; x_wconf 90' lang='lat' dir='ltr'>par-</span> 
     </span>
    </p>
   </div>
   <div class='ocr_carea' id='block_1_5' title="bbox 212 2501 2297 2618">
    <p class='ocr_par' dir='ltr' id='par_1_7' title="bbox 212 2501 2297 2618">
     <span class='ocr_line' id='line_1_22' title="bbox 212 2501 2297 2618; baseline -0.012 -12"><span class='ocrx_word' id='word_1_279' title='bbox 212 2525 362 2606; x_wconf 90' lang='lat' dir='ltr'>attribui</span> <span class='ocrx_word' id='word_1_280' title='bbox 384 2535 507 2618; x_wconf 86' lang='lat' dir='ltr'>pectus</span> <span class='ocrx_word' id='word_1_281' title='bbox 528 2532 563 2590; x_wconf 93' lang='lat' dir='ltr'>et</span> <span class='ocrx_word' id='word_1_282' title='bbox 581 2511 735 2586; x_wconf 88' lang='lat' dir='ltr'>harmos.</span> <span class='ocrx_word' id='word_1_283' title='bbox 788 2509 859 2582; x_wconf 89' lang='lat' dir='ltr'>Hic</span> <span class='ocrx_word' id='word_1_284' title='bbox 874 2509 1035 2580; x_wconf 81' lang='lat' dir='ltr'>ridemus</span> <span class='ocrx_word' id='word_1_285' title='bbox 1050 2501 1209 2578; x_wconf 89' lang='lat' dir='ltr'>habitam</span> <span class='ocrx_word' id='word_1_286' title='bbox 1261 2523 1312 2580; x_wconf 91' lang='lat' dir='ltr'>tes</span> <span class='ocrx_word' id='word_1_287' title='bbox 1328 2507 1568 2578; x_wconf 86' lang='lat' dir='ltr'>inflammatae</span> <span class='ocrx_word' id='word_1_288' title='bbox 1584 2524 1709 2583; x_wconf 87' lang='lat' dir='ltr'>essent.</span> <span class='ocrx_word' id='word_1_289' title='bbox 1763 2508 2246 2605; x_wconf 77' lang='lat' dir='ltr'>Gaudebantigiturserpro-</span> <span class='ocrx_word' id='word_1_290' title='bbox 2296 2579 2297 2598; x_wconf 55' lang='lat'>,</span> 
     </span>
    </p>
   </div>
   <div class='ocr_carea' id='block_1_6' title="bbox 213 2607 2249 3527">
    <p class='ocr_par' dir='ltr' id='par_1_8' title="bbox 213 2607 2249 3527">
     <span class='ocr_line' id='line_1_23' title="bbox 213 2607 2246 2716; baseline -0.012 -10"><span class='ocrx_word' id='word_1_291' title='bbox 213 2659 287 2710; x_wconf 87' lang='lat' dir='ltr'>essa</span> <span class='ocrx_word' id='word_1_292' title='bbox 309 2623 475 2702; x_wconf 81' lang='lat' dir='ltr'>utilitatis</span> <span class='ocrx_word' id='word_1_293' title='bbox 499 2619 689 2692; x_wconf 88' lang='lat' dir='ltr'>rationem:</span> <span class='ocrx_word' id='word_1_294' title='bbox 716 2637 800 2716; x_wconf 72' lang='lat' dir='ltr'>nam</span> <span class='ocrx_word' id='word_1_295' title='bbox 823 2607 889 2682; x_wconf 86' lang='lat' dir='ltr'>hae</span> <span class='ocrx_word' id='word_1_296' title='bbox 904 2625 1115 2704; x_wconf 89' lang='lat' dir='ltr'>partescum</span> <span class='ocrx_word' id='word_1_297' title='bbox 1133 2633 1210 2680; x_wconf 90' lang='lat' dir='ltr'>ma·</span> <span class='ocrx_word' id='word_1_298' title='bbox 1261 2635 1331 2706; x_wconf 83' lang='lat' dir='ltr'>que</span> <span class='ocrx_word' id='word_1_299' title='bbox 1356 2633 1431 2680; x_wconf 91' lang='lat' dir='ltr'>nou</span> <span class='ocrx_word' id='word_1_300' title='bbox 1453 2623 1585 2680; x_wconf 84' lang='lat' dir='ltr'>temere</span> <span class='ocrx_word' id='word_1_301' title='bbox 1607 2612 1779 2682; x_wconf 88' lang='lat' dir='ltr'>dimicare</span> <span class='ocrx_word' id='word_1_302' title='bbox 1799 2612 1838 2681; x_wconf 94' lang='lat' dir='ltr'>in</span> <span class='ocrx_word' id='word_1_303' title='bbox 1860 2613 1955 2698; x_wconf 87' lang='lat' dir='ltr'>acle,</span> <span class='ocrx_word' id='word_1_304' title='bbox 1987 2614 2120 2704; x_wconf 83' lang='lat' dir='ltr'>affligi,</span> <span class='ocrx_word' id='word_1_305' title='bbox 2154 2615 2246 2684; x_wconf 88' lang='lat' dir='ltr'>susti·</span> 
     </span>
     <span class='ocr_line' id='line_1_24' title="bbox 214 2705 2247 2812; baseline -0.012 -2"><span class='ocrx_word' id='word_1_306' title='bbox 214 2740 307 2812; x_wconf 80' lang='lat' dir='ltr'>rime</span> <span class='ocrx_word' id='word_1_307' title='bbox 331 2749 498 2802; x_wconf 87' lang='lat' dir='ltr'>carnosae</span> <span class='ocrx_word' id='word_1_308' title='bbox 520 2720 611 2801; x_wconf 88' lang='lat' dir='ltr'>sint,</span> <span class='ocrx_word' id='word_1_309' title='bbox 643 2729 765 2810; x_wconf 89' lang='lat' dir='ltr'>pectus</span> <span class='ocrx_word' id='word_1_310' title='bbox 785 2727 820 2786; x_wconf 91' lang='lat' dir='ltr'>et</span> <span class='ocrx_word' id='word_1_311' title='bbox 839 2705 977 2806; x_wconf 85' lang='lat' dir='ltr'>harmi,</span> <span class='ocrx_word' id='word_1_312' title='bbox 1004 2715 1107 2783; x_wconf 88' lang='lat' dir='ltr'>datae</span> <span class='ocrx_word' id='word_1_313' title='bbox 1129 2725 1212 2784; x_wconf 91' lang='lat' dir='ltr'>sunt</span> <span class='ocrx_word' id='word_1_314' title='bbox 1262 2737 1347 2784; x_wconf 90' lang='lat' dir='ltr'>nere</span> <span class='ocrx_word' id='word_1_315' title='bbox 1369 2711 1530 2803; x_wconf 74' lang='lat' dir='ltr'>ingentes</span> <span class='ocrx_word' id='word_1_316' title='bbox 1552 2737 1756 2786; x_wconf 83' lang='lat' dir='ltr'>aerumnas:</span> <span class='ocrx_word' id='word_1_317' title='bbox 1784 2717 1844 2784; x_wconf 90' lang='lat' dir='ltr'>sed</span> <span class='ocrx_word' id='word_1_318' title='bbox 1868 2709 1956 2786; x_wconf 90' lang='lat' dir='ltr'>haec</span> <span class='ocrx_word' id='word_1_319' title='bbox 1970 2717 2165 2788; x_wconf 87' lang='lat' dir='ltr'>certamina</span> <span class='ocrx_word' id='word_1_320' title='bbox 2180 2737 2247 2786; x_wconf 86' lang='lat' dir='ltr'>sus-</span> 
     </span>
     <span class='ocr_line' id='line_1_25' title="bbox 214 2811 2246 2912; baseline -0.01 -2"><span class='ocrx_word' id='word_1_321' title='bbox 214 2835 406 2912; x_wconf 88' lang='lat' dir='ltr'>vescendae</span> <span class='ocrx_word' id='word_1_322' title='bbox 433 2823 684 2900; x_wconf 88' lang='lat' dir='ltr'>sacerdotibus.</span> <span class='ocrx_word' id='word_1_323' title='bbox 753 2813 880 2890; x_wconf 88' lang='lat' dir='ltr'>Voluit</span> <span class='ocrx_word' id='word_1_324' title='bbox 908 2817 1005 2888; x_wconf 86' lang='lat' dir='ltr'>enim</span> <span class='ocrx_word' id='word_1_325' title='bbox 1037 2811 1135 2886; x_wconf 87' lang='lat' dir='ltr'>Deus</span> <span class='ocrx_word' id='word_1_326' title='bbox 1163 2813 1211 2884; x_wconf 89' lang='lat' dir='ltr'>ali</span> <span class='ocrx_word' id='word_1_327' title='bbox 1262 2815 1335 2910; x_wconf 89' lang='lat' dir='ltr'>cipi</span> <span class='ocrx_word' id='word_1_328' title='bbox 1365 2813 1513 2886; x_wconf 85' lang='lat' dir='ltr'>iubente</span> <span class='ocrx_word' id='word_1_329' title='bbox 1529 2811 1627 2903; x_wconf 85' lang='lat' dir='ltr'>Deo,</span> <span class='ocrx_word' id='word_1_330' title='bbox 1658 2829 1693 2888; x_wconf 88' lang='lat' dir='ltr'>ct</span> <span class='ocrx_word' id='word_1_331' title='bbox 1720 2815 1790 2887; x_wconf 87' lang='lat' dir='ltr'>late</span> <span class='ocrx_word' id='word_1_332' title='bbox 1813 2817 1932 2910; x_wconf 77' lang='lat' dir='ltr'>spargi</span> <span class='ocrx_word' id='word_1_333' title='bbox 1953 2819 1991 2892; x_wconf 91' lang='lat' dir='ltr'>in</span> <span class='ocrx_word' id='word_1_334' title='bbox 2016 2820 2068 2890; x_wconf 87' lang='lat' dir='ltr'>eis</span> <span class='ocrx_word' id='word_1_335' title='bbox 2090 2821 2246 2890; x_wconf 86' lang='lat' dir='ltr'>noticiam</span> 
     </span>
     <span class='ocr_line' id='line_1_26' title="bbox 214 2915 2248 3024; baseline -0.011 -10"><span class='ocrx_word' id='word_1_336' title='bbox 214 2923 412 3014; x_wconf 87' lang='lat' dir='ltr'>sacerdotes</span> <span class='ocrx_word' id='word_1_337' title='bbox 434 2928 611 3024; x_wconf 90' lang='lat' dir='ltr'>pecudum</span> <span class='ocrx_word' id='word_1_338' title='bbox 636 2920 829 2994; x_wconf 88' lang='lat' dir='ltr'>oblatione.</span> <span class='ocrx_word' id='word_1_339' title='bbox 897 2916 1020 3014; x_wconf 83' lang='lat' dir='ltr'>Adeps</span> <span class='ocrx_word' id='word_1_340' title='bbox 1045 2931 1080 2990; x_wconf 90' lang='lat' dir='ltr'>et</span> <span class='ocrx_word' id='word_1_341' title='bbox 1101 2917 1211 2990; x_wconf 90' lang='lat' dir='ltr'>cauda</span> <span class='ocrx_word' id='word_1_342' title='bbox 1262 2919 1348 3004; x_wconf 91' lang='lat' dir='ltr'>Dei,</span> <span class='ocrx_word' id='word_1_343' title='bbox 1373 2929 1414 2990; x_wconf 88' lang='lat' dir='ltr'>ut</span> <span class='ocrx_word' id='word_1_344' title='bbox 1435 2917 1474 2986; x_wconf 93' lang='lat' dir='ltr'>in</span> <span class='ocrx_word' id='word_1_345' title='bbox 1500 2915 1640 2990; x_wconf 87' lang='lat' dir='ltr'>Psalmo</span> <span class='ocrx_word' id='word_1_346' title='bbox 1662 2919 1811 2990; x_wconf 91' lang='lat' dir='ltr'>dicitur:</span> <span class='ocrx_word' id='word_1_347' title='bbox 1837 2917 1990 3012; x_wconf 83' lang='lat' dir='ltr'>Propter</span> <span class='ocrx_word' id='word_1_348' title='bbox 2011 2936 2045 2994; x_wconf 93' lang='lat' dir='ltr'>te</span> <span class='ocrx_word' id='word_1_349' title='bbox 2068 2923 2248 2994; x_wconf 85' lang='lat' dir='ltr'>mortifica-</span> 
     </span>
     <span class='ocr_line' id='line_1_27' title="bbox 215 3015 1521 3140; baseline -0.013 -29"><span class='ocrx_word' id='word_1_350' title='bbox 215 3067 343 3140; x_wconf 86' lang='lat' dir='ltr'>parum</span> <span class='ocrx_word' id='word_1_351' title='bbox 364 3031 499 3108; x_wconf 84' lang='lat' dir='ltr'>habent</span> <span class='ocrx_word' id='word_1_352' title='bbox 520 3025 700 3112; x_wconf 88' lang='lat' dir='ltr'>carnium,</span> <span class='ocrx_word' id='word_1_353' title='bbox 725 3047 788 3094; x_wconf 88' lang='lat' dir='ltr'>seu</span> <span class='ocrx_word' id='word_1_354' title='bbox 804 3021 894 3108; x_wconf 92' lang='lat' dir='ltr'>cibi,</span> <span class='ocrx_word' id='word_1_355' title='bbox 921 3021 1003 3092; x_wconf 92' lang='lat' dir='ltr'>idao</span> <span class='ocrx_word' id='word_1_356' title='bbox 1020 3015 1084 3092; x_wconf 89' lang='lat' dir='ltr'>has</span> <span class='ocrx_word' id='word_1_357' title='bbox 1101 3019 1214 3114; x_wconf 83' lang='lat' dir='ltr'>potis-</span> <span class='ocrx_word' id='word_1_358' title='bbox 1263 3045 1346 3092; x_wconf 88' lang='lat' dir='ltr'>mur</span> <span class='ocrx_word' id='word_1_359' title='bbox 1360 3033 1434 3092; x_wconf 89' lang='lat' dir='ltr'>tota</span> <span class='ocrx_word' id='word_1_360' title='bbox 1451 3019 1521 3094; x_wconf 89' lang='lat' dir='ltr'>die.</span> 
     </span>
     <span class='ocr_line' id='line_1_28' title="bbox 217 3118 2248 3238; baseline -0.011 -20"><span class='ocrx_word' id='word_1_361' title='bbox 217 3147 347 3218; x_wconf 86' lang='lat' dir='ltr'>simum</span> <span class='ocrx_word' id='word_1_362' title='bbox 364 3149 482 3238; x_wconf 89' lang='lat' dir='ltr'>partes</span> <span class='ocrx_word' id='word_1_363' title='bbox 497 3128 633 3203; x_wconf 85' lang='lat' dir='ltr'>absumi</span> <span class='ocrx_word' id='word_1_364' title='bbox 650 3127 731 3218; x_wconf 87' lang='lat' dir='ltr'>igne</span> <span class='ocrx_word' id='word_1_365' title='bbox 749 3124 861 3196; x_wconf 84' lang='lat' dir='ltr'>iussit.</span> <span class='ocrx_word' id='word_1_366' title='bbox 1369 3119 1543 3192; x_wconf 85' lang='lat' dir='ltr'>Videmus</span> <span class='ocrx_word' id='word_1_367' title='bbox 1566 3121 1677 3214; x_wconf 90' lang='lat' dir='ltr'>igitur</span> <span class='ocrx_word' id='word_1_368' title='bbox 1701 3121 1739 3192; x_wconf 93' lang='lat' dir='ltr'>in</span> <span class='ocrx_word' id='word_1_369' title='bbox 1762 3118 1820 3193; x_wconf 81' lang='lat' dir='ltr'>lais</span> <span class='ocrx_word' id='word_1_370' title='bbox 1841 3126 2048 3216; x_wconf 84' lang='lat' dir='ltr'>spectaculis</span> <span class='ocrx_word' id='word_1_371' title='bbox 2071 3127 2248 3197; x_wconf 85' lang='lat' dir='ltr'>sacrificio·</span> 
     </span>
     <span class='ocr_line' id='line_1_29' title="bbox 313 3223 2249 3322; baseline -0.009 -6"><span class='ocrx_word' id='word_1_372' title='bbox 313 3223 1215 3322; x_wconf 86' lang='lat' dir='ltr'>NecnihildesignilicationibuscogitabantAaron,</span> <span class='ocrx_word' id='word_1_373' title='bbox 1265 3249 1346 3297; x_wconf 91' lang='lat' dir='ltr'>rum</span> <span class='ocrx_word' id='word_1_374' title='bbox 1379 3225 1579 3318; x_wconf 89' lang='lat' dir='ltr'>propositas</span> <span class='ocrx_word' id='word_1_375' title='bbox 1609 3249 1682 3296; x_wconf 89' lang='lat' dir='ltr'>esse</span> <span class='ocrx_word' id='word_1_376' title='bbox 1712 3226 1902 3316; x_wconf 81' lang='lat' dir='ltr'>imagines,</span> <span class='ocrx_word' id='word_1_377' title='bbox 1936 3229 2249 3322; x_wconf 61' lang='lat' dir='ltr'>quae‘signilicant,</span> 
     </span>
     <span class='ocr_line' id='line_1_30' title="bbox 218 3327 2248 3429; baseline -0.012 -6"><span class='ocrx_word' id='word_1_378' title='bbox 218 3344 391 3429; x_wconf 83' lang='lat' dir='ltr'>Phineas,</span> <span class='ocrx_word' id='word_1_379' title='bbox 428 3331 637 3414; x_wconf 84' lang='lat' dir='ltr'>Zacharias,</span> <span class='ocrx_word' id='word_1_380' title='bbox 671 3345 707 3403; x_wconf 91' lang='lat' dir='ltr'>et</span> <span class='ocrx_word' id='word_1_381' title='bbox 737 3329 870 3400; x_wconf 87' lang='lat' dir='ltr'>similes</span> <span class='ocrx_word' id='word_1_382' title='bbox 899 3330 1096 3400; x_wconf 87' lang='lat' dir='ltr'>sacerdotes</span> <span class='ocrx_word' id='word_1_383' title='bbox 1122 3327 1216 3396; x_wconf 91' lang='lat' dir='ltr'>inter</span> <span class='ocrx_word' id='word_1_384' title='bbox 1266 3327 1388 3423; x_wconf 87' lang='lat' dir='ltr'>quales</span> <span class='ocrx_word' id='word_1_385' title='bbox 1409 3349 1483 3396; x_wconf 87' lang='lat' dir='ltr'>esse</span> <span class='ocrx_word' id='word_1_386' title='bbox 1506 3327 1687 3398; x_wconf 86' lang='lat' dir='ltr'>ministms</span> <span class='ocrx_word' id='word_1_387' title='bbox 1710 3329 1893 3399; x_wconf 89' lang='lat' dir='ltr'>doctrinae</span> <span class='ocrx_word' id='word_1_388' title='bbox 1915 3332 2097 3416; x_wconf 89' lang='lat' dir='ltr'>coelestis,</span> <span class='ocrx_word' id='word_1_389' title='bbox 2123 3347 2157 3404; x_wconf 91' lang='lat' dir='ltr'>et</span> <span class='ocrx_word' id='word_1_390' title='bbox 2170 3353 2248 3424; x_wconf 87' lang='lat' dir='ltr'>quse</span> 
     </span>
     <span class='ocr_line' id='line_1_31' title="bbox 219 3425 2249 3527; baseline -0.011 -3"><span class='ocrx_word' id='word_1_391' title='bbox 219 3445 500 3524; x_wconf 83' lang='lat' dir='ltr'>sacrificandum.</span> <span class='ocrx_word' id='word_1_392' title='bbox 569 3435 750 3506; x_wconf 89' lang='lat' dir='ltr'>Videbant</span> <span class='ocrx_word' id='word_1_393' title='bbox 779 3445 900 3524; x_wconf 87' lang='lat' dir='ltr'>pectus</span> <span class='ocrx_word' id='word_1_394' title='bbox 921 3445 955 3502; x_wconf 91' lang='lat' dir='ltr'>et</span> <span class='ocrx_word' id='word_1_395' title='bbox 978 3425 1122 3500; x_wconf 90' lang='lat' dir='ltr'>harmos</span> <span class='ocrx_word' id='word_1_396' title='bbox 1147 3429 1214 3499; x_wconf 89' lang='lat' dir='ltr'>sibi</span> <span class='ocrx_word' id='word_1_397' title='bbox 1266 3428 1462 3514; x_wconf 85' lang='lat' dir='ltr'>sustinere,</span> <span class='ocrx_word' id='word_1_398' title='bbox 1488 3442 1522 3499; x_wconf 89' lang='lat' dir='ltr'>et</span> <span class='ocrx_word' id='word_1_399' title='bbox 1542 3453 1613 3524; x_wconf 83' lang='lat' dir='ltr'>qtto</span> <span class='ocrx_word' id='word_1_400' title='bbox 1632 3431 1782 3500; x_wconf 86' lang='lat' dir='ltr'>consilio</span> <span class='ocrx_word' id='word_1_401' title='bbox 1797 3445 1976 3523; x_wconf 87' lang='lat' dir='ltr'>oporteat:</span> <span class='ocrx_word' id='word_1_402' title='bbox 2003 3434 2076 3504; x_wconf 88' lang='lat' dir='ltr'>sint</span> <span class='ocrx_word' id='word_1_403' title='bbox 2094 3447 2249 3527; x_wconf 89' lang='lat' dir='ltr'>pectuset</span> 
     </span>
    </p>
   </div>
   <div class='ocr_carea' id='block_1_7' title="bbox 219 3531 2298 3633">
    <p class='ocr_par' dir='ltr' id='par_1_9' title="bbox 219 3531 2298 3633">
     <span class='ocr_line' id='line_1_32' title="bbox 219 3531 2298 3633; baseline -0.015 -4"><span class='ocrx_word' id='word_1_404' title='bbox 219 3547 388 3633; x_wconf 89' lang='lat' dir='ltr'>attribui,</span> <span class='ocrx_word' id='word_1_405' title='bbox 412 3558 453 3616; x_wconf 88' lang='lat' dir='ltr'>ut</span> <span class='ocrx_word' id='word_1_406' title='bbox 474 3549 708 3612; x_wconf 88' lang='lat' dir='ltr'>monerentur</span> <span class='ocrx_word' id='word_1_407' title='bbox 728 3535 926 3606; x_wconf 87' lang='lat' dir='ltr'>sacerdotes</span> <span class='ocrx_word' id='word_1_408' title='bbox 947 3547 981 3604; x_wconf 90' lang='lat' dir='ltr'>et</span> <span class='ocrx_word' id='word_1_409' title='bbox 1004 3545 1125 3626; x_wconf 86' lang='lat' dir='ltr'>pectus</span> <span class='ocrx_word' id='word_1_410' title='bbox 1143 3553 1217 3602; x_wconf 87' lang='lat' dir='ltr'>essa</span> <span class='ocrx_word' id='word_1_411' title='bbox 1267 3531 1377 3616; x_wconf 80' lang='lat' dir='ltr'>baiuli</span> <span class='ocrx_word' id='word_1_412' title='bbox 1405 3531 1545 3624; x_wconf 91' lang='lat' dir='ltr'>populi,</span> <span class='ocrx_word' id='word_1_413' title='bbox 1571 3533 1770 3606; x_wconf 85' lang='lat' dir='ltr'>sustineant</span> <span class='ocrx_word' id='word_1_414' title='bbox 1790 3555 1922 3624; x_wconf 91' lang='lat' dir='ltr'>agones</span> <span class='ocrx_word' id='word_1_415' title='bbox 1941 3548 1975 3606; x_wconf 86' lang='lat' dir='ltr'>et</span> <span class='ocrx_word' id='word_1_416' title='bbox 1997 3537 2180 3609; x_wconf 81' lang='lat' dir='ltr'>vetustatis</span> <span class='ocrx_word' id='word_1_417' title='bbox 2193 3561 2249 3605; x_wconf 84' lang='lat' dir='ltr'>nn·</span> <span class='ocrx_word' id='word_1_418' title='bbox 2297 3599 2298 3604; x_wconf 64' lang='grc'>,</span> 
     </span>
    </p>
   </div>
   <div class='ocr_carea' id='block_1_8' title="bbox 219 3633 2249 5172">
    <p class='ocr_par' dir='ltr' id='par_1_10' title="bbox 219 3633 2249 4344">
     <span class='ocr_line' id='line_1_33' title="bbox 219 3633 2248 3752; baseline -0.026 -23"><span class='ocrx_word' id='word_1_419' title='bbox 219 3653 346 3752; x_wconf 88' lang='lat' dir='ltr'>populi</span> <span class='ocrx_word' id='word_1_420' title='bbox 368 3663 402 3722; x_wconf 89' lang='lat' dir='ltr'>et</span> <span class='ocrx_word' id='word_1_421' title='bbox 423 3643 574 3717; x_wconf 89' lang='lat' dir='ltr'>baiulus.</span> <span class='ocrx_word' id='word_1_422' title='bbox 627 3637 721 3709; x_wconf 88' lang='lat' dir='ltr'>Boni</span> <span class='ocrx_word' id='word_1_423' title='bbox 744 3639 907 3708; x_wconf 90' lang='lat' dir='ltr'>doctores</span> <span class='ocrx_word' id='word_1_424' title='bbox 923 3635 1074 3704; x_wconf 87' lang='lat' dir='ltr'>consilio</span> <span class='ocrx_word' id='word_1_425' title='bbox 1091 3645 1217 3724; x_wconf 88' lang='lat' dir='ltr'>regunt</span> <span class='ocrx_word' id='word_1_426' title='bbox 1267 3651 1359 3707; x_wconf 87' lang='lat' dir='ltr'>strae</span> <span class='ocrx_word' id='word_1_427' title='bbox 1382 3633 1586 3720; x_wconf 90' lang='lat' dir='ltr'>interitum,</span> <span class='ocrx_word' id='word_1_428' title='bbox 1611 3651 1646 3707; x_wconf 82' lang='grc' dir='ltr'>ιι</span> <span class='ocrx_word' id='word_1_429' title='bbox 1668 3636 1823 3706; x_wconf 64' lang='lat' dir='ltr'>referant</span> <span class='ocrx_word' id='word_1_430' title='bbox 1838 3657 1919 3709; x_wconf 59' lang='lat' dir='ltr'>mag</span> <span class='ocrx_word' id='word_1_431' title='bbox 1934 3661 2124 3710; x_wconf 58' lang='lat' dir='ltr'>aerumna,</span> <span class='ocrx_word' id='word_1_432' title='bbox 2141 3642 2183 3710; x_wconf 68' lang='lat' dir='ltr'>,d</span> <span class='ocrx_word' id='word_1_433' title='bbox 2197 3661 2248 3708; x_wconf 52' lang='lat' dir='ltr'>m,</span> 
     </span>
     <span class='ocr_line' id='line_1_34' title="bbox 222 3733 2248 3852; baseline -0.017 -24"><span class='ocrx_word' id='word_1_434' title='bbox 222 3756 414 3852; x_wconf 90' lang='lat' dir='ltr'>populum,</span> <span class='ocrx_word' id='word_1_435' title='bbox 439 3762 476 3819; x_wconf 88' lang='lat' dir='ltr'>ct</span> <span class='ocrx_word' id='word_1_436' title='bbox 491 3743 716 3838; x_wconf 87' lang='lat' dir='ltr'>praecipuam</span> <span class='ocrx_word' id='word_1_437' title='bbox 735 3737 863 3808; x_wconf 87' lang='lat' dir='ltr'>molem</span> <span class='ocrx_word' id='word_1_438' title='bbox 881 3761 1046 3808; x_wconf 89' lang='lat' dir='ltr'>curarum</span> <span class='ocrx_word' id='word_1_439' title='bbox 1064 3735 1217 3807; x_wconf 89' lang='lat' dir='ltr'>etdulo-</span> <span class='ocrx_word' id='word_1_440' title='bbox 1269 3737 1481 3808; x_wconf 89' lang='lat' dir='ltr'>lebrandurn</span> <span class='ocrx_word' id='word_1_441' title='bbox 1511 3733 1639 3810; x_wconf 89' lang='lat' dir='ltr'>Deum.</span> <span class='ocrx_word' id='word_1_442' title='bbox 1704 3735 1778 3807; x_wconf 88' lang='lat' dir='ltr'>Has</span> <span class='ocrx_word' id='word_1_443' title='bbox 1810 3739 1983 3830; x_wconf 77' lang='lat' dir='ltr'>imagines</span> <span class='ocrx_word' id='word_1_444' title='bbox 2011 3743 2140 3813; x_wconf 67' lang='lat' dir='ltr'>rudior</span> <span class='ocrx_word' id='word_1_445' title='bbox 2167 3753 2248 3812; x_wconf 48' lang='grc' dir='ltr'>ὅρη,</span> 
     </span>
     <span class='ocr_line' id='line_1_35' title="bbox 222 3833 2249 3948; baseline -0.019 -16"><span class='ocrx_word' id='word_1_446' title='bbox 222 3884 304 3932; x_wconf 84' lang='grc' dir='ltr'><strong>ιιιιιι</strong></span> <span class='ocrx_word' id='word_1_447' title='bbox 318 3858 356 3925; x_wconf 92' lang='lat' dir='ltr'>in</span> <span class='ocrx_word' id='word_1_448' title='bbox 369 3865 442 3924; x_wconf 91' lang='lat' dir='ltr'>tota</span> <span class='ocrx_word' id='word_1_449' title='bbox 459 3843 717 3948; x_wconf 81' lang='lat' dir='ltr'>gubernatione</span> <span class='ocrx_word' id='word_1_450' title='bbox 732 3841 920 3912; x_wconf 88' lang='lat' dir='ltr'>sustinent.</span> <span class='ocrx_word' id='word_1_451' title='bbox 973 3835 1022 3910; x_wconf 84' lang='lat' dir='ltr'>Et</span> <span class='ocrx_word' id='word_1_452' title='bbox 1035 3858 1116 3908; x_wconf 90' lang='lat' dir='ltr'>cnm</span> <span class='ocrx_word' id='word_1_453' title='bbox 1133 3833 1219 3908; x_wconf 82' lang='lat' dir='ltr'>ltaec</span> <span class='ocrx_word' id='word_1_454' title='bbox 1269 3839 1478 3922; x_wconf 87' lang='lat' dir='ltr'>consideret,</span> <span class='ocrx_word' id='word_1_455' title='bbox 1504 3851 1539 3910; x_wconf 89' lang='lat' dir='ltr'>et</span> <span class='ocrx_word' id='word_1_456' title='bbox 1554 3841 1723 3929; x_wconf 89' lang='lat' dir='ltr'>adiungat</span> <span class='ocrx_word' id='word_1_457' title='bbox 1739 3841 1908 3932; x_wconf 86' lang='lat' dir='ltr'>exempla,</span> <span class='ocrx_word' id='word_1_458' title='bbox 1934 3867 2089 3937; x_wconf 71' lang='lat' dir='ltr'>quorum</span> <span class='ocrx_word' id='word_1_459' title='bbox 2101 3845 2249 3915; x_wconf 69' lang='lat' dir='ltr'><strong>omnium</strong></span> 
     </span>
     <span class='ocr_line' id='line_1_36' title="bbox 222 3938 2248 4048; baseline -0.014 -14"><span class='ocrx_word' id='word_1_460' title='bbox 222 3961 381 4033; x_wconf 83' lang='lat' dir='ltr'>membra</span> <span class='ocrx_word' id='word_1_461' title='bbox 400 3954 498 4048; x_wconf 90' lang='lat' dir='ltr'>prius</span> <span class='ocrx_word' id='word_1_462' title='bbox 516 3949 759 4019; x_wconf 87' lang='lat' dir='ltr'>offerebantur</span> <span class='ocrx_word' id='word_1_463' title='bbox 773 3941 850 4014; x_wconf 89' lang='lat' dir='ltr'>Deo</span> <span class='ocrx_word' id='word_1_464' title='bbox 867 3941 1000 4026; x_wconf 89' lang='lat' dir='ltr'>levata,</span> <span class='ocrx_word' id='word_1_465' title='bbox 1026 3953 1060 4011; x_wconf 89' lang='lat' dir='ltr'>et</span> <span class='ocrx_word' id='word_1_466' title='bbox 1078 3939 1116 4009; x_wconf 92' lang='lat' dir='ltr'>in</span> <span class='ocrx_word' id='word_1_467' title='bbox 1133 3942 1218 4010; x_wconf 82' lang='lat' dir='ltr'>dex·</span> <span class='ocrx_word' id='word_1_468' title='bbox 1270 3939 1422 4012; x_wconf 85' lang='lat' dir='ltr'>maxime</span> <span class='ocrx_word' id='word_1_469' title='bbox 1436 3938 1576 4012; x_wconf 87' lang='lat' dir='ltr'>illustre</span> <span class='ocrx_word' id='word_1_470' title='bbox 1591 3955 1642 4011; x_wconf 88' lang='lat' dir='ltr'>est</span> <span class='ocrx_word' id='word_1_471' title='bbox 1657 3941 1733 4037; x_wconf 88' lang='lat' dir='ltr'>ipsa</span> <span class='ocrx_word' id='word_1_472' title='bbox 1748 3941 1844 4013; x_wconf 88' lang='lat' dir='ltr'>lilius</span> <span class='ocrx_word' id='word_1_473' title='bbox 1859 3941 1939 4016; x_wconf 90' lang='lat' dir='ltr'>Dei.</span> <span class='ocrx_word' id='word_1_474' title='bbox 1977 3941 2120 4017; x_wconf 76' lang='lat' dir='ltr'>Deinde</span> <span class='ocrx_word' id='word_1_475' title='bbox 2137 3944 2248 4016; x_wconf 75' lang='lat' dir='ltr'>caeteri</span> 
     </span>
     <span class='ocr_line' id='line_1_37' title="bbox 224 4042 2248 4138; baseline -0.032 0"><span class='ocrx_word' id='word_1_476' title='bbox 224 4081 319 4138; x_wconf 93' lang='lat' dir='ltr'>trum</span> <span class='ocrx_word' id='word_1_477' title='bbox 349 4071 384 4130; x_wconf 92' lang='lat' dir='ltr'>et</span> <span class='ocrx_word' id='word_1_478' title='bbox 405 4055 588 4128; x_wconf 89' lang='lat' dir='ltr'>sinistrum</span> <span class='ocrx_word' id='word_1_479' title='bbox 612 4050 704 4119; x_wconf 88' lang='lat' dir='ltr'>latus</span> <span class='ocrx_word' id='word_1_480' title='bbox 724 4057 840 4130; x_wconf 89' lang='lat' dir='ltr'>mota,</span> <span class='ocrx_word' id='word_1_481' title='bbox 874 4043 985 4114; x_wconf 88' lang='lat' dir='ltr'>multa</span> <span class='ocrx_word' id='word_1_482' title='bbox 1011 4065 1128 4114; x_wconf 86' lang='lat' dir='ltr'>secum</span> <span class='ocrx_word' id='word_1_483' title='bbox 1151 4042 1219 4136; x_wconf 87' lang='lat' dir='ltr'>ipsi</span> <span class='ocrx_word' id='word_1_484' title='bbox 1270 4045 1486 4127; x_wconf 70' lang='lat' dir='ltr'>sacerdotes,</span> <span class='ocrx_word' id='word_1_485' title='bbox 1512 4043 1573 4136; x_wconf 71' lang='lat' dir='ltr'>qui</span> <span class='ocrx_word' id='word_1_486' title='bbox 1591 4044 1768 4137; x_wconf 60' lang='lat' dir='ltr'>praedm</span> <span class='ocrx_word' id='word_1_487' title='bbox 1787 4045 1903 4116; x_wconf 50' lang='lat' dir='ltr'>functi</span> <span class='ocrx_word' id='word_1_488' title='bbox 1917 4061 2001 4119; x_wconf 65' lang='lat' dir='ltr'>,um</span> <span class='ocrx_word' id='word_1_489' title='bbox 2016 4071 2082 4120; x_wconf 63' lang='lat' dir='ltr'>suo</span> <span class='ocrx_word' id='word_1_490' title='bbox 2100 4071 2248 4120; x_wconf 52' lang='lat' dir='ltr'>munere:</span> 
     </span>
     <span class='ocr_line' id='line_1_38' title="bbox 225 4139 2247 4258; baseline -0.014 -18"><span class='ocrx_word' id='word_1_491' title='bbox 225 4163 437 4258; x_wconf 86' lang='lat' dir='ltr'>cogitabant.</span> <span class='ocrx_word' id='word_1_492' title='bbox 488 4153 651 4226; x_wconf 92' lang='lat' dir='ltr'>Primum</span> <span class='ocrx_word' id='word_1_493' title='bbox 673 4147 911 4241; x_wconf 85' lang='lat' dir='ltr'>agnoscebant</span> <span class='ocrx_word' id='word_1_494' title='bbox 931 4147 976 4216; x_wconf 91' lang='lat' dir='ltr'>ab</span> <span class='ocrx_word' id='word_1_495' title='bbox 996 4139 1066 4216; x_wconf 83' lang='lat' dir='ltr'>lroc</span> <span class='ocrx_word' id='word_1_496' title='bbox 1090 4169 1165 4217; x_wconf 89' lang='lat' dir='ltr'>uno</span> <span class='ocrx_word' id='word_1_497' title='bbox 1188 4157 1222 4214; x_wconf 88' lang='lat' dir='ltr'>et</span> <span class='ocrx_word' id='word_1_498' title='bbox 1272 4145 1437 4216; x_wconf 90' lang='lat' dir='ltr'>videlicet</span> <span class='ocrx_word' id='word_1_499' title='bbox 1455 4143 1598 4228; x_wconf 89' lang='lat' dir='ltr'>Patres,</span> <span class='ocrx_word' id='word_1_500' title='bbox 1621 4141 1842 4240; x_wconf 86' lang='lat' dir='ltr'>Prophetae,</span> <span class='ocrx_word' id='word_1_501' title='bbox 1868 4145 2052 4242; x_wconf 87' lang='lat' dir='ltr'>Apostoli,</span> <span class='ocrx_word' id='word_1_502' title='bbox 2075 4165 2110 4224; x_wconf 80' lang='grc' dir='ltr'><strong>ει</strong></span> <span class='ocrx_word' id='word_1_503' title='bbox 2134 4146 2247 4222; x_wconf 76' lang='lat' dir='ltr'>horum</span> 
     </span>
     <span class='ocr_line' id='line_1_39' title="bbox 224 4242 1891 4344; baseline -0.017 -2"><span class='ocrx_word' id='word_1_504' title='bbox 224 4285 368 4342; x_wconf 86' lang='lat' dir='ltr'>aeterno</span> <span class='ocrx_word' id='word_1_505' title='bbox 387 4260 463 4334; x_wconf 90' lang='lat' dir='ltr'>Deo</span> <span class='ocrx_word' id='word_1_506' title='bbox 482 4257 685 4334; x_wconf 81' lang='lat' dir='ltr'>institutum</span> <span class='ocrx_word' id='word_1_507' title='bbox 704 4274 777 4323; x_wconf 87' lang='lat' dir='ltr'>esse</span> <span class='ocrx_word' id='word_1_508' title='bbox 793 4243 862 4320; x_wconf 88' lang='lat' dir='ltr'>hoc</span> <span class='ocrx_word' id='word_1_509' title='bbox 878 4248 1132 4320; x_wconf 88' lang='lat' dir='ltr'>sacerdotium:</span> <span class='ocrx_word' id='word_1_510' title='bbox 1159 4247 1220 4320; x_wconf 89' lang='lat' dir='ltr'>de·</span> <span class='ocrx_word' id='word_1_511' title='bbox 1272 4247 1434 4320; x_wconf 91' lang='lat' dir='ltr'>omnium</span> <span class='ocrx_word' id='word_1_512' title='bbox 1449 4247 1579 4320; x_wconf 89' lang='lat' dir='ltr'>milites</span> <span class='ocrx_word' id='word_1_513' title='bbox 1597 4261 1631 4320; x_wconf 92' lang='lat' dir='ltr'>et</span> <span class='ocrx_word' id='word_1_514' title='bbox 1644 4242 1891 4344; x_wconf 78' lang='grc' dir='ltr'><strong><em>παραστάται.</em></strong></span> 
     </span>
    </p>

    <p class='ocr_par' dir='ltr' id='par_1_11' title="bbox 224 4346 2249 5172">
     <span class='ocr_line' id='line_1_40' title="bbox 225 4346 2249 4446; baseline -0.012 -1"><span class='ocrx_word' id='word_1_515' title='bbox 225 4374 311 4445; x_wconf 90' lang='lat' dir='ltr'>inde</span> <span class='ocrx_word' id='word_1_516' title='bbox 334 4381 369 4440; x_wconf 91' lang='lat' dir='ltr'>et</span> <span class='ocrx_word' id='word_1_517' title='bbox 392 4361 564 4435; x_wconf 82' lang='lat' dir='ltr'>atrxillnm</span> <span class='ocrx_word' id='word_1_518' title='bbox 581 4359 619 4427; x_wconf 91' lang='lat' dir='ltr'>in</span> <span class='ocrx_word' id='word_1_519' title='bbox 636 4351 702 4426; x_wconf 91' lang='lat' dir='ltr'>hac</span> <span class='ocrx_word' id='word_1_520' title='bbox 719 4353 899 4425; x_wconf 90' lang='lat' dir='ltr'>oblatione</span> <span class='ocrx_word' id='word_1_521' title='bbox 915 4351 1101 4444; x_wconf 89' lang='lat' dir='ltr'>petebant,</span> <span class='ocrx_word' id='word_1_522' title='bbox 1127 4349 1221 4420; x_wconf 87' lang='lat' dir='ltr'>etad</span> <span class='ocrx_word' id='word_1_523' title='bbox 1372 4346 1464 4422; x_wconf 91' lang='lat' dir='ltr'>Cum</span> <span class='ocrx_word' id='word_1_524' title='bbox 1487 4365 1603 4420; x_wconf 87' lang='lat' dir='ltr'>autem</span> <span class='ocrx_word' id='word_1_525' title='bbox 1627 4366 1662 4423; x_wconf 89' lang='lat' dir='ltr'>et</span> <span class='ocrx_word' id='word_1_526' title='bbox 1684 4352 1752 4445; x_wconf 89' lang='lat' dir='ltr'>ipsi</span> <span class='ocrx_word' id='word_1_527' title='bbox 1773 4375 1919 4446; x_wconf 89' lang='lat' dir='ltr'>prorsus</span> <span class='ocrx_word' id='word_1_528' title='bbox 1940 4356 1984 4424; x_wconf 87' lang='lat' dir='ltr'>ad</span> <span class='ocrx_word' id='word_1_529' title='bbox 2007 4359 2154 4428; x_wconf 88' lang='lat' dir='ltr'>eandem</span> <span class='ocrx_word' id='word_1_530' title='bbox 2169 4353 2249 4424; x_wconf 89' lang='lat' dir='ltr'>mili-</span> 
     </span>
     <span class='ocr_line' id='line_1_41' title="bbox 224 4451 2247 4548; baseline -0.014 7"><span class='ocrx_word' id='word_1_531' title='bbox 224 4495 307 4548; x_wconf 78' lang='lat' dir='ltr'>eum</span> <span class='ocrx_word' id='word_1_532' title='bbox 334 4463 586 4542; x_wconf 69' lang='lat' dir='ltr'>celebrandum</span> <span class='ocrx_word' id='word_1_533' title='bbox 616 4457 737 4530; x_wconf 67' lang='lat' dir='ltr'>omnia</span> <span class='ocrx_word' id='word_1_534' title='bbox 768 4454 916 4534; x_wconf 81' lang='lat' dir='ltr'>tonsilia</span> <span class='ocrx_word' id='word_1_535' title='bbox 938 4453 1124 4524; x_wconf 79' lang='lat' dir='ltr'>referenda</span> <span class='ocrx_word' id='word_1_536' title='bbox 1149 4473 1222 4522; x_wconf 87' lang='lat' dir='ltr'>esse</span> <span class='ocrx_word' id='word_1_537' title='bbox 1272 4451 1358 4525; x_wconf 91' lang='lat' dir='ltr'>tiam</span> <span class='ocrx_word' id='word_1_538' title='bbox 1380 4453 1494 4522; x_wconf 88' lang='lat' dir='ltr'>vocati</span> <span class='ocrx_word' id='word_1_539' title='bbox 1510 4453 1639 4540; x_wconf 89' lang='lat' dir='ltr'>simus,</span> <span class='ocrx_word' id='word_1_540' title='bbox 1663 4467 1806 4525; x_wconf 89' lang='lat' dir='ltr'>nostrae</span> <span class='ocrx_word' id='word_1_541' title='bbox 1822 4457 2024 4528; x_wconf 86' lang='lat' dir='ltr'>voluntates</span> <span class='ocrx_word' id='word_1_542' title='bbox 2041 4473 2075 4530; x_wconf 90' lang='lat' dir='ltr'>et</span> <span class='ocrx_word' id='word_1_543' title='bbox 2090 4459 2199 4533; x_wconf 90' lang='lat' dir='ltr'>studia</span> <span class='ocrx_word' id='word_1_544' title='bbox 2211 4457 2247 4527; x_wconf 90' lang='lat' dir='ltr'>ad</span> 
     </span>
     <span class='ocr_line' id='line_1_42' title="bbox 225 4553 2247 4652; baseline -0.022 1"><span class='ocrx_word' id='word_1_545' title='bbox 225 4575 439 4652; x_wconf 86' lang='lat' dir='ltr'>statuebant.</span> <span class='ocrx_word' id='word_1_546' title='bbox 507 4561 555 4638; x_wconf 84' lang='lat' dir='ltr'>Et</span> <span class='ocrx_word' id='word_1_547' title='bbox 576 4562 616 4632; x_wconf 93' lang='lat' dir='ltr'>in</span> <span class='ocrx_word' id='word_1_548' title='bbox 637 4556 704 4632; x_wconf 89' lang='lat' dir='ltr'>hac</span> <span class='ocrx_word' id='word_1_549' title='bbox 726 4581 871 4631; x_wconf 85' lang='lat' dir='ltr'>suorum</span> <span class='ocrx_word' id='word_1_550' title='bbox 896 4556 1060 4626; x_wconf 89' lang='lat' dir='ltr'>laborum</span> <span class='ocrx_word' id='word_1_551' title='bbox 1083 4567 1118 4625; x_wconf 88' lang='lat' dir='ltr'>et</span> <span class='ocrx_word' id='word_1_552' title='bbox 1141 4577 1224 4624; x_wconf 90' lang='lat' dir='ltr'>suae</span> <span class='ocrx_word' id='word_1_553' title='bbox 1274 4555 1352 4626; x_wconf 89' lang='lat' dir='ltr'>illas</span> <span class='ocrx_word' id='word_1_554' title='bbox 1369 4553 1540 4645; x_wconf 88' lang='lat' dir='ltr'>imagines</span> <span class='ocrx_word' id='word_1_555' title='bbox 1557 4569 1772 4648; x_wconf 85' lang='lat' dir='ltr'>congruant,</span> <span class='ocrx_word' id='word_1_556' title='bbox 1796 4557 2247 4633; x_wconf 58' lang='lat' dir='ltr'>etimitemurhaeefflm.</span> 
     </span>
     <span class='ocr_line' id='line_1_43' title="bbox 226 4657 2247 4762; baseline -0.011 -8"><span class='ocrx_word' id='word_1_557' title='bbox 226 4677 375 4754; x_wconf 89' lang='lat' dir='ltr'>militiae</span> <span class='ocrx_word' id='word_1_558' title='bbox 395 4667 628 4762; x_wconf 90' lang='lat' dir='ltr'>cogitatione,</span> <span class='ocrx_word' id='word_1_559' title='bbox 654 4675 772 4731; x_wconf 89' lang='lat' dir='ltr'>mente</span> <span class='ocrx_word' id='word_1_560' title='bbox 795 4657 1027 4752; x_wconf 80' lang='lat' dir='ltr'>intuebantur</span> <span class='ocrx_word' id='word_1_561' title='bbox 1046 4679 1226 4762; x_wconf 79' lang='lat' dir='ltr'>summurn¹</span> <span class='ocrx_word' id='word_1_562' title='bbox 1276 4659 1351 4750; x_wconf 91' lang='lat' dir='ltr'>pla,</span> <span class='ocrx_word' id='word_1_563' title='bbox 1383 4681 1473 4751; x_wconf 84' lang='lat' dir='ltr'>qrtae</span> <span class='ocrx_word' id='word_1_564' title='bbox 1492 4659 1592 4732; x_wconf 86' lang='lat' dir='ltr'>Deus</span> <span class='ocrx_word' id='word_1_565' title='bbox 1613 4660 1719 4730; x_wconf 90' lang='lat' dir='ltr'>nobis</span> <span class='ocrx_word' id='word_1_566' title='bbox 1734 4683 1809 4731; x_wconf 91' lang='lat' dir='ltr'>non</span> <span class='ocrx_word' id='word_1_567' title='bbox 1823 4661 1954 4734; x_wconf 83' lang='lat' dir='ltr'>frustra</span> <span class='ocrx_word' id='word_1_568' title='bbox 1971 4663 2169 4756; x_wconf 88' lang='lat' dir='ltr'>proposuit:</span> <span class='ocrx_word' id='word_1_569' title='bbox 2199 4683 2247 4753; x_wconf 85' lang='lat' dir='ltr'>pt·</span> 
     </span>
     <span class='ocr_line' id='line_1_44' title="bbox 227 4757 2246 4857; baseline -0.015 0"><span class='ocrx_word' id='word_1_570' title='bbox 227 4781 445 4857; x_wconf 88' lang='lat' dir='ltr'>sacerdotem</span> <span class='ocrx_word' id='word_1_571' title='bbox 471 4770 585 4840; x_wconf 86' lang='lat' dir='ltr'>fillum</span> <span class='ocrx_word' id='word_1_572' title='bbox 609 4763 695 4848; x_wconf 86' lang='lat' dir='ltr'>Dei,</span> <span class='ocrx_word' id='word_1_573' title='bbox 728 4785 834 4856; x_wconf 89' lang='lat' dir='ltr'>quem</span> <span class='ocrx_word' id='word_1_574' title='bbox 857 4759 1016 4832; x_wconf 90' lang='lat' dir='ltr'>sciebant</span> <span class='ocrx_word' id='word_1_575' title='bbox 1037 4757 1224 4852; x_wconf 87' lang='lat' dir='ltr'>praecipue</span> <span class='ocrx_word' id='word_1_576' title='bbox 1275 4774 1372 4831; x_wconf 89' lang='lat' dir='ltr'>ctora</span> <span class='ocrx_word' id='word_1_577' title='bbox 1393 4760 1609 4832; x_wconf 88' lang='lat' dir='ltr'>instruamus</span> <span class='ocrx_word' id='word_1_578' title='bbox 1632 4785 1715 4832; x_wconf 90' lang='lat' dir='ltr'>vera</span> <span class='ocrx_word' id='word_1_579' title='bbox 1737 4763 1919 4849; x_wconf 90' lang='lat' dir='ltr'>doctrina,</span> <span class='ocrx_word' id='word_1_580' title='bbox 1945 4778 1985 4836; x_wconf 91' lang='lat' dir='ltr'>ut</span> <span class='ocrx_word' id='word_1_581' title='bbox 1999 4765 2246 4838; x_wconf 79' lang='lat' dir='ltr'>cheivolun·</span> 
     </span>
     <span class='ocr_line' id='line_1_45' title="bbox 227 4857 2247 4982; baseline -0.016 -17"><span class='ocrx_word' id='word_1_582' title='bbox 227 4899 349 4982; x_wconf 74' lang='lat' dir='ltr'>peclus</span> <span class='ocrx_word' id='word_1_583' title='bbox 366 4891 402 4951; x_wconf 74' lang='lat' dir='ltr'>el</span> <span class='ocrx_word' id='word_1_584' title='bbox 420 4871 611 4946; x_wconf 68' lang='lat' dir='ltr'>humetum</span> <span class='ocrx_word' id='word_1_585' title='bbox 629 4889 702 4937; x_wconf 67' lang='lat'>²⁵⁸0</span> <span class='ocrx_word' id='word_1_586' title='bbox 719 4863 906 4936; x_wconf 54' lang='lat' dir='ltr'>univerae</span> <span class='ocrx_word' id='word_1_587' title='bbox 923 4859 1110 4940; x_wconf 75' lang='lat' dir='ltr'>Ecclesiae·</span> <span class='ocrx_word' id='word_1_588' title='bbox 1164 4857 1226 4930; x_wconf 78' lang='lat' dir='ltr'>Fi·</span> <span class='ocrx_word' id='word_1_589' title='bbox 1275 4875 1348 4934; x_wconf 87' lang='lat' dir='ltr'>tate</span> <span class='ocrx_word' id='word_1_590' title='bbox 1361 4875 1396 4934; x_wconf 89' lang='lat' dir='ltr'>et</span> <span class='ocrx_word' id='word_1_591' title='bbox 1408 4863 1553 4936; x_wconf 90' lang='lat' dir='ltr'>salutari</span> <span class='ocrx_word' id='word_1_592' title='bbox 1569 4863 1661 4935; x_wconf 86' lang='lat' dir='ltr'>vitae</span> <span class='ocrx_word' id='word_1_593' title='bbox 1675 4865 1932 4956; x_wconf 88' lang='lat' dir='ltr'>gubernatione</span> <span class='ocrx_word' id='word_1_594' title='bbox 1943 4867 2033 4940; x_wconf 90' lang='lat' dir='ltr'>alios</span> <span class='ocrx_word' id='word_1_595' title='bbox 2048 4871 2168 4941; x_wconf 85' lang='lat' dir='ltr'>docere</span> <span class='ocrx_word' id='word_1_596' title='bbox 2180 4887 2247 4962; x_wconf 91' lang='lat' dir='ltr'>pos·</span> 
     </span>
     <span class='ocr_line' id='line_1_46' title="bbox 227 4963 2247 5076; baseline -0.016 -14"><span class='ocrx_word' id='word_1_597' title='bbox 227 4991 299 5062; x_wconf 90' lang='lat' dir='ltr'>lius</span> <span class='ocrx_word' id='word_1_598' title='bbox 329 4976 532 5076; x_wconf 88' lang='lat' dir='ltr'>suppeditat</span> <span class='ocrx_word' id='word_1_599' title='bbox 558 4968 766 5053; x_wconf 88' lang='lat' dir='ltr'>consilium,</span> <span class='ocrx_word' id='word_1_600' title='bbox 799 4978 834 5037; x_wconf 90' lang='lat' dir='ltr'>et</span> <span class='ocrx_word' id='word_1_601' title='bbox 860 4963 1053 5058; x_wconf 90' lang='lat' dir='ltr'>pronubis</span> <span class='ocrx_word' id='word_1_602' title='bbox 1077 4963 1225 5034; x_wconf 89' lang='lat' dir='ltr'>sustinet</span> <span class='ocrx_word' id='word_1_603' title='bbox 1277 4965 1405 5036; x_wconf 90' lang='lat' dir='ltr'>simus:</span> <span class='ocrx_word' id='word_1_604' title='bbox 1440 4967 1552 5036; x_wconf 90' lang='lat' dir='ltr'>robur</span> <span class='ocrx_word' id='word_1_605' title='bbox 1578 4987 1597 5036; x_wconf 88' lang='lat' dir='ltr'>a</span> <span class='ocrx_word' id='word_1_606' title='bbox 1628 4967 1703 5036; x_wconf 84' lang='lat' dir='ltr'>filio</span> <span class='ocrx_word' id='word_1_607' title='bbox 1723 4965 1791 5039; x_wconf 87' lang='lat' dir='ltr'>Dei</span> <span class='ocrx_word' id='word_1_608' title='bbox 1817 4981 1997 5061; x_wconf 89' lang='lat' dir='ltr'>petamus,</span> <span class='ocrx_word' id='word_1_609' title='bbox 2031 4985 2072 5044; x_wconf 84' lang='lat' dir='ltr'>ut</span> <span class='ocrx_word' id='word_1_610' title='bbox 2093 4971 2247 5045; x_wconf 61' lang='lat' dir='ltr'>sustinere</span> 
     </span>
     <span class='ocr_line' id='line_1_47' title="bbox 228 5057 2246 5172; baseline -0.02 -8"><span class='ocrx_word' id='word_1_611' title='bbox 228 5085 450 5164; x_wconf 87' lang='lat' dir='ltr'>tristissimas</span> <span class='ocrx_word' id='word_1_612' title='bbox 464 5093 607 5172; x_wconf 77' lang='lat' dir='ltr'>posnan,</span> <span class='ocrx_word' id='word_1_613' title='bbox 634 5085 668 5142; x_wconf 89' lang='lat' dir='ltr'>et</span> <span class='ocrx_word' id='word_1_614' title='bbox 682 5069 797 5161; x_wconf 87' lang='lat' dir='ltr'>placat</span> <span class='ocrx_word' id='word_1_615' title='bbox 811 5067 901 5138; x_wconf 88' lang='lat' dir='ltr'>iram</span> <span class='ocrx_word' id='word_1_616' title='bbox 915 5067 1035 5160; x_wconf 87' lang='lat' dir='ltr'>patris.</span> <span class='ocrx_word' id='word_1_617' title='bbox 1087 5057 1227 5137; x_wconf 85' lang='lat' dir='ltr'>Abhoc</span> <span class='ocrx_word' id='word_1_618' title='bbox 1276 5067 1417 5138; x_wconf 87' lang='lat' dir='ltr'>labores</span> <span class='ocrx_word' id='word_1_619' title='bbox 1434 5065 1624 5139; x_wconf 89' lang='lat' dir='ltr'>ministerii</span> <span class='ocrx_word' id='word_1_620' title='bbox 1640 5069 1833 5161; x_wconf 88' lang='lat' dir='ltr'>possimus:</span> <span class='ocrx_word' id='word_1_621' title='bbox 1857 5093 1923 5144; x_wconf 90' lang='lat' dir='ltr'>nec</span> <span class='ocrx_word' id='word_1_622' title='bbox 1938 5073 2141 5147; x_wconf 87' lang='lat' dir='ltr'>misceamus</span> <span class='ocrx_word' id='word_1_623' title='bbox 2156 5070 2246 5142; x_wconf 80' lang='lat' dir='ltr'>vitio.</span> 
     </span>
    </p>
   </div>
   <div class='ocr_carea' id='block_1_9' title="bbox 111 5167 2247 5266">
    <p class='ocr_par' dir='ltr' id='par_1_12' title="bbox 111 5167 2247 5266">
     <span class='ocr_line' id='line_1_48' title="bbox 111 5167 2247 5266; baseline -0.012 -1"><span class='ocrx_word' id='word_1_624' title='bbox 111 5233 116 5242; x_wconf 95' lang='lat'><strong>·</strong></span> <span class='ocrx_word' id='word_1_625' title='bbox 230 5214 371 5266; x_wconf 89' lang='lat' dir='ltr'>summo</span> <span class='ocrx_word' id='word_1_626' title='bbox 408 5181 589 5256; x_wconf 86' lang='lat' dir='ltr'>sacerdote</span> <span class='ocrx_word' id='word_1_627' title='bbox 619 5172 807 5245; x_wconf 89' lang='lat' dir='ltr'>consilium</span> <span class='ocrx_word' id='word_1_628' title='bbox 838 5183 873 5242; x_wconf 87' lang='lat' dir='ltr'>et</span> <span class='ocrx_word' id='word_1_629' title='bbox 902 5171 1014 5241; x_wconf 90' lang='lat' dir='ltr'>robur</span> <span class='ocrx_word' id='word_1_630' title='bbox 1042 5167 1227 5262; x_wconf 86' lang='lat' dir='ltr'>petebant:</span> <span class='ocrx_word' id='word_1_631' title='bbox 1277 5192 1333 5242; x_wconf 88' lang='lat' dir='ltr'>sss</span> <span class='ocrx_word' id='word_1_632' title='bbox 1350 5167 1578 5260; x_wconf 84' lang='lat' dir='ltr'>cupiditates,</span> <span class='ocrx_word' id='word_1_633' title='bbox 1602 5174 1662 5242; x_wconf 91' lang='lat' dir='ltr'>sed</span> <span class='ocrx_word' id='word_1_634' title='bbox 1688 5195 1937 5266; x_wconf 89' lang='lat' dir='ltr'>praeparemus</span> <span class='ocrx_word' id='word_1_635' title='bbox 1956 5199 2024 5247; x_wconf 88' lang='lat' dir='ltr'>nos</span> <span class='ocrx_word' id='word_1_636' title='bbox 2044 5179 2087 5248; x_wconf 91' lang='lat' dir='ltr'>ad</span> <span class='ocrx_word' id='word_1_637' title='bbox 2109 5171 2247 5248; x_wconf 87' lang='lat' dir='ltr'>miserias</span> 
     </span>
    </p>
   </div>
   <div class='ocr_carea' id='block_1_10' title="bbox 229 5269 2246 5594">
    <p class='ocr_par' dir='ltr' id='par_1_13' title="bbox 229 5269 2246 5594">
     <span class='ocr_line' id='line_1_49' title="bbox 229 5269 2246 5366; baseline -0.008 -2"><span class='ocrx_word' id='word_1_638' title='bbox 229 5291 340 5364; x_wconf 87' lang='lat' dir='ltr'>buius</span> <span class='ocrx_word' id='word_1_639' title='bbox 368 5306 461 5358; x_wconf 89' lang='lat' dir='ltr'>onus</span> <span class='ocrx_word' id='word_1_640' title='bbox 483 5279 642 5352; x_wconf 87' lang='lat' dir='ltr'>sciebant</span> <span class='ocrx_word' id='word_1_641' title='bbox 664 5275 770 5366; x_wconf 88' lang='lat' dir='ltr'>longe</span> <span class='ocrx_word' id='word_1_642' title='bbox 794 5273 938 5361; x_wconf 86' lang='lat' dir='ltr'>gravius</span> <span class='ocrx_word' id='word_1_643' title='bbox 961 5271 1038 5343; x_wconf 86' lang='lat' dir='ltr'>lure</span> <span class='ocrx_word' id='word_1_644' title='bbox 1059 5269 1228 5341; x_wconf 91' lang='lat' dir='ltr'>omnibus</span> <span class='ocrx_word' id='word_1_645' title='bbox 1277 5272 1459 5353; x_wconf 58' lang='lat' dir='ltr'>modas,</span> <span class='ocrx_word' id='word_1_646' title='bbox 1498 5295 1538 5342; x_wconf 92' lang='lat' dir='ltr'>ac</span> <span class='ocrx_word' id='word_1_647' title='bbox 1564 5287 1708 5366; x_wconf 91' lang='lat' dir='ltr'>portum</span> <span class='ocrx_word' id='word_1_648' title='bbox 1737 5273 1948 5348; x_wconf 84' lang='lat' dir='ltr'>intueamur</span> <span class='ocrx_word' id='word_1_649' title='bbox 1969 5292 2166 5358; x_wconf 86' lang='lat' dir='ltr'>aeternum,</span> <span class='ocrx_word' id='word_1_650' title='bbox 2196 5269 2246 5366; x_wconf 87' lang='lat' dir='ltr'>qni</span> 
     </span>
     <span class='ocr_line' id='line_1_50' title="bbox 233 5368 2246 5475; baseline -0.012 -10"><span class='ocrx_word' id='word_1_651' title='bbox 233 5388 435 5470; x_wconf 86' lang='lat' dir='ltr'>aerumnis,</span> <span class='ocrx_word' id='word_1_652' title='bbox 483 5403 571 5475; x_wconf 87' lang='lat' dir='ltr'>quas</span> <span class='ocrx_word' id='word_1_653' title='bbox 606 5377 712 5450; x_wconf 88' lang='lat' dir='ltr'>etiam</span> <span class='ocrx_word' id='word_1_654' title='bbox 743 5374 941 5446; x_wconf 82' lang='lat' dir='ltr'>fidelissimi</span> <span class='ocrx_word' id='word_1_655' title='bbox 974 5373 1229 5464; x_wconf 89' lang='lat' dir='ltr'>gubernatores</span> <span class='ocrx_word' id='word_1_656' title='bbox 1278 5374 1350 5444; x_wconf 89' lang='lat' dir='ltr'>iam</span> <span class='ocrx_word' id='word_1_657' title='bbox 1365 5368 1433 5444; x_wconf 88' lang='lat' dir='ltr'>hac</span> <span class='ocrx_word' id='word_1_658' title='bbox 1451 5372 1677 5464; x_wconf 83' lang='lat' dir='ltr'>navigatione</span> <span class='ocrx_word' id='word_1_659' title='bbox 1694 5380 1867 5468; x_wconf 90' lang='lat' dir='ltr'>petendus</span> <span class='ocrx_word' id='word_1_660' title='bbox 1884 5393 1955 5462; x_wconf 89' lang='lat' dir='ltr'>est,</span> <span class='ocrx_word' id='word_1_661' title='bbox 1981 5381 2246 5454; x_wconf 70' lang='lat' dir='ltr'>videlieetseter·</span> 
     </span>
     <span class='ocr_line' id='line_1_51' title="bbox 234 5473 2246 5594; baseline -0.01 -28"><span class='ocrx_word' id='word_1_662' title='bbox 234 5493 297 5567; x_wconf 90' lang='lat' dir='ltr'>alii</span> <span class='ocrx_word' id='word_1_663' title='bbox 328 5503 542 5583; x_wconf 89' lang='lat' dir='ltr'>quocunque</span> <span class='ocrx_word' id='word_1_664' title='bbox 566 5494 724 5571; x_wconf 89' lang='lat' dir='ltr'>tempore</span> <span class='ocrx_word' id='word_1_665' title='bbox 747 5475 913 5551; x_wconf 88' lang='lat' dir='ltr'>tolerant.</span> <span class='ocrx_word' id='word_1_666' title='bbox 964 5473 1133 5547; x_wconf 84' lang='lat' dir='ltr'>Sciebant</span> <span class='ocrx_word' id='word_1_667' title='bbox 1155 5486 1227 5594; x_wconf 87' lang='lat' dir='ltr'>tota</span> <span class='ocrx_word' id='word_1_668' title='bbox 1279 5499 1362 5547; x_wconf 85' lang='lat' dir='ltr'>uam</span> <span class='ocrx_word' id='word_1_669' title='bbox 1382 5475 1674 5550; x_wconf 86' lang='lat' dir='ltr'>cousuetudinem</span> <span class='ocrx_word' id='word_1_670' title='bbox 1692 5475 1759 5552; x_wconf 85' lang='lat' dir='ltr'>Dei</span> <span class='ocrx_word' id='word_1_671' title='bbox 1781 5494 1817 5558; x_wconf 86' lang='lat' dir='ltr'>et</span> <span class='ocrx_word' id='word_1_672' title='bbox 1831 5481 1899 5551; x_wconf 89' lang='lat' dir='ltr'>lilii</span> <span class='ocrx_word' id='word_1_673' title='bbox 1914 5481 2009 5572; x_wconf 86' lang='lat' dir='ltr'>eius,</span> <span class='ocrx_word' id='word_1_674' title='bbox 2034 5499 2070 5559; x_wconf 86' lang='lat' dir='ltr'>et</span> <span class='ocrx_word' id='word_1_675' title='bbox 2084 5483 2246 5558; x_wconf 80' lang='lat' dir='ltr'>universae</span> 
     </span>
    </p>
   </div>
   <div class='ocr_carea' id='block_1_11' title="bbox 0 0 2342 5812">
    <p class='ocr_par' dir='ltr' id='par_1_14' title="bbox 0 0 2342 5812">
     <span class='ocr_line' id='line_1_52' title="bbox 0 0 2342 5812; baseline 0 0"><span class='ocrx_word' id='word_1_676' title='bbox 0 0 2342 5812; x_wconf 95' lang='lat' dir='ltr'> </span> 
     </span>
    </p>
   </div>
  </div>
 </body>
</html>
