4704 5826
1712 85 1727 136 ,l

185 245 259 322 oss
457 307 465 316 .
561 233 722 314 onon.
757 231 831 310 nu
862 229 1162 308 asarinus
1192 229 1269 308 ur
1302 211 1575 312 uberans
1606 231 1842 312 connss.
2152 237 2234 314 sse
2329 181 2330 230 ³

187 424 264 494 lum
280 413 378 488 bone
394 435 499 486 usum
516 403 661 496 babent,
684 421 725 482 ot
740 401 953 502 prohibeant
968 387 1014 478 ne
1027 403 1181 478 nimium
1232 407 1362 480 multas
1383 429 1515 481 cauus.
1566 403 1660 478 Nam
1682 423 1716 482 et
1737 409 1837 480 cordi
1859 409 2127 502 refrigeratione
2139 434 2233 503 opus

189 515 541 598 inlluatauteilluat,
560 511 743 584 sedetiam
759 531 889 600 organa
904 509 1182 582 suntattrsctio-
1234 521 1306 595 ast,
1327 503 1474 582 attrahit
1494 507 1604 598 igitur
1629 523 1664 581 et
1689 503 1830 586 exhalat
1852 528 1988 598 serens,
2014 511 2146 582 deinde
2167 536 2235 582 net

188 624 268 708 nis,
293 643 376 690 uam
392 630 492 688 motu
506 615 623 686 cordis
649 627 768 684 tensae
793 611 946 684 tendunt
962 623 997 680 et
1012 609 1108 700 ipsae
1123 633 1183 682 cs·
1234 611 1396 702 generari
1418 611 1563 704 spiritus
1584 611 1655 680 nisi
1679 613 1797 682 calore
1808 627 1852 686 ·et
1875 628 1976 686 motu
1992 613 2140 704 poterit,
2165 637 2235 684 nec

190 725 327 794 naliom
339 719 488 802 tunicas,
507 730 547 787 ut
561 715 782 807 sanguinem,
801 711 980 804 spiritum,
993 701 1056 782 aut'
1066 717 1182 784 aerem
1233 715 1311 784 sine
1333 725 1435 784 motu
1453 713 1574 806 aliquo
1592 713 1783 784 transmitti
1810 729 1935 806 potest.
1986 713 2085 786 Mira
2098 729 2233 786 estan-

192 848 298 922 qnem
313 821 515 904 continent,
540 819 687 910 pellant.
1235 829 1306 886 tens
1330 813 1510 906 copulatio
1532 813 1624 884 airis
1645 838 1726 886 cram
1750 817 1880 888 nostris
1908 817 2130 910 corporibus.
2183 814 2235 888 Ut

292 923 377 996 Dixi
393 919 599 994 brevissime
616 921 661 990 de
677 915 837 990 aedilicio
853 913 992 1000 cordis,
1016 911 1112 1008 quod
1132 909 1181 984 its
1235 917 1332 986 enim
1353 915 1536 986 nutrimur
1558 917 1667 986 rebus
1686 917 1779 988 natis
1800 941 1842 988 ex
1859 932 2013 1012 quatuor
2032 918 2233 998 elementis,
2330 945 2331 956 2

191 1027 303 1118 magis
322 1020 600 1107 admirabimur,
625 1045 704 1092 cum
722 1041 807 1088 usus
825 1030 858 1088 et
882 1029 1000 1086 motus
1023 1013 1184 1094 conside·
1236 1018 1320 1112 quia
1344 1041 1387 1088 ex
1410 1013 1467 1088 bis
1493 1031 1528 1088 ct
1551 1029 1672 1088 nostra
1693 1042 1842 1110 corpora
1864 1020 2016 1092 conflata
2043 1033 2148 1104 sunt,
2183 1019 2234 1089 its

191 1131 361 1202 rsbimus.
414 1123 559 1198 Utilitas
574 1137 625 1194 est
639 1122 754 1213 prima
769 1133 803 1190 et
816 1139 965 1202 summa,
987 1117 1083 1210 quod
1099 1115 1185 1184 reli·
1235 1143 1316 1190 cum
1332 1119 1370 1188 in
1389 1134 1469 1192 aere
1483 1141 1680 1204 versemur,
1705 1120 1901 1210 plurimum
1923 1116 2109 1192 haurimus
2127 1119 2234 1206 airis,

192 1257 264 1326 quo
281 1227 421 1320 corpori
435 1227 516 1298 lons
529 1237 566 1296 et
580 1225 722 1294 initium
738 1223 888 1292 estvitae
902 1233 936 1290 et
951 1218 1077 1290 caloris
1091 1215 1185 1286 vivi·
1237 1233 1271 1292 et
1289 1216 1347 1298 hie
1370 1233 1542 1311 temperat
1564 1219 1819 1292 lucidissimam
1843 1222 2041 1306 flammam,
2068 1245 2159 1322 quae
2182 1235 2234 1292 est

192 1333 270 1416 lici,
304 1331 377 1400 sive
410 1323 497 1397 haec
529 1327 708 1396 discernas
739 1325 814 1394 sive
846 1322 940 1391 idem
974 1343 1047 1390 esse
1079 1319 1185 1388 dicas.
1235 1323 1381 1414 spiritus
1398 1321 1526 1396 vitalis.
1576 1317 1643 1390 Est
1657 1335 1774 1392 autem
1796 1317 1854 1394 hic
1870 1337 1988 1395 motos
2001 1323 2040 1392 in
2056 1324 2164 1394 corde
2180 1323 2233 1392 la·

192 1431 331 1504 Deinde
348 1430 524 1523 spiritum,
550 1442 585 1500 et
596 1423 693 1498 bunc
708 1424 888 1496 vivificum
905 1421 1057 1492 calorem
1074 1421 1112 1490 iu
1130 1434 1185 1490 to-
1235 1425 1331 1495 satio
1349 1437 1383 1494 et
1404 1423 1597 1492 contractio
1614 1425 1911 1510 ventriculorum,
1939 1447 2030 1518 qnae
2043 1423 2095 1494 sic
2112 1425 2151 1496 lit
2167 1447 2233 1494 ns·

194 1548 270 1606 tum
287 1556 415 1624 corpus
437 1531 587 1624 spargit,
614 1530 695 1600 ideo
710 1525 828 1620 inquit
844 1523 1067 1595 Aristoteles:
1092 1545 1185 1616 scop-
1237 1540 1316 1598 tura
1333 1525 1469 1613 cordis,
1494 1548 1559 1594 nec
1578 1525 1714 1614 regitur
1729 1550 1748 1596 a
1765 1527 1909 1596 cerebro
1931 1540 1993 1596 aut
2006 1525 2145 1606 nervis,
2171 1525 2231 1594 sed

192 1631 258 1710 δία
282 1629 380 1707 ἐστὶν
403 1628 503 1730 ἀρχὴ,
519 1627 610 1727 βίου
633 1634 724 1702 πᾶσι
738 1624 883 1722 μέρεσι,
908 1619 972 1698 καὶ
990 1617 1187 1718 μεταδιδοῖ
1237 1629 1345 1698 librae
1360 1640 1443 1698 sunt
1459 1626 1623 1716 propriae
1637 1627 1772 1712 cordis,
1796 1621 1904 1700 huius
1919 1639 2038 1698 motus
2055 1626 2231 1697 rectrices.
2331 1623 2332 1696 l

192 1731 409 1830 θερμασίαν
430 1729 611 1828 (iteneris
630 1736 722 1804 πᾶσι
729 1782 740 1816 ,
766 1723 831 1802 καὶ
850 1731 998 1820 πνεῦμα
1013 1731 1069 1820 τῷ
1085 1725 1186 1822 ἐγκε-
1236 1729 1309 1800 Nec
1323 1729 1425 1820 plura
1444 1751 1539 1796 nunc
1556 1727 1803 1812 deeodicam,
1829 1741 1967 1804 tontum
1981 1731 2160 1800 admoneo
2177 1729 2232 1798 iu-
2331 1801 2332 1804 ,

192 1837 305 1938 ‹polisp
317 1833 381 1910 καὶ
395 1831 520 1931 ἥπατι.
572 1834 734 1906 Secunda
751 1831 904 1914 utilitas,
928 1829 1025 1922 quod
1041 1827 1186 1918 spiritus
1237 1831 1374 1913 niores,
1399 1843 1437 1900 ut
1456 1828 1609 1917 cogitent
1624 1830 1840 1902 necessitatis
1854 1852 1916 1900 seu
1930 1830 2022 1902 vitae
2037 1851 2163 1912 unsa,
2187 1829 2231 1898 ad

193 1941 303 2033 geniti
328 1941 367 2010 in
382 1939 504 2022 corde,
530 1959 610 2006 curn
635 1949 753 2027 postea
777 1931 912 2002 cerebri
929 1931 966 2000 vi
984 1942 1185 2020 temperan-
1238 1929 1302 2002 hos
1324 1949 1408 2002 usus
1427 1931 1630 2000 institutum
1646 1951 1738 2020 csse,
1765 1927 1934 2024 quiahoc
1957 1945 2057 2002 motu
2080 1925 2232 2002 attrahi-

194 2058 271 2128 tur,
295 2041 386 2112 finnt
407 2040 641 2109 instrumenta
658 2035 816 2128 proxima
832 2033 1012 2102 actionum
1028 2031 1066 2099 in
1089 2053 1185 2100 cere-
1237 2048 1296 2104 tur
1322 2039 1400 2116 air,
1440 2044 1476 2102 et
1507 2033 1698 2104 adiuvatur
1730 2033 1911 2123 generatio
1940 2045 1975 2104 et
2008 2031 2232 2104 transmissio

195 2147 261 2215 bro
279 2143 364 2213 etin
380 2141 518 2224 nervis,
544 2153 578 2212 et
594 2138 688 2208 cient
703 2135 968 2226 cogitationem,
995 2154 1137 2202 sensum
1152 2142 1187 2200 et
1237 2135 1441 2228 spirituum.
1710 2196 1713 2206 .

195 2259 343 2327 motum,
368 2243 455 2338 quid
472 2253 588 2312 autem
605 2253 692 2311 esset
709 2238 780 2308 vita
794 2237 869 2306 sine
884 2257 999 2319 sensu,
1024 2247 1125 2304 motu
1151 2247 1186 2302 et
1339 2231 1441 2306 Alter
1452 2248 1571 2306 motus
1586 2233 1625 2304 in
1639 2236 1745 2306 corde
1758 2235 1966 2306 nominatur
1979 2235 2148 2318 adlectus,
2167 2233 2231 2326 qui

195 2347 417 2438 cogitatione.
469 2342 591 2414 Tertia
614 2341 750 2413 utilitas
770 2338 920 2408 maxime
944 2335 1086 2430 propria
1105 2357 1186 2404 cor·
1238 2337 1476 2428 cognitionem
1498 2335 1677 2428 sequitur,
1703 2351 1738 2408 et
1756 2337 1961 2408 accenditur
1970 2334 2133 2426 noticiis.
2188 2331 2229 2404 ld

195 2451 270 2536 dis,
285 2449 380 2542 quod
397 2470 473 2517 non
487 2445 602 2516 solum
620 2445 718 2514 sedes
734 2454 783 2510 est
799 2439 1003 2530 affectuum,
1028 2437 1089 2506 sed
1105 2435 1186 2508 lons
1237 2463 1321 2510 vero
1340 2441 1519 2532 quomodo
1532 2435 1615 2521 bat,
1636 2451 1698 2510 aut
1712 2461 1804 2532 quse
1817 2439 1871 2508 vis
1888 2438 1936 2510 sit
1952 2435 2089 2508 cerebri
2103 2450 2141 2506 et
2155 2435 2231 2528 spi·

195 2553 301 2624 etiam
318 2564 352 2622 et
367 2571 490 2637 causa,
514 2561 555 2618 ut
570 2545 742 2615 sentimus
756 2543 865 2611 vitam
881 2539 1055 2610 laeticiam
1071 2559 1186 2630 quan-
1238 2541 1370 2612 rituum
1384 2539 1589 2610 ferientium
1604 2541 1723 2624 corda,
1735 2553 1775 2612 ut
1789 2553 1860 2610 tam
1875 2539 1966 2610 varii
1979 2551 2098 2610 motus
2112 2539 2231 2608 cican-

195 2657 277 2724 dam
299 2674 390 2737 esse,
415 2648 631 2719 moesticiam
648 2669 731 2714 vero
752 2659 902 2712 mortem
920 2654 954 2710 et
976 2638 1186 2710 destructio·
1237 2657 1316 2726 tur,
1341 2641 1457 2710 dicere
1474 2663 1550 2710 non
1565 2661 1721 2731 possum,
1748 2641 1817 2710 nisi
1833 2641 1917 2734 quia
1933 2641 1984 2710 sic
2001 2653 2129 2714 natura
2144 2663 2231 2708 con·

196 2755 252 2824 nis
267 2775 417 2825 causam.
462 2747 509 2821 Et
525 2771 726 2843 quanquam
741 2745 848 2814 sentit
862 2767 924 2813 cor
939 2763 1063 2812 suaves
1077 2751 1114 2812 et
1129 2739 1187 2808 in·
1236 2745 1311 2814 dita
1333 2755 1402 2822 est,
1427 2756 1468 2812 ut
1481 2741 1616 2814 cerebri
1638 2755 1674 2812 et
1689 2743 1806 2812 cordis
1820 2742 1902 2812 talis
1924 2742 1971 2812 sit
1987 2763 2181 2812 cousensus
2197 2755 2232 2812 et

195 2877 319 2928 suaves
336 2853 508 2924 motiones
524 2875 587 2942 per
599 2871 748 2932 nervos,
773 2847 867 2940 quia
886 2857 981 2914 sexto
1007 2842 1083 2934 pari
1102 2865 1187 2912 ner·
1238 2837 1471 2936 συμπάθεια.
1520 2841 1645 2914 Voluit
1668 2841 1764 2916 Deus
1792 2845 1909 2914 lucere
1932 2866 2015 2914 suae
2037 2842 2232 2934 sapientiae

197 2981 323 3028 vorum
355 2955 490 3026 cerebri
515 2953 554 3022 in
583 2975 645 3022 cor
673 2949 816 3020 deducti
842 2961 943 3029 sunt,
975 2957 1093 3014 tamen
1123 2965 1187 3014 sua
1238 2947 1355 3016 radios
1380 2945 1419 3014 in
1444 2945 1587 3016 cerebro
1612 2958 1754 3030 nostro,
1787 2969 1868 3016 cum
1886 2940 1944 3016 his
1962 2959 1997 3020 et
2018 2945 2127 3016 corda
2144 2967 2231 3014 con·

172 3059 367 3154 'quaedam
386 3069 439 3127 est
459 3069 585 3125 natura
601 3052 737 3136 cordis,
761 3073 830 3142 qua
849 3047 918 3117 ciet
942 3047 1119 3129 adlectus,
1152 3055 1187 3114 et
1237 3071 1363 3138 gruere
1392 3045 1527 3129 voluit,
1561 3045 1729 3116 laetantia
1759 3046 1940 3135 agnitione
1967 3045 2052 3130 Dei,
2089 3059 2126 3116 et
2155 3046 2231 3138 ipse

195 3160 335 3231 laeticia
356 3157 506 3240 fruitur,
540 3169 575 3226 et
590 3151 806 3224 contabescit
822 3149 956 3218 dolore.
1010 3145 1103 3216 Sunt
1122 3169 1188 3216 au·
1238 3151 1358 3219 adesse
1375 3147 1413 3216 in
1427 3147 1594 3218 cordibus
1609 3147 1739 3218 uostris
1753 3161 1923 3241 tanquam
1938 3147 1976 3216 in
1991 3149 2073 3218 sede
2089 3169 2153 3218 sua
2166 3172 2231 3217 vo-

197 3259 267 3333 te'm
282 3257 505 3332 haecineita
521 3255 720 3350 praecipua,
745 3271 879 3329 sensus,
906 3247 1083 3338 cogitatio,
1109 3271 1187 3316 mo-
1239 3251 1325 3334 luit,
1351 3263 1386 3322 et
1403 3249 1772 3340 perfunderenossua
1788 3249 1867 3320 luce
1883 3262 1917 3320 at
1933 3249 2083 3322 laeticia.
2135 3247 2231 3318 Haec

195 3377 270 3444 tus,
295 3361 417 3432 laetari
438 3362 544 3430 rebus
561 3354 875 3435 convenientibus,
900 3363 962 3420 aut
983 3349 1105 3419 dolere
1123 3349 1188 3417 ad·
1240 3353 1358 3420 minus
1382 3349 1632 3440 intelligimus,
1663 3351 1748 3443 quia
1769 3351 1881 3442 prima
1907 3350 2043 3422 cerebri
2057 3363 2093 3422 et
2112 3350 2231 3420 cordis

196 3465 323 3549 versis,
350 3457 477 3532 horum
496 3461 621 3531 ultima
638 3455 780 3548 propria
799 3453 915 3522 cordis
935 3473 1008 3520 esse
1022 3451 1186 3522 latemur.
1239 3449 1436 3537 harmonia,
1457 3475 1563 3544 quam
1572 3448 1669 3522 Deus
1683 3452 1856 3534 condidit,
1877 3453 2017 3524 turbata
2032 3465 2094 3524 est.
2126 3449 2231 3522 Nunc

195 3569 317 3664 Itaque
347 3567 391 3635 ad
419 3560 515 3632 branc
539 3585 642 3631 usum
666 3555 908 3648 principaliter
932 3553 1114 3623 conditum
1137 3563 1188 3620 est
1240 3555 1348 3644 igitur
1365 3553 1413 3624 ita
1432 3554 1630 3644 disputant,
1654 3553 1811 3626 adlectus
1827 3553 2036 3624 comitantes
2050 3552 2231 3638 noticiam,

195 3693 274 3754 cor,
303 3681 342 3738 ut
367 3665 588 3736 domicilium
608 3657 676 3730 Dei
692 3659 754 3742 sit,
782 3671 816 3727 et
831 3655 953 3726 divina
976 3653 1114 3724 laeticia
1131 3677 1189 3722 re-
1239 3655 1401 3738 uticam,
1427 3653 1591 3724 incendia
1609 3678 1782 3739 amorum,
1807 3655 1993 3740 laeticiam,
2017 3677 2132 3744 spem,
2158 3677 2231 3724 me-

196 3771 325 3842 iertum
342 3769 398 3842 sit.
1240 3771 1316 3841 tus,
1346 3751 1415 3825 hoc
1434 3757 1542 3824 modo
1567 3755 1727 3841 excitari,
1761 3757 1844 3850 quia
1869 3781 1932 3828 cor
1956 3757 2083 3828 lenitur
2103 3755 2230 3846 spiritu

297 3868 399 3940 Hanc
430 3865 612 3936 mirificam
642 3860 760 3954 operis
784 3858 1012 3939 varietatem,
1044 3850 1189 3926 ethaeo
1239 3858 1420 3928 acerebro
1435 3857 1552 3930 misso.
1595 3855 1665 3928 Sed
1683 3857 1822 3928 iscilior
1837 3871 1889 3931 est
1905 3858 2092 3950 explicatio
2109 3857 2155 3926 iis
2170 3857 2232 3950 qui

196 3971 266 4044 Dei
287 3970 454 4059 consilia,
480 3966 566 4036 loris
584 3977 617 4033 et
635 3965 859 4056 perdensam
884 3958 1070 4046 caliginem
1094 3957 1189 4048 aspi·
1240 3960 1381 4044 dicunt,
1406 3983 1467 4028 cor
1483 3958 1704 4028 domicilium
1729 3983 1802 4030 esse
1818 3959 2001 4052 proprium
2016 3959 2231 4030 substantiae

198 4075 330 4144 cientes
351 4068 648 4161 obstupescimus,
673 4089 713 4134 ac
733 4063 895 4133 dolemus
917 4083 982 4129 nos
996 4083 1070 4128 non
1088 4058 1189 4150 peni·
1240 4059 1389 4130 animae.
1436 4057 1506 4130 Sed
1529 4061 1686 4130 conteuti
1702 4061 1813 4132 simus
1835 4057 1902 4132 hac
1916 4061 2158 4154 qualicunque
2173 4085 2231 4131 ex·

198 4191 255 4246 tus
276 4171 505 4262 introspicere
527 4181 710 4248 naturam,
744 4177 778 4234 et
798 4184 918 4232 causas
935 4161 1054 4230 videre
1076 4182 1189 4252 posse.
1240 4161 1433 4254 positione,
1458 4163 1562 4232 talem
1578 4184 1651 4232 esse
1669 4163 1931 4254 copulationem
1947 4163 2081 4232 cerebri
2102 4175 2141 4232 et
2154 4186 2230 4232 cor-

197 4276 268 4348 Sed
300 4289 384 4346 tnnc
408 4274 552 4342 demum
579 4293 658 4338 cum
685 4267 801 4339 ideam
827 4277 974 4333 naturae
1000 4263 1039 4331 in
1071 4275 1189 4332 mente
1239 4265 1315 4345 dis,
1340 4277 1380 4334 ut
1402 4265 1509 4334 corda
1528 4265 1585 4332 vel
1606 4264 2001 4354 appetantveliugiaut
2019 4287 2075 4334 res
2094 4265 2229 4336 oblatas

196 4378 319 4448 divina
341 4395 541 4452 cernemus,
572 4370 713 4462 penitus
737 4381 772 4438 et
794 4361 886 4436 banc
906 4359 1126 4448 machinam,
1154 4377 1189 4434 et
1240 4365 1472 4456 cogitatione,
1506 4366 1644 4458 etquis
1668 4389 1729 4436 cor
1752 4379 2034 4456 tenetregnum,
2061 4378 2229 4436 ettamen

197 4501 318 4550 causas
343 4475 505 4547 omnium
533 4495 680 4564 operum
708 4468 914 4539 divinorum
940 4466 1189 4556 intelligemus.
1240 4467 1487 4558 cogitationem
1509 4480 1707 4559 sequuntur
1727 4468 1901 4553 adiectus,
1932 4469 2229 4540 considerandum
2252 4505 2265 4527 ι

196 4579 300 4652 Nunc
320 4572 485 4650 inchoata
509 4567 575 4644 hac
596 4570 895 4653 consideratione,
926 4565 1042 4660 Deum
1071 4560 1186 4636 archi·
1239 4581 1292 4640 est
1314 4569 1429 4662 qualis
1455 4567 1501 4638 sit
1522 4562 1608 4638 haec
1630 4570 1851 4658 gubernatio.
1909 4567 1979 4640 Hic
2004 4569 2121 4640 videte
2144 4571 2229 4644 duas

196 4694 328 4754 tectssm
360 4698 605 4771 agnoscamus,
640 4688 675 4744 et
697 4673 795 4742 illius
818 4670 989 4763 perfectae
1014 4669 1188 4766 desiderio
1239 4670 1371 4762 species
1394 4669 1661 4758 gubernationis
1683 4670 1721 4742 in
1744 4666 1907 4756 bomine,
1936 4695 2087 4763 quarum
2113 4686 2229 4762 postea

197 4785 440 4854 accendamur.
504 4774 745 4849 Consideratis
773 4787 891 4844 autem
916 4770 1132 4843 utilitatibus
1154 4784 1189 4841 et
1239 4763 1396 4864 exempla
1417 4772 1454 4841 in
1476 4769 1637 4862 imperiis
1660 4772 1815 4846 cernitis.
1867 4768 1999 4844 Omnis
2021 4775 2228 4862 gubernatio

194 4885 322 4955 officiis
343 4883 479 4967 cordis,
511 4877 737 4948 discernendi
759 4889 841 4946 sunt
870 4885 905 4942 et
924 4887 1054 4946 motus.
1105 4868 1187 4942 Duo
1238 4873 1278 4944 lit
1305 4889 1365 4944 aut
1386 4875 1588 4956 suadendo,
1620 4887 1683 4946 ant
1712 4877 1889 4965 cogendo,
1920 4899 1981 4944 seu
2010 4889 2052 4946 ut
2081 4876 2229 4946 crassius

196 5001 315 5057 autem
340 4999 423 5056 sunt
444 5005 569 5074 genera
589 4992 772 5058 motuum,
799 4975 975 5075 quicordi
991 4976 1187 5056 secuudum
1238 4975 1374 5062 dicam,
1407 4975 1471 5069 qui
1492 4975 1683 5056 obediunt,
1720 4999 1844 5048 omues
1870 4990 1932 5049 aut
1962 4975 2073 5048 coacti
2098 4977 2229 5048 iaciunt

196 5099 360 5158 naturam
374 5095 599 5178 competunt,
625 5103 686 5150 seu
705 5080 766 5174 qni
782 5091 865 5150 sunt
879 5069 1075 5174 lvepyss'os,
1103 5075 1188 5168 pul·
1238 5075 1428 5167 imperata,
1442 5089 1520 5148 aot
1541 5075 1768 5166 persuasione
1789 5078 1877 5148 moti
1899 5091 2026 5169 sponte
2049 5079 2229 5172 obtempe-

195 5211 255 5259 ,ης
283 5187 450 5257 videlicet
478 5200 514 5258 et
547 5181 709 5258 affectus,
749 5205 833 5251 nam
864 5194 998 5250 tremor
1027 5202 1102 5246 non
1134 5190 1187 5248 est
1237 5193 1329 5249 rant.
1383 5177 1431 5251 Ut
1447 5177 1671 5266 Magistratni
1689 5179 1728 5248 in
1743 5177 1884 5271 Repub.
1899 5179 1960 5250 alii
1978 5180 2154 5252 obediunt
2169 5205 2228 5252 vo-

194 5283 377 5388 ἐνέργεια,
409 5301 443 5358 et
466 5307 612 5378 prorsus
633 5284 778 5353 aliunde
806 5283 931 5352 oritur.
983 5276 1185 5349 Necessaria
1237 5280 1367 5364 lentes,
1391 5279 1508 5370 legum
1523 5301 1584 5350 seu
1599 5281 1814 5365 reverentia,
1838 5305 1901 5352 seu
1916 5295 2032 5366 metu,
2054 5281 2118 5350 alii
2135 5282 2227 5353 ducti

191 5403 245 5462 est
267 5404 385 5461 autem
405 5388 516 5461 motio
539 5409 629 5479 quae
646 5383 856 5456 nominatur
873 5380 1014 5475 pulsus,
1040 5393 1186 5473 propter
1236 5381 1275 5456 in
1289 5404 1463 5452 carcerem
1477 5382 1670 5469 obediunt,
1692 5383 1774 5478 quia
1791 5383 1861 5454 iam
1877 5383 1988 5453 vincti
2003 5405 2069 5454 nec
2084 5395 2227 5476 possum
