4646 5824
204 275 275 364 731
809 255 969 340 DECls
1001 257 1059 335 lli
1091 251 1330 336 FUNERE
1361 257 1643 390 ternant.
2169 277 2232 358 tn

207 447 378 532 excelsos,
401 441 583 526 ardentes,
605 435 747 534 qualem
761 433 912 508 omnino
928 425 1077 508 Lntberi
1094 431 1202 508 inisse
1248 455 1333 506 snos
1347 434 1497 524 labores,
1520 459 1613 532 quos
1626 435 1666 508 in
1680 439 1932 534 propagatione
1942 437 2127 540 Evangelii
2140 449 2231 523 eunt.

210 574 268 626 ree
284 546 450 621 telendit·
501 595 503 600 ·
1250 535 1344 624 nnit,
1368 537 1487 610 audit:
1512 541 1573 610 sed
1590 539 1696 614 etiam
1710 541 1786 636 ipse
1800 544 1871 616 iam
1887 547 2034 620 eductus
2045 573 2088 622 ex
2103 553 2232 626 mortali

295 649 392 740 Quid
408 648 521 718 dicam
536 645 581 714 de
594 638 743 714 caeteris
758 637 835 710 eius
847 634 1064 713 virtutibus?
1090 633 1203 728 saepe
1250 662 1400 732 corpore
1416 653 1585 736 tanquam
1604 667 1819 726 excercere,
1843 659 1877 720 et
1894 647 2071 738 ingressus
2087 651 2127 724 in
2142 649 2233 726 seho-

129 777 132 786 ,
207 760 283 848 ipse
304 750 500 826 interveni,
525 770 606 818 cnm
630 739 856 836 lachrymam
876 740 1098 832 precationes
1120 762 1201 810 suas
1251 741 1321 812 lam
1336 743 1451 812 multo
1473 743 1722 833 eruditiorem,
1746 744 1815 818 Dei
1832 751 2037 838 essentiam,
2062 767 2099 825 et
2118 755 2156 826 in
2170 757 2234 828 filia

206 885 272 954 pro
294 869 366 927 tota
389 849 547 924 Ecclesia
571 847 672 918 dixit.
723 843 895 916 Sumebat
914 841 1010 912 enirn
1034 839 1104 912 sibi
1126 840 1202 910 tere
1250 845 1339 914 datas
1354 857 1499 915 naturas
1516 844 1743 934 coniunctas,
1768 863 1804 922 et
1823 863 1939 924 totum
1954 853 2146 928 consilinm
2160 882 2235 927 con-

206 957 367 1056 qnotidie
388 967 523 1024 certum
546 963 687 1040 tempus
710 948 755 1018 ad
771 943 932 1015 Psalmos
952 943 1093 1037 aliquos
1108 943 1201 1014 reci·
1251 945 1345 1016 ditae
1367 958 1402 1016 et
1424 947 1626 1039 redemptae
1643 944 1820 1022 Ecclesiae
1841 975 1952 1045 prope
1968 958 2234 1051 contemplatur:

206 1063 353 1144 tandos,
385 1055 517 1150 quibus
547 1075 608 1124 sua
630 1063 713 1122 vota
742 1069 887 1138 gemens
910 1059 945 1118 et
975 1039 1202 1138 lachrymam
1250 1071 1338 1140 quas
1351 1070 1407 1118 res
1420 1047 1608 1135 maximas,
1635 1049 1815 1124 involutas
1840 1067 1875 1126 et
1902 1056 2069 1135 brevibus
2093 1062 2236 1132 oraculi,

205 1163 391 1236 miscebat:
421 1180 462 1228 ac
484 1178 587 1246 saepe
606 1153 697 1222 dixit
719 1174 756 1222 se
778 1171 983 1220 succensere
1009 1145 1104 1226 istis,
1138 1145 1202 1240 qui
1250 1149 1468 1242 propositas,
1494 1175 1574 1220 cum
1591 1152 1659 1222 fide
1675 1147 1733 1224 hic
1748 1155 1991 1246 considerarit,
2016 1183 2235 1232 nunccoram

205 1281 268 1340 cut
288 1275 434 1356 propter
456 1257 653 1349 ignaviam,
693 1266 756 1324 aut
784 1265 929 1343 propter
952 1247 1202 1341 occupationes
1251 1251 1392 1336 videns,
1421 1251 1555 1324 laetitia
1571 1276 1709 1325 summa
1732 1257 1914 1344 adficitur,
1945 1273 1980 1330 et
1999 1259 2077 1333 Deo
2098 1263 2170 1334 iam
2188 1287 2236 1334 ar.

204 1358 611 1442 dicuntsatisessesolo
627 1355 759 1448 gemitu
778 1353 924 1444 precari.
964 1347 1202 1422 Ideoformae
1249 1353 1427 1424 deustota
1444 1368 1562 1426 mente
1578 1355 1709 1448 gratias
1726 1359 1797 1448 agit
1814 1383 1879 1451 pro
1897 1373 1995 1434 tanto
2011 1364 2193 1437 beneficio,

205 1471 311 1546 nobis
326 1466 449 1538 divido
464 1461 613 1534 consilio
632 1456 863 1550 praescriptae
878 1467 980 1538 sunt,
1005 1453 1135 1546 inquit,
1161 1463 1202 1523 ut
1351 1451 1422 1526 Hic
1437 1455 1541 1528 discit
1554 1481 1620 1528 cnr
1636 1459 1730 1530 filius
1744 1455 1812 1532 Dei
1834 1455 1943 1560 λόγος
1964 1459 2028 1536 acl
2053 1460 2167 1538 My
2188 1489 2236 1536 ἃς,

206 1573 311 1645 lectio
326 1581 462 1639 mentes
477 1565 657 1635 accendat:
685 1559 757 1630 imo
774 1569 815 1628 nt
829 1581 897 1626 vox
914 1555 1018 1628 etiem
1035 1555 1201 1648 profitea-
1248 1557 1342 1630 terni
1357 1558 1468 1652 patris
1483 1557 1635 1631 dicatur:
1657 1575 1692 1632 et
1706 1565 1887 1656 quomodo
1902 1565 2087 1638 vinculum
2104 1568 2151 1639 sit
2164 1567 2236 1660 Spi-

206 1692 285 1762 ἳῦῑ,
310 1696 416 1768 <luem
432 1665 547 1740 Deum
564 1666 780 1736 ῑῐῑνθΰθῐῐῑΰδ·
1247 1659 1340 1732 ritus
1355 1673 1496 1732 sanctus
1510 1661 1643 1732 amoris
1657 1663 1784 1746 mutui,
1802 1688 1878 1736 non
1892 1667 2008 1738 solum
2024 1669 2121 1741 inter
2133 1683 2236 1740 aeter-

309 1773 432 1868 ltaque
456 1793 536 1842 cum
561 1767 695 1838 multae
715 1785 838 1856 graves
860 1759 1136 1834 deliberationes
1155 1759 1201 1830 de
1249 1785 1336 1836 num
1352 1775 1488 1856 patrem
1503 1763 1678 1852 etlilium,
1704 1767 1764 1836 sed
1782 1765 1887 1838 etiam
1902 1767 1998 1840 inter
2014 1769 2112 1863 ipsos
2127 1767 2236 1846 stlte.

204 1875 373 1976 periculis
396 1869 549 1966 publicis
577 1893 678 1959 saepe
706 1865 915 1950 inciderint,
948 1861 1201 1934 animadverti·
1250 1865 1403 1937 ciceiam.
1457 1863 1563 1936 initia
1589 1859 1696 1938 buius
1718 1869 1901 1942 doctrinae
1922 1884 1957 1942 et
1978 1875 2182 1944 rudimenta
2204 1873 2236 1942 in
2300 1869 2301 1873 ’

204 2005 286 2056 mus
305 2003 384 2050 cnm
414 1971 550 2064 ingenti
578 1969 689 2042 animi
713 1972 842 2040 robore
862 1966 1062 2060 praeditum
1084 1965 1201 2048 fnisse,
1248 1963 1315 2039 hac
1329 1967 1471 2060 mortali
1488 1967 1561 2038 vita
1576 1967 1766 2052 didicerat,
1789 1985 1823 2042 et
1842 1995 1944 2063 saepe
1963 1973 2008 2044 dc
2024 1969 2082 2046 his
2099 1975 2235 2046 summis
2301 2049 2302 2057 χ

204 2085 424 2174 minimeque
445 2068 639 2174 ψοφοδεῆ,
672 2095 738 2142 nec
761 2071 844 2142 ullis
864 2064 1023 2164 unquam
1047 2067 1200 2140 fractum
1247 2071 1371 2153 rebus,
1406 2073 1450 2142 de
1475 2070 1705 2142 discernenda
1728 2071 1955 2144 invocatione
1976 2099 2058 2148 vera
2084 2091 2120 2148 et
2149 2077 2235 2160 lalsa,
2301 2157 2302 2162 Ἰ

205 2183 414 2262 tetrorlbffi·
465 2174 886 2258 Nilflbflluressifflfflcffl.
910 2169 1110 2256 lli-dicilur,
1133 2192 1200 2239 en·
1248 2173 1293 2244 de
1315 2197 1394 2244 vera
1418 2173 1600 2266 agnitione
1614 2169 1682 2244 Dei
1698 2174 1861 2247 intuente
1883 2177 2137 2268 patefactiones
2152 2177 2235 2250 divi·
2301 2211 2302 2219 κ

206 2313 307 2368 tort,
339 2287 376 2356 id
400 2297 471 2372 θθῑ,
496 2277 629 2351 auxilio
651 2273 738 2364 Dei.
771 2273 966 2348 eundern
992 2271 1108 2346 excuti
1129 2271 1200 2342 sibi
1248 2299 1331 2363 nas,
1357 2288 1391 2347 et
1416 2277 1639 2346 discernente
1661 2300 1785 2347 verum
1807 2273 1922 2348 Deum
1946 2303 1966 2348 a
1989 2281 2235 2352 commentitiis

206 2392 418 2488 patiebatur·
1016 2373 1019 2382 ’
1248 2375 1458 2450 numinibus
1472 2377 1687 2468 gravissime,
1699 2379 2025 2476 sapientissimeque
2038 2382 2233 2454 disserebat,

306 2489 492 2564 Caeterum
518 2499 552 2556 et
575 2483 648 2554 acie
669 2480 797 2584 mentis
820 2493 956 2554 tantum
974 2479 1135 2564 valebat,
1158 2491 1200 2548 ut
1349 2478 1460 2551 Multi
1477 2479 1514 2548 in
1536 2474 1606 2549 hoc
1624 2493 1728 2552 coetu
1744 2483 1936 2552 audierunt
1950 2507 2031 2554 eum
2049 2485 2233 2578 aliquando

205 2620 300 2670 nnus
322 2595 360 2662 in
377 2589 536 2662 obscuris
559 2587 664 2657 rebus
691 2581 840 2678 manime
854 2581 989 2654 videret
1004 2581 1089 2676 quid
1112 2603 1199 2650 con·
1248 2595 1471 2654 enarrantem
1502 2573 1571 2651 hoc
1594 2579 1746 2654 dictum:
1781 2579 1957 2656 videtitis
1978 2585 2119 2655 coelum
2143 2609 2234 2680 aper.

205 2703 358 2772 duceret.
410 2691 483 2764 Nec
500 2703 592 2772 erat,
618 2704 657 2757 ut
671 2685 774 2755 multi
794 2695 937 2774 putant,
962 2683 1143 2772 negligens
1159 2681 1198 2750 in
1248 2699 1346 2770 tum,
1373 2697 1407 2754 et
1428 2683 1572 2774 angelos
1594 2679 1662 2753 Dei
1683 2685 1911 2755 ascendentes
1935 2699 1969 2756 et
1993 2689 2235 2758 descendente,

205 2798 460 2874 consideranda
478 2789 693 2883 Repub.aut
716 2785 945 2878 inspiciendis
964 2785 1198 2856 aliorumvo-
1247 2787 1479 2879 superfilium
1496 2782 1664 2856 hominis.
1700 2783 1770 2858 Ubi
1786 2787 1941 2878 primum
1956 2789 2137 2860 auditore,
2153 2785 2234 2860 hanc

206 2902 420 2986 luntatibus,
457 2895 518 2965 sed
552 2907 585 2963 ct
611 2887 790 2980 Renpub.
817 2901 942 2974 norat,
979 2903 1012 2958 et
1036 2887 1199 2957 omnium
1248 2887 1501 2982 amplissimam
1526 2887 1805 2958 consolationem
1825 2887 1969 2979 infigere
1991 2890 2124 2961 animis
2145 2891 2235 2962 iube-

206 3030 287 3078 cnm
307 3003 437 3098 quibus
456 2997 614 3076 vivebat,
640 3014 763 3065 sensus
779 3013 819 3059 ac
835 2989 1033 3059 voluntates
1049 2989 1199 3078 sagacis-
1248 2993 1327 3075 bat,
1352 3013 1444 3085 quae
1459 2989 1639 3070 adfirmat,
1663 2989 1802 3060 coelum
1820 3003 1981 3083 apertum
2005 3015 2100 3078 esse,
2126 2995 2161 3064 id
2179 3007 2234 3074 est,

205 3111 293 3180 sime
305 3099 554 3196 perspiciebat.
594 3091 642 3165 Et
658 3113 862 3187 quanquam
879 3090 1014 3180 ingenii
1030 3089 1084 3158 vis
1100 3113 1199 3160 acer·
1248 3091 1352 3161 nobis
1367 3091 1411 3162 ad
1428 3091 1543 3163 Deum
1559 3091 1768 3182 patelactbm
1784 3113 1868 3177 esse,
1892 3091 1966 3162 irae
1982 3093 2128 3165 divinae
2142 3119 2233 3187 repa-

205 3211 296 3281 rima
312 3219 406 3276 erate
431 3217 548 3272 tamen
566 3194 768 3266 avidissime
782 3192 916 3282 legebat
928 3191 1064 3283 scripta
1088 3191 1199 3261 eccle·
1248 3193 1343 3285 gula,
1368 3192 1655 3283 confugientibus
1673 3193 1717 3262 ad
1735 3189 1860 3278 lilium,
1885 3209 2002 3265 amota
2018 3217 2105 3276 esee,
2128 3193 2233 3267 Deum

206 3309 343 3384 siastica
359 3320 475 3376 vetera
489 3315 523 3371 et
539 3298 702 3380 recentia,
729 3309 764 3366 et
778 3317 901 3364 omnes
916 3289 1089 3377 historias,
1110 3317 1199 3386 qna·
1249 3319 1359 3388 prope
1373 3295 1443 3364 ianr
1458 3293 1643 3364 nobiscum
1662 3293 1811 3377 versari,
1837 3307 1871 3365 et
1888 3293 2096 3368 invocantes
2116 3298 2233 3391 ipsum,
2303 3325 2308 3339 ·‘

205 3439 285 3486 cnm
311 3405 469 3499 exempla
498 3399 670 3492 singulari
698 3395 904 3468 dexteritate
930 3397 974 3466 ad
1002 3395 1199 3487 praesentia
1250 3399 1295 3467 ab
1310 3421 1350 3466 eo
1368 3395 1499 3487 recipi,
1524 3396 1598 3486 regi
1613 3408 1647 3464 et
1663 3395 1810 3469 servari.
2303 3344 2308 3435 i

206 3514 350 3607 ”²8⁰⁶il
367 3507 608 3581 ¹i³fl⁸f⁰i0b²b
1351 3496 1430 3568 Hoc
1451 3500 1631 3568 decretum
1647 3492 1734 3582 Dei',
1764 3497 1858 3591 quod
1877 3491 2040 3571 homines
2055 3497 2164 3574 ἄθεοι
2187 3499 2233 3570 ia·

306 3609 540 3707 Eloquentiae
558 3627 641 3676 vero
657 3603 768 3696 ipsius
783 3613 950 3692 perpetua
967 3611 1199 3670 monumenta
1249 3601 1417 3672 bulosum
1433 3621 1507 3670 esse
1523 3599 1779 3684 rocilcrantur,
1805 3602 1973 3672 monebat
1988 3604 2232 3695 opponendum

205 3731 340 3794 extant:
367 3737 437 3810 qua
454 3709 599 3803 perluit
618 3702 712 3779 baud
731 3702 840 3776 dubie
857 3703 918 3788 iis,
942 3702 982 3771 in
998 3701 1199 3795 quibusvis
1249 3725 1323 3772 esse
1340 3698 1519 3773 humanae
1536 3700 1765 3784 dubitationi,
1790 3714 1824 3770 et
1841 3703 2031 3792 pavoribus
2046 3705 2110 3798 qui
2125 3706 2232 3775 deter-

204 3821 360 3896 oratoria
376 3837 512 3887 summa
530 3810 638 3900 lubae
650 3805 840 3880 existimat.
1249 3819 1329 3875 rent
1342 3806 1518 3895 fugientes
1532 3803 1690 3886 animos,
1717 3827 1787 3894 qno
1809 3803 1928 3874 minue
1943 3803 2109 3877 invocare
2126 3804 2233 3878 Deum

306 3920 433 3992 Talem
457 3915 575 3984 virum
598 3906 795 3990 autumavi
825 3901 959 3994 ingenii
985 3904 1199 3994 praeditum,
1250 3907 1385 3988 ausint,
1410 3929 1474 3976 nec
1489 3905 1713 3998 acquiescant
1729 3901 1768 3974 in
1782 3901 1868 3974 Deo.

205 4031 417 4100 intlmtlum
433 4015 604 4097 docirlssds
630 4011 736 4100 ¹⁰¹¹d⁰
755 4030 823 4078 ¹1⁸ss
840 4003 1082 4092 “esthamma
1105 4007 1199 4078 mul·
1350 4003 1491 4076 Deinde
1517 4007 1661 4096 angelos
1682 4007 1910 4076 ascendentes
1932 4019 1967 4078 et
1990 4008 2231 4078 descendentes

205 4133 251 4202 tis
265 4121 518 4197 excellentibus
534 4129 568 4186 ct
578 4110 735 4188 heroicis
752 4107 942 4182 virtutibus
957 4121 1135 4194 ornatum,
1158 4131 1198 4178 ac
1250 4109 1290 4180 in
1304 4103 1439 4179 Christi
1460 4131 1630 4200 corpore,
1653 4107 1836 4178 ministros
1850 4102 2037 4198 Evangelii
2056 4131 2130 4186 esse
2145 4110 2230 4180 dice-

205 4228 316 4309 aDeo
338 4227 382 4296 ad
403 4219 579 4294 Ecclesiae
603 4212 895 4286 instaurationem
915 4209 1109 4296 delectum,
1135 4211 1198 4280 de·
1249 4212 1321 4296 bat,
1338 4210 1401 4304 qui
1417 4209 1573 4302 primum
1588 4211 1679 4279 duce
1691 4205 1834 4280 Christo
1849 4212 2045 4281 ascendunt
2059 4214 2104 4282 ad
2115 4209 2230 4292 Deum,
2308 4225 2310 4286 t

204 4334 315 4426 nique
338 4323 558 4416 complexum
586 4338 650 4388 nos
673 4337 796 4386 omnes
818 4325 966 4406 paterno
989 4311 1130 4396 animo,
1155 4335 1198 4380 ex
1249 4325 1286 4384 ct
1303 4313 1413 4383 ab'eo
1430 4309 1617 4401 Evangelii
1634 4312 1749 4382 lucem
1765 4325 1799 4381 et
1816 4307 1990 4403 Spiritum
2006 4327 2164 4386 sanctum
2179 4335 2229 4381 ae·
2308 4289 2310 4426 Ι

205 4433 273 4508 hac
303 4442 423 4501 nostra
448 4419 705 4494 consuetudine
737 4429 920 4488 evocatum
950 4435 1041 4498 csse,
1077 4427 1197 4486 nostra
1249 4414 1398 4506 cipiunt.
1424 4423 1427 4430 '
1451 4411 1576 4484 Postea
1599 4435 1684 4483 vero
1707 4413 1947 4499 descendunt,
1972 4413 2008 4484 id
2031 4429 2101 4502 est,
2130 4412 2228 4484 mini.
2309 4437 2310 4532 p

204 4559 306 4608 cansa
323 4530 450 4606 merito
466 4526 637 4596 dolemus.
690 4517 821 4589 Sumus
836 4514 931 4586 enim
948 4513 1123 4584 simillimi
1138 4537 1198 4584 or·
1248 4517 1355 4587 sterio
1372 4515 1524 4586 docendi
1539 4515 1635 4586 inter
1647 4509 1812 4584 homines
1827 4515 2037 4604 iunguntur.

204 4635 334 4734 phanis
352 4625 542 4726 praestanti
561 4637 596 4693 et
611 4619 707 4691 fideli
730 4633 828 4711 patre
844 4615 970 4688 orbati.
1028 4613 1098 4687 Sed
1114 4616 1197 4708 quia
1351 4615 1518 4689 Addebat
1533 4629 1650 4686 autem
1667 4611 1758 4686 hanc
1772 4617 2108 4708 interpretationem,
2132 4617 2225 4690 etiam

205 4743 281 4821 Deo
308 4739 552 4824 obtemperare
577 4745 717 4793 necesse
743 4733 812 4801 est,
845 4718 1051 4788 memoriam
1078 4729 1197 4787 tamen
1249 4719 1331 4790 illos
1345 4719 1439 4811 ipsos
1454 4717 1599 4809 spiritns
1612 4718 1799 4802 coelestes,
1824 4739 1914 4810 quos
1934 4719 2061 4790 usitate
2074 4739 2226 4790 vocamus

204 4847 378 4914 virtutum
395 4847 430 4906 et
450 4827 705 4902 beneficiorum
728 4821 838 4912 ipsius
859 4821 953 4912 apud
971 4843 1037 4890 nos
1052 4819 1198 4890 interire
1249 4821 1393 4912 angelos
1415 4821 1592 4891 intuentes
1615 4817 1653 4886 in
1669 4819 1802 4904 lilium,
1829 4818 1964 4888 crudiri
1985 4833 2021 4892 et
2037 4820 2155 4892 laetari
2169 4815 2225 4890 hac

204 4969 279 5016 non
296 4944 463 5012 sinamus.
515 4931 567 5004 Ac
581 4927 650 5019 ipsi
663 4926 805 5021 quidem
818 4921 1037 5018 gratulemur
1057 4921 1127 4992 iam
1144 4922 1198 4990 ia·
1249 4923 1411 4992 miranda
1435 4921 1659 5012 copulatione
1676 4921 1827 4990 duomm
1851 4934 2077 4993 naturarum:
2103 4936 2136 4993 ct
2155 4943 2224 4992 cum

205 5047 379 5120 mutarem
394 5031 685 5110 ²1d⁰125⁸⁵3¹¹¹³m
701 5051 781 5098 ium
797 5023 873 5096 ΠΕΟ
890 5038 925 5094 ‘l
940 5024 1014 5093 fi¹5⁰
1029 5023 1105 5093 ²3⁰⁸
1121 5021 1198 5094 ΒΟ·
1249 5019 1358 5102 huius
1374 5023 1512 5094 domini
1533 5021 1666 5090 milites
1682 5019 1754 5090 sint
1777 5021 1816 5090 in
1832 5022 2037 5095 defensione
2051 5020 2224 5103 Ecclesiae,

204 5148 303 5220 mino
327 5155 449 5214 nostro
474 5135 554 5206 lesu
572 5127 736 5212 Christo,
765 5121 952 5218 Prophetis
968 5137 1001 5196 et
1016 5122 1198 5216 Apostolis
1249 5127 1350 5220 quasi
1367 5148 1475 5195 ntanu
1491 5123 1566 5192 eius
1583 5123 1775 5211 gubernari
1793 5146 1863 5194 eos.

205 5244 519 5320 consuetudinem,
553 5257 659 5328 quam
684 5230 812 5302 iiducia
835 5229 897 5298 lilii
920 5226 987 5298 Dei
1008 5251 1146 5318 semper
1163 5239 1197 5298 ct
1350 5223 1488 5302 Harum
1510 5223 1725 5314 optimarum
1743 5247 1862 5294 rerum
1878 5248 1974 5295 nunc
1991 5235 2222 5318 ,pecffloffig

205 5347 330 5442 petivit
347 5338 609 5432 etexpectavit,
632 5333 695 5404 ubi
712 5353 783 5401 non
799 5331 905 5398 modo
927 5329 1061 5398 indicio
1078 5327 1143 5398 Dei
1161 5341 1196 5398 et
1248 5342 1282 5402 et
1300 5341 1341 5400 ut
1354 5341 1455 5397 antea
1472 5327 1566 5396 inter
1579 5319 1767 5416 Evangelii
1787 5325 1968 5398 ministros
1980 5327 2180 5398 ascendebat
2193 5337 2222 5392 et

203 5443 417 5520 testimoniis
443 5439 628 5510 universae
656 5430 818 5504 coelestis
843 5427 1020 5500 Ecclesiae
1051 5429 1197 5522 probari
1247 5430 1482 5502 descendebat
1513 5428 1664 5506 ducente
1689 5421 1851 5503 Christo:
1892 5427 1940 5500 ita
1974 5451 2070 5502 nunc
2094 5425 2221 5522 angelos
