4718 5828
86 271 142 349 168
531 253 717 372 ,11ΕοΙὴ
753 267 828 342 DE
861 261 1141 342 ENCOMIO
1173 263 1598 345 FORMICARUM.
1870 322 1875 334 ,
2021 264 2098 345 154

82 449 161 541 gulae
181 465 260 515 suos
280 443 386 516 circs.
437 439 544 514 Nulla
565 455 639 514 mm
657 443 839 534 sapienter
857 441 1047 514 constituta
1097 443 1268 514 utilitates
1280 467 1348 532 pro
1360 442 1458 510 uirili
1471 443 1643 525 iuvemus,
1664 442 1738 512 imo
1754 441 1932 536 quidquid
1943 463 2094 528 aramus,

82 550 180 622 civitas
202 546 271 616 fuit
298 543 478 638 nuquam,
512 569 602 640 quae
632 549 677 615 ad
703 542 795 616 banc
818 547 1047 616 formicarum
1098 545 1273 639 quidquid
1295 545 1462 630 serimus,
1488 545 1672 648 quidquid·
1685 545 1869 630 metimus,
1895 547 1939 614 ad
1959 546 2093 636 patriae

81 649 215 745 politiam
238 647 392 718 conferri
402 647 532 739 possit.
580 644 772 718 Nemeum
788 647 929 718 nullum
946 648 1047 716 urbi·
1096 647 1287 718 utilitatem
1311 649 1537 718 referendum
1554 647 1894 718 esseexistimemus.
1929 645 2094 742 Denique
2210 701 2214 708 1

81 758 130 826 bus
147 773 316 820 venenum
336 750 522 820 nocentius
538 749 604 829 sit,
632 773 738 844 quam
755 751 892 831 ocium,
919 749 1047 818 videtis
1096 751 1195 820 illius
1215 751 1364 820 salutem
1387 773 1428 818 ac
1450 749 1746 842 tranquillitatem
1772 749 2010 841 antiquiorem
2034 749 2093 818 di-

80 853 151 926 baac
176 865 306 945 pestem
335 851 462 944 procul
489 851 536 922 ab
568 846 638 922 boc
667 851 882 922 animalculo
915 853 1046 922 abesse.
1097 854 1249 942 gnitate,
1275 875 1314 922 ec
1331 853 1442 922 salute
1459 865 1598 936 nostra,
1625 853 1805 922 ducamus.
1857 849 1961 922 Hanc
1978 853 2092 922 virtu-

81 957 243 1050 Nunquam
264 953 507 1024 ardentissimi
530 969 646 1025 aestus
662 977 682 1024 a
699 957 821 1024 labore
837 955 1047 1038 absterrent,
1096 970 1165 1026 tem
1183 955 1266 1024 licet
1280 955 1319 1022 in
1335 953 1493 1022 formicis
1510 977 1654 1022 cernere
1669 956 1713 1022 ad
1733 977 1957 1024 communem
1975 978 2092 1039 usum,

81 1069 252 1128 nonuoctu
269 1079 399 1126 vacuae
417 1068 518 1141 sunt,
543 1059 639 1150 quod
657 1069 797 1146 tempus
814 1057 893 1126 aliis
910 1056 1046 1126 anima·
1096 1056 1263 1126 adsiduas
1299 1079 1424 1147 operas
1460 1056 1736 1126 conferentibus.
1805 1051 1948 1126 Videris
1984 1081 2092 1149 quam

81 1163 153 1230 libus
168 1173 288 1230 natura
305 1159 350 1228 ad
368 1157 525 1251 quietem
540 1158 649 1232 dedit.
701 1157 784 1228 Non
801 1158 1047 1249 magnitudine
1096 1160 1289 1228 multarum
1311 1158 1484 1228 virtutum
1507 1159 1664 1250 exempla
1687 1158 1792 1226 uobis
1816 1155 1983 1238 formicae
2007 1183 2092 1249 pro-

82 1266 220 1333 itinerum
246 1274 309 1330 aut
338 1258 524 1350 asperitate
553 1260 691 1329 viarum
714 1260 901 1350 defatigari
924 1284 960 1330 se
984 1285 1048 1352 pa-
1096 1275 1252 1352 ponant,
1285 1261 1330 1330 ad
1360 1283 1467 1354 quam
1494 1260 1686 1351 imaginem
1709 1259 1739 1328 si
1762 1259 1952 1330 maximam
1973 1255 2093 1330 bomi-

82 1368 203 1436 tiuutur.
250 1361 324 1433 Sed
344 1383 448 1452 saepe
460 1385 501 1430 ex
515 1361 712 1456 longinquo
726 1363 945 1434 frumentum
962 1387 1048 1431 con·
1097 1389 1184 1434 num
1213 1377 1348 1453 partem
1380 1363 1590 1448 contuleris,
1622 1361 1923 1456 quotusquisque
1947 1358 2097 1441 erichis

81 1463 251 1536 vehendum
272 1477 336 1537 ast.
388 1462 501 1555 Saepe
520 1487 585 1554 per
602 1465 806 1554 confragosa
825 1489 904 1534 saxa
920 1487 1048 1555 magna
1097 1467 1289 1536 virtutibus
1311 1464 1516 1555 praeditus?
1566 1464 1763 1554 Bonapars
1779 1464 2092 1556 voluptatibusat-

82 1571 224 1659 rigrana
249 1567 290 1635 in
319 1567 487 1636 adversos
517 1580 656 1636 montes
682 1569 929 1658 protrudenda
953 1580 1047 1640 sunt.
1097 1593 1166 1660 quc
1189 1569 1266 1638 ocio
1285 1565 1415 1651 dediti,
1445 1568 1546 1636 nulla
1563 1569 1658 1636 dere
1674 1567 1713 1636 in
1730 1567 1918 1638 omnivita
1936 1573 2099 1642 suntab--

33 1663 34 1674 ¹
83 1669 121 1742 lta
144 1693 256 1740 omnes
286 1669 530 1752 difficultates,
563 1691 638 1737 non
668 1670 800 1740 virium
826 1670 1047 1760 magnitudo,
1096 1670 1206 1754 liciti,
1232 1693 1338 1762 quarn
1362 1670 1406 1738 de
1430 1670 1596 1738 convivio
1617 1671 1840 1760 adparando,
1866 1682 1925 1740 aut
1947 1666 2093 1740 aliis'si-

81 1797 137 1843 non
155 1770 307 1864 corporis
330 1770 458 1854 moles,
483 1771 544 1840 sed
569 1771 681 1839 animi
694 1772 807 1841 robur
823 1785 856 1841 et
872 1771 1047 1842 industria
1097 1772 1243 1841 milibus
1269 1771 1512 1861 voluptatibus
1534 1771 1793 1862 comparandis.
1847 1770 1981 1846 Seneca
2006 1770 2093 1840 scri-

82 1889 211 1966 superat,
250 1886 293 1942 ut
318 1873 487 1964 adpareat
515 1867 575 1942 hic
604 1873 710 1944 etiam
742 1897 865 1944 verum
896 1897 971 1944 esse
998 1873 1047 1954 id,
1097 1876 1167 1958 bit,
1192 1873 1388 1943 Pacuvium
1402 1875 1579 1966 quendam
1597 1887 1797 1964 praetorem
1809 1873 1958 1967 inSyria
1974 1873 2095 1956 fuisse,

83 1978 156 2070 quod
181 1988 228 2045 est
257 1975 355 2066 apud
379 1972 601 2044 Historicum
631 1977 826 2068 quendam,
859 1971 954 2046 nihil
974 1989 1046 2044 tam
1097 1977 1157 2070 qui
1173 1975 1333 2068 quotidie
1349 1975 1535 2065 splendide
1550 1976 1776 2060 convivatus,
1803 1999 1883 2046 curn
1897 2000 1934 2048 se
1949 1977 2092 2068 copioso

82 2080 168 2148 altum
187 2101 204 2146 a
224 2089 352 2158 natura
375 2076 608 2146 constitutum
630 2099 724 2162 esse,
750 2101 822 2171 quo
844 2101 919 2146 non
938 2077 1048 2170 possit
1096 2079 1181 2147 vino
1200 2080 1245 2146 de
1261 2077 1319 2146 die
1336 2077 1603 2167 ingurgitasset,
1627 2078 1754 2148 solitus
1769 2077 1816 2148 sit
1831 2079 1970 2168 vesperi
1983 2078 2095 2148 funus

81 2181 170 2249 virtus
191 2177 289 2249 eniti.
342 2175 426 2248 Non
447 2177 677 2254 dubiumest
701 2191 837 2262 autem,
873 2203 983 2272 quum
1007 2191 1049 2248 ut
1097 2181 1165 2248 sibi
1197 2181 1385 2270 aclparare,
1420 2203 1594 2250 accersere
1621 2180 1804 2266 tibicines,
1837 2180 1901 2272 qui
1925 2182 2095 2252 funebres

82 2283 175 2352 onnia
188 2305 227 2350 ex
241 2279 322 2352 ocio
338 2279 425 2349 vitia
442 2292 657 2366 noscuntur,
681 2281 729 2350 ita
746 2281 847 2350 labor
862 2282 1048 2373 plerasque
1096 2283 1221 2350 modos
1244 2293 1430 2366 canerent,
1455 2295 1490 2352 et
1515 2277 1583 2350 boc
1605 2305 1716 2371 genus
1738 2283 1807 2352 alia
1829 2307 1953 2352 curare
1976 2284 2020 2352 ad
2035 2283 2095 2352 fu-

82 2379 311 2473 pulchcrrimas
332 2381 481 2452 virtutes
500 2379 632 2470 gignat.
699 2381 857 2452 Proinde
881 2407 946 2452 nec
970 2406 1048 2450 cae-
1097 2382 1357 2473 nerisspeciem
1374 2385 1720 2472 repraesentandam.
1754 2380 2094 2454 Acoenacumiam
2151 2459 2159 2470 ,

82 2500 154 2554 terae
166 2485 310 2554 virtutes
325 2484 454 2554 desunt
466 2475 551 2552 buic
566 2483 699 2572 generi.
753 2483 844 2572 Quis
861 2485 955 2552 enim
972 2507 1048 2552 uon
1098 2485 1271 2555 sustinere
1294 2507 1331 2554 se
1355 2485 1475 2554 ebrius
1495 2509 1570 2554 non
1588 2499 1724 2576 posset,
1749 2487 1897 2556 iubebat
1911 2511 1947 2556 se
1963 2485 2094 2556 lectulo

81 2589 158 2657 videt
176 2587 388 2678 singularem
411 2584 571 2656 iusticias
593 2585 814 2656 intellectum
833 2587 871 2655 in
886 2587 937 2656 eis
951 2587 1049 2656 esse?
1097 2587 1320 2678 impositum,
1347 2599 1517 2679 tanquam
1545 2589 1654 2657 funus
1684 2589 1810 2658 inferri
1829 2589 1867 2658 in
1889 2585 2094 2660 cubiculum

83 2690 145 2782 quia
161 2703 267 2759 certos
285 2687 361 2758 dies
376 2687 599 2757 constituunt
616 2689 910 2777 recognoscendis
925 2687 1047 2756 oneri·
1097 2703 1131 2758 et
1161 2690 1296 2759 cantari
1323 2688 1492 2758 funebres
1515 2691 1657 2760 modos:
1691 2685 1873 2785 βεβίωται
1899 2683 2096 2786 βεβίωταις

82 2793 146 2877 hus,
168 2806 205 2862 ut
230 2791 360 2884 cuique
388 2788 522 2879 agmini
545 2811 650 2858 suurn
674 2801 795 2863 tenere
815 2791 892 2858 siue
915 2789 1047 2858 iniuria
1098 2789 1281 2861 Iudicabat
1304 2791 1400 2858 euim
1422 2791 1661 2862 eumdemum
1679 2793 1774 2862 diem
1792 2793 2096 2883 praeclarcsevi-

33 2899 35 2996 l
82 2893 171 2968 liccat.
217 2891 337 2966 Facite
367 2905 419 2962 est
438 2891 544 2960 enim
573 2892 618 2960 ab
638 2891 755 2962 alieno
780 2892 956 2962 abstinere
980 2885 1048 2972 his,
1097 2893 1208 2974 risse,
1234 2912 1304 2985 quo
1327 2893 1376 2964 ita
1397 2905 1488 2962 esset
1511 2894 1735 2964 convivatus:
1762 2918 1827 2964 nec
1849 2896 2000 2969 ducebat
2020 2917 2095 2966 csse

83 2995 186 3087 quibus
206 2996 245 3068 in
264 3017 329 3066 sua
348 2994 480 3064 virtute
495 2993 743 3088 industriaque
758 3019 835 3084 spes
854 2994 966 3086 posita
982 3005 1046 3077 est,
1098 2995 1206 3065 vitam
1237 2995 1506 3086 adpellandam,
1552 3019 1632 3065 cum
1663 3020 1738 3066 non
1767 2997 1889 3068 liceret
1917 2996 2095 3068 eiusmodi

83 3097 184 3166 sedilli
196 3099 256 3192 qui
272 3121 353 3167 cum
368 3119 433 3189 per
448 3095 571 3166 lurum
584 3107 690 3188 atque
705 3097 873 3166 libidines
886 3119 947 3166 sua
958 3095 1048 3164 effu-
1097 3097 1342 3187 voluptatibus
1365 3097 1512 3188 perfrui.
1565 3095 1656 3185 Quis
1674 3122 1750 3168 non
1773 3111 1903 3170 statuat
1923 3101 2004 3192 plus
2022 3123 2095 3170 esse

84 3201 202 3286 demut,
240 3213 363 3293 postea
398 3197 575 3268 rationem
607 3197 752 3282 ineunt,
792 3199 972 3291 quomodo
1004 3199 1047 3268 dc
1098 3199 1227 3270 mentis
1250 3199 1442 3284 formicae,
1467 3223 1573 3292 quam
1598 3195 1682 3270 huic
1701 3199 1877 3288 Pacuvio,
1899 3204 1961 3296 qui
1984 3203 2095 3277 vitam

84 3300 172 3372 alieno
192 3299 395 3374 belnentur.
453 3297 551 3368 Hinc
573 3299 612 3368 in
635 3300 837 3370 civitatibus
859 3324 972 3369 novae
994 3313 1048 3369 ta·
1099 3297 1237 3370 bomini
1260 3296 1353 3370 banc
1369 3325 1477 3372 unam
1496 3303 1540 3370 ad
1557 3325 1651 3388 rem,
1678 3304 1723 3372 ad
1737 3306 1913 3395 pecudum
1930 3305 2096 3398 volupta-

84 3402 162 3473 bulac
194 3404 390 3495 flagitatae,
435 3401 528 3472 bella
564 3401 682 3470 civilia
708 3417 743 3474 et
769 3401 1049 3472 innumerabilia
1099 3417 1151 3474 tes
1172 3403 1424 3493 perfruendas,
1451 3405 1570 3474 datam
1589 3407 1853 3476 essecredidit?
1904 3403 1952 3476 Et
1969 3431 2096 3500 quam-

84 3504 133 3574 alia
148 3505 245 3592 mala,
270 3528 363 3599 quae
378 3503 509 3572 civium
526 3502 703 3572 discordia
719 3505 830 3596 parit,
854 3517 935 3574 nata
953 3516 1046 3574 sunt.
1098 3506 1152 3574 vis
1166 3505 1365 3595 exemplum
1375 3503 1521 3574 Pacuvii
1534 3506 1573 3574 in
1585 3508 1710 3576 funere
1725 3508 1887 3578 faciendo
1902 3531 1977 3578 non
1989 3510 2096 3580 multi

85 3603 158 3693 Quid
188 3621 306 3679 autem
344 3607 388 3676 de
416 3604 633 3696 parsimonia
660 3604 890 3675 formicarum
921 3605 1047 3690 dicam,
1099 3606 1305 3695 imitentur,
1333 3608 1459 3695 dogma
1480 3613 1598 3676 tamen
1620 3605 1690 3678 boc'
1703 3611 1923 3698 praeclarum
1941 3612 2094 3682 maxima

85 3710 200 3798 quaein
218 3705 291 3780 hoc
310 3707 604 3798 generemaxime
621 3707 803 3780 cernitur?
852 3705 934 3777 Non
951 3706 1047 3774 enim
1098 3729 1181 3800 pars
1202 3703 1390 3776 bominum
1413 3708 1619 3798 profitetur,
1641 3710 1702 3804 qui
1725 3707 1821 3780 nibil
1843 3712 1882 3783 in
1903 3712 2004 3782 omni
2021 3713 2096 3784 vita

84 3821 192 3880 tautum
213 3813 251 3881 in
275 3831 442 3903 praesens
465 3807 534 3878 sibi
555 3809 765 3894 consulant,
800 3811 861 3878 sed
885 3833 1047 3900 compar·
1099 3810 1248 3899 dignum
1273 3803 1420 3880 bomine
1439 3810 1638 3902 suscipiunt
1654 3836 1695 3882 ac
1712 3827 1856 3902 gerunt,
1882 3815 1997 3884 sedin
2015 3813 2094 3886 ocio

84 3927 161 3998 mut,
183 3927 214 3984 et
234 3911 460 4007 prospiciunt
481 3909 550 3980 sibi
569 3910 801 3981 infuturum:
828 3935 919 4004 quae
934 3912 1047 3983 virtus
1101 3925 1136 3982 et
1156 3912 1251 3992 inter
1271 3913 1399 4002 pocula
1422 3913 1609 3984 temulenti
1631 3925 1779 3984 aetatem
1799 3916 1955 4006 erigunt.
2022 3915 2095 3988 Sed

86 4035 144 4081 cun
169 4039 226 4106 per
260 4037 338 4086 sese
367 4035 494 4102 magna
523 4011 570 4083 sit
597 4025 632 4082 et
654 4014 894 4097 admirabilis,
926 4027 1047 4084 tamen
1100 4014 1270 4107 quoniam
1292 4037 1461 4086 sanorum
1485 4010 1672 4086 bominum
1697 4016 1850 4102 iudicio,
1873 4033 2013 4091 ventres
2035 4019 2095 4092 isti

85 4105 136 4183 boc
149 4118 242 4188 ctiam
261 4115 398 4209 gratior
413 4137 487 4184 esse
502 4114 606 4185 debet
620 4115 806 4200 omnibus,
832 4116 928 4209 quod
945 4115 1047 4185 iusti·
1099 4140 1174 4186 non
1198 4109 1379 4197 homines,
1406 4118 1467 4185 sed
1485 4117 1603 4186 verius
1619 4130 1778 4189 monstra
1795 4114 1982 4192 bominum
1999 4135 2095 4204 sunt,

86 4213 139 4285 ciac
153 4220 256 4291 veluti
278 4231 396 4288 custos
417 4232 478 4287 est.
531 4213 654 4308 Neque
675 4219 771 4286 enim
791 4218 943 4287 tolerare
964 4215 1047 4286 infi·
1099 4217 1223 4286 desino
1239 4217 1405 4287 formicas
1418 4241 1498 4288 cum
1514 4213 1570 4287 bis
1584 4219 1763 4305 conferre,
1789 4244 1879 4312 quos
1893 4235 1968 4292 non
1985 4225 2093 4310 modo

86 4317 154 4388 uitos
167 4322 243 4392 illos
262 4333 426 4412 sumptus
441 4319 519 4390 sinc
536 4318 654 4388 alieno
670 4320 872 4399 decoctores
889 4332 1047 4410 possunt,
1097 4319 1327 4388 formicarum
1350 4319 1528 4410 exempla,
1554 4321 1615 4390 sed
1639 4323 1847 4416 necquidcm
1863 4325 2026 4415 publicae
2042 4325 2095 4394 le-

86 4420 128 4487 sed
139 4422 232 4514 longe
244 4422 452 4514 dignissima
468 4421 566 4490 bono
580 4419 656 4489 cive
671 4421 785 4493 virtus
798 4435 867 4506 est,
894 4420 934 4489 in
948 4445 1047 4490 com-
1097 4443 1158 4510 ges
1173 4420 1357 4491 sanitatem
1373 4445 1539 4490 revocare
1553 4437 1713 4514 possunt.
1748 4423 1855 4496 Nulla
1868 4439 1985 4497 autem
2000 4428 2095 4498 inter

85 4540 166 4592 mune
184 4549 371 4620 quaerere,
400 4538 436 4595 et
457 4521 662 4594 communia
684 4524 778 4594 bona
801 4547 938 4594 summa
961 4523 1047 4592 dili·
1098 4545 1223 4593 omnes
1242 4523 1366 4592 laudes
1385 4523 1615 4594 formicarum
1632 4527 1785 4617 amplior
1802 4551 1875 4598 esse
1888 4524 1978 4600 mibi
1993 4529 2094 4600 vide·

86 4625 174 4708 auda
195 4651 331 4719 augere.
383 4624 485 4715 Quae
506 4647 563 4694 res
577 4623 673 4694 enim
690 4626 759 4695 alia
776 4626 943 4695 omnibus
958 4625 1047 4694 civi·
1097 4638 1176 4709 tur,
1201 4649 1306 4718 quam
1328 4649 1367 4694 ea
1388 4651 1478 4719 quae
1499 4629 1594 4718 apud
1609 4626 1842 4699 Salomonem
1857 4644 1927 4720 est;
1952 4632 1982 4701 is
1997 4633 2093 4704 enim

87 4727 188 4798 latibus
208 4730 314 4802 exitio
338 4741 409 4813 cst,
436 4751 542 4822 quam
565 4727 662 4820 quod
684 4727 821 4817 privata
837 4729 952 4808 hona,
977 4751 1047 4818 pu·
1097 4726 1232 4820 inquit:
1257 4727 1423 4796 formicas
1446 4753 1521 4798 non
1545 4731 1653 4798 modo
1670 4732 1815 4820 stultos,
1842 4735 1903 4802 sed
1918 4735 2093 4824 sapientes

87 4821 381 4903 blicisutilitatibus
393 4829 555 4924 plerique
567 4849 691 4898 omnes
704 4830 927 4900 anteferunt?
978 4825 1047 4900 At·
1097 4829 1232 4899 anteire
1254 4831 1454 4920 prudentia.
1507 4829 1630 4924 Neque
1653 4855 1737 4921 ego,
1763 4834 1833 4904 nisi
1857 4848 1926 4906 tam
1949 4859 2093 4926 gravem

87 4929 131 5018 qui
148 4931 191 5003 ita
212 4935 344 5006 sentire
363 4955 431 5002 nos
453 4930 630 5024 oportuit,
655 4933 824 5025 quoniam
842 4932 976 5022 patriae
990 4953 1047 5001 sa-
1096 4945 1256 5002 autorem
1282 4925 1446 5002 haberem
1453 4983 1466 5016 ,
1493 4935 1659 5002 auderem
1684 4930 1753 5004 boc
1769 4939 1985 5026 paradoxum
2000 4939 2095 5012 iuter

88 5025 156 5118 lute,
180 5051 297 5108 nostra
320 5035 415 5106 salus
438 5035 661 5119 continetur,
687 5046 723 5103 et
745 5036 914 5127 quoniam
937 5033 1005 5125 ipsi
1026 5055 1046 5104 a
1097 5033 1321 5104 doctissimos
1344 5029 1507 5104 homines
1533 5035 1662 5106 dicere.
1730 5035 1800 5117 Sed
1821 5039 1906 5132 quia
1925 5041 2094 5114 formica.

88 5134 171 5216 pana
191 5139 228 5207 in
252 5161 322 5233 qua
345 5137 440 5216 nati,
473 5134 632 5220 educati,
665 5137 713 5205 ad
732 5130 989 5210 humanitatem
1012 5143 1051 5206 e't·
1095 5158 1177 5206 rum
1202 5136 1324 5205 laudes
1345 5135 1511 5226 colligere
1530 5137 1688 5222 institui,
1713 5142 1872 5212 nonfuit
1886 5136 1972 5214 baec
1988 5167 2093 5235 prae·

88 5232 261 5324 ‘didonem
284 5239 440 5310 instituti
468 5261 609 5322 sumus,
642 5238 743 5309 cuius
773 5240 910 5330 legibus
935 5237 1045 5308 vitam
1096 5239 1279 5320 tereunda,
1304 5239 1510 5328 praesertim
1525 5263 1607 5310 cram
1623 5253 1714 5310 esset
1728 5243 1958 5331 amplissima.
1992 5244 2093 5334 Quid

88 5349 211 5410 aunam
224 5365 264 5412 ac
277 5343 442 5412 fortunae
457 5339 697 5427 defendimus,
721 5355 794 5412 tam
808 5342 920 5414 multa
934 5342 1047 5410 bene-
1094 5340 1227 5412 audio?
1251 5341 1419 5412 omnibus
1435 5335 1739 5433 Philosophorum
1754 5338 1898 5426 scholis,
1924 5332 2094 5423 manibus

87 5431 143 5508 ficia
158 5443 366 5536 accepimns,
390 5465 544 5539 aequum
566 5463 658 5527 esse,
681 5455 725 5514 ut
741 5466 808 5514 nos
824 5443 930 5517 etiam
946 5443 1045 5516 illius
1092 5439 1318 5536 Rerumpub.
1336 5443 1654 5532 gubernatoribus,
1679 5445 1836 5540 denique
1853 5447 2022 5526 omnibns
2036 5473 2093 5524 sa-
