4616 5816
220 238 294 314 cua
396 197 399 210 '
891 221 1048 317 nuuc.
1080 218 1158 298 nu
1188 219 1587 301 nreeoccsrc
2171 229 2235 312 sq

219 414 259 484 in
277 406 374 482 bunc
391 405 508 478 virum
533 413 606 478 tota
626 410 766 483 mente,
794 409 940 492 totoque
954 395 1074 468 animo
1090 395 1210 468 intuc-
1361 393 1458 470 Haec
1485 417 1551 468 nos
1574 395 1691 468 obiter
1712 409 1853 472 tantum
1876 398 2059 485 diximus,
2079 404 2124 474 ad
2145 405 2236 476 casti-

220 512 329 582 mini:
356 523 389 579 et
405 532 483 578 cum
500 503 698 578 doctrinam
713 498 825 592 ipsius
846 499 1035 588 diligenter
1051 497 1212 584 meante,
1262 499 1415 590 gandam
1428 497 1617 590 segniciem
1632 494 1740 572 buius
1752 501 1892 586 aetatis,
1917 526 2006 595 quae
2026 503 2072 572 ita
2095 521 2237 578 versatm

220 629 297 686 tum
317 635 399 680 vero
420 609 525 678 etiam
549 603 747 695 exemplum
771 599 980 694 sequimini,
1012 624 1052 670 ac
1069 597 1211 672 statuite
1263 599 1454 674 inertibus
1474 599 1592 670 omnir
1613 603 1771 692 generis,
1796 626 1871 676 uon
1896 617 1935 676 ut
1949 604 2099 676 solidam
2121 609 2237 676 doctri·

221 717 266 786 ad
282 711 529 782 excercendam
547 703 765 776 Medicinam
786 725 861 771 non
882 703 997 772 sulum
1015 700 1135 770 afferri
1148 703 1212 770 de·
1262 725 1345 772 narn
1360 701 1546 796 pereipiat,
1571 704 1631 772 sed
1644 717 1683 774 ιιι
1697 703 1903 798 opinionem
1916 707 2095 798 quandam
2108 707 2238 794 auferat,

221 821 304 888 bere
320 815 480 901 vulgares
497 807 777 890 observationes,
800 817 861 873 aut
875 803 1129 898 experimenta,
1149 801 1211 872 sed
1263 827 1332 896 qua
1346 826 1383 876 se
1399 803 1555 874 venditet
1566 805 1661 896 apud
1677 803 1873 896 imperitos.
1924 803 1973 880 At
1990 829 2030 878 ea
2049 807 2169 899 opinio
2182 804 2239 880 bo-

220 917 333 987 multo
350 913 459 1004 magis
472 909 645 980 rationem
661 929 701 975 ae
712 905 927 986 doctrinam,
954 904 991 974 id
1005 905 1102 998 quod
1118 899 1212 996 Hip·
1263 903 1401 976 minum
1427 905 1551 976 leviter
1573 906 1758 976 doctorum
1785 907 1823 974 in
1846 922 1966 980 nostra
1997 910 2141 1002 quidem
2167 934 2239 1000 pro-

222 1031 380 1112 pocrates
397 1029 431 1085 et
447 1011 621 1104 praestitit
642 1009 716 1100 ipse
731 1007 911 1100 princeps,
938 1021 972 1076 et
987 1019 1028 1076 ut
1050 1005 1143 1076 idem
1158 1005 1212 1074 la·
1262 1005 1414 1078 sessione
1428 1006 1622 1098 plurimum
1644 1007 1746 1078 affert
1769 1007 1937 1100 periculi,
1962 1033 2024 1080 seu
2046 1025 2086 1082 ut
2108 1011 2239 1082 liberius

221 1121 318 1190 ciant
341 1117 403 1185 alii
422 1113 628 1206 gravissime
646 1109 836 1201 praecipit,
868 1122 903 1178 et
926 1107 1069 1200 quidem
1095 1105 1213 1200 inquit
1264 1105 1351 1176 dicit
1364 1103 1597 1200 Hippocrates
1618 1109 1809 1200 perniciem
1834 1112 1947 1182 adlert
1970 1105 2045 1195 bis,
2077 1111 2140 1204 qui
2166 1112 2239 1182 tales

221 1219 404 1293 Medicum
427 1211 685 1305 Philosophum
711 1209 827 1280 virum
846 1210 1009 1281 divinum
1034 1231 1125 1294 esse,
1150 1229 1212 1276 seu
1264 1209 1468 1286 consulunt.
1527 1205 1626 1280 ldem
1649 1210 1754 1280 video
1775 1211 1932 1284 accidere
1954 1213 1993 1282 in
2015 1213 2097 1282 aliis
2120 1214 2239 1304 proles-

221 1337 262 1393 ut
283 1321 394 1414 ipsius
416 1317 563 1386 verbum
598 1311 812 1404 exprimam,
845 1309 922 1380 Deo
947 1309 1110 1382 similem.
1170 1305 1212 1377 ld
1264 1310 1434 1382 sionibus.
1951 1370 1956 1378 .

221 1437 313 1495 certe
329 1423 375 1491 ob
392 1441 467 1488 eam
482 1439 619 1486 causam
637 1413 740 1491 dicit,
766 1425 806 1483 ut
822 1407 984 1482 hortetur
999 1433 1065 1480 nos
1087 1413 1212 1492 adnm
1362 1408 1487 1484 Redeo
1503 1411 1619 1502 'igitur
1646 1411 1691 1482 cd
1718 1409 1990 1506 Hippocratem,
2024 1409 2132 1486 buius
2154 1416 2238 1508 sequi

170 1522 173 1530 ’
221 1540 321 1596 turae
335 1536 368 1592 et
384 1543 565 1590 causarum
582 1515 839 1604 cognitionem,
865 1537 954 1605 quae
969 1538 1047 1583 cum
1063 1511 1136 1601 ipsa
1151 1534 1213 1602 per
1264 1505 1514 1584 authoritatem
1531 1536 1593 1584 vos
1608 1514 1795 1606 praecipue
1817 1516 1933 1599 decet,
1958 1517 2021 1608 qui
2036 1517 2238 1588 Medicinam

222 1649 294 1696 sese
309 1647 363 1693 res
380 1619 573 1704 eiusmodi,
599 1613 692 1686 nihil
709 1631 748 1686 ut
764 1615 967 1705 contingere
983 1611 1120 1683 homini
1137 1637 1213 1682 me·
1264 1613 1489 1706 profitemini.
1547 1611 1617 1686 Hic
1639 1637 1702 1684 vos
1724 1629 1759 1688 et
1777 1628 1880 1686 vocat
1892 1617 1938 1685 ad
1953 1619 2103 1690 solidam
2122 1617 2239 1689 doctri·

222 1729 310 1804 lius‚
336 1748 376 1793 ac
399 1722 557 1792 divinius
579 1719 708 1812 possit,
739 1729 814 1787 turn
840 1741 923 1785 vero
948 1717 994 1786 ita
1017 1713 1211 1785 necessaria
1265 1738 1367 1796 nam,
1393 1729 1428 1785 et
1445 1714 1610 1788 instruxit
1635 1715 1708 1784 suis
1724 1717 1970 1788 eruditissimis
1985 1719 2136 1813 scriptis.
2183 1719 2238 1790 lic

223 1843 275 1900 est
295 1827 333 1894 in
357 1824 548 1893 exercenda
573 1833 665 1905 arte,
697 1831 737 1888 ut
764 1817 836 1903 illi,
862 1817 924 1910 qui
950 1841 1023 1886 non
1040 1813 1213 1886 adhibent
1264 1815 1409 1906 dignus,
1433 1841 1538 1910 quem
1551 1830 1696 1909 propter
1708 1817 1843 1908 ingenii
1860 1817 2102 1908 divinitatem,
2128 1835 2238 1892 etma-

223 1927 438 2008 doctriuam,
463 1921 659 2005 carnifices,
684 1945 758 1989 non
777 1917 911 1988 Medici
931 1917 1113 1988 iudicandi
1130 1917 1212 1988 sint.
1264 1917 1359 1989 xima
1378 1917 1518 2004 merita,
1544 1932 1578 1990 et
1593 1941 1750 1990 amemus
1768 1932 1803 1990 et
1817 1921 2070 2010 praedicemus.
2124 1920 2237 1994 Aere-

221 2031 303 2103 Non
320 2028 416 2097 enim
438 2025 514 2094 lieri
539 2035 653 2115 potest
680 2021 719 2090 in
742 2033 838 2090 tanta
861 2043 1066 2102 causarum,
1092 2031 1128 2088 et
1143 2019 1213 2088 cir·
1265 2033 1355 2090 teres
1371 2020 1514 2112 quidem
1532 2043 1596 2091 suo
1616 2043 1715 2090 more
1734 2021 1933 2092 retulerunt
1948 2048 2027 2094 eum
2044 2026 2139 2096 inter
2152 2023 2238 2108 Deos,

222 2127 513 2204 cumstantiarum
539 2125 727 2207 varietate,
760 2133 801 2191 ut
816 2121 909 2191 idem
934 2119 1213 2212 experimentum
1264 2122 1359 2212 quod
1380 2144 1489 2210 genus
1510 2115 1658 2192 honoris
1681 2115 1860 2194 habehant
1882 2127 2237 2199 tantumsummisvi·

221 2234 356 2325 ubique
376 2229 506 2312 valeat,
540 2225 736 2319 quodcum
759 2247 833 2292 non
854 2223 900 2293 sit
920 2223 1129 2305 obscurum,
1160 2233 1214 2290 ta·
1265 2213 1332 2302 ris,
1358 2235 1393 2291 et
1407 2223 1539 2313 optime
1554 2223 1688 2292 meritis
1702 2225 1746 2292 de
1764 2219 1918 2312 humane
1932 2250 2068 2318 genere.
2122 2226 2237 2315 Quales

223 2355 305 2404 men
329 2331 358 2401 si
382 2353 486 2424 quem
513 2325 608 2396 nibil
631 2321 717 2395 haec
741 2325 963 2395 eruditorum
987 2323 1119 2394 iudicia
1135 2347 1214 2392 rno-
1265 2322 1397 2392 luerint
1412 2345 1544 2409 mores,
1569 2323 1670 2394 lacile
1685 2337 1736 2394 est
1748 2325 1938 2412 iudicium,
1964 2329 2063 2398 nulla
2081 2329 2235 2422 prolessio

225 2447 324 2518 vent,
347 2429 503 2521 exempla
517 2428 730 2512 consideret,
754 2427 894 2519 qualem
906 2423 1146 2495 carnificinam
1161 2423 1214 2492 illi
1266 2423 1345 2515 plus
1367 2417 1473 2494 habet
1495 2419 1742 2506 humanitatis,
1775 2450 1881 2520 quam
1904 2443 2044 2510 nostra,
2069 2431 2153 2524 quia
2173 2429 2236 2520 opi-

223 2536 341 2608 sicarii
363 2544 561 2614 exerceant,
592 2553 707 2621 neque
729 2527 824 2596 enim
850 2540 910 2596 aut
931 2549 1009 2596 rara
1027 2539 1128 2610 sunt,
1153 2539 1215 2594 aut
1264 2523 1399 2595 tulatur
1414 2524 1521 2596 vitae:
1547 2549 1588 2596 ac
1603 2549 1650 2596 ne
1668 2525 1744 2596 lieri
1765 2528 1909 2622 quidem
1927 2545 2058 2620 potest,
2085 2532 2171 2625 quin
2186 2525 2236 2598 bu-

185 2665 189 2672 ·
224 2640 374 2710 obscura
392 2633 475 2703 talia
492 2631 660 2723 exempla.
713 2625 766 2700 Ac
780 2629 933 2698 debebat
948 2627 1090 2720 quidem
1101 2629 1214 2696 bonos
1264 2625 1402 2696 minum
1420 2625 1676 2698 calamitatibus
1696 2628 1869 2700 alliciatur
1884 2630 2065 2718 Medicus,
2091 2657 2169 2704 cum
2189 2633 2235 2700 ad·

223 2742 299 2833 ipsa
326 2734 507 2806 doctrinae
524 2733 696 2822 dignitas,
721 2747 755 2799 et
778 2729 931 2798 suavitas
945 2730 990 2798 ad
1006 2728 1213 2798 discendum
1265 2741 1318 2798 est
1339 2727 1506 2818 aegrotis,
1541 2753 1622 2798 curn
1645 2729 1922 2800 imbecillitatem
1948 2728 2097 2806 humani
2119 2731 2236 2824 generis
2271 2751 2272 2760 ¹

223 2839 393 2922 invitare,
419 2835 516 2929 quod
531 2835 625 2904 enim
642 2827 780 2903 homini
796 2855 870 2900 non
886 2843 1082 2902 monstrosa
1098 2841 1214 2898 mente
1265 2829 1542 2921 contemplatur,
1568 2825 1656 2899 haec
1669 2831 1816 2900 flectunt
1831 2833 1968 2904 animos
1990 2838 2035 2906 ad
2053 2833 2236 2906 humauitc·
2271 2835 2272 2912 l

224 2941 404 3036 praedito,
421 2936 612 3006 iucundius
624 2955 696 3005 esse
709 2932 947 3024 spectaculum
962 2932 1076 3002 ullum
1090 2943 1216 3020 potest,
1265 2942 1348 3000 tem.
1410 2928 1578 3000 Videmus
1606 2944 1722 3000 autem
1752 2931 1790 3000 in
1823 2927 2040 3026 Hippocrate
2077 2957 2235 3009 summum
2269 2929 2271 3014 l

224 3067 331 3138 quam
354 3041 428 3130 ipsa
451 3050 598 3107 naturae
621 3032 894 3125 contemplatio?
935 3056 1015 3102 cum
1038 3026 1132 3100 nihil
1154 3044 1216 3102 ant
1265 3031 1372 3100 luisse
1391 3029 1548 3102 studium
1571 3031 1821 3104 benemerendi
1844 3035 1888 3104 de
1903 3031 2128 3111 homiuibus:
2154 3037 2236 3107 deic-
2269 3015 2270 3096 l

225 3138 425 3238 pulchrius,
457 3151 518 3208 aut
550 3137 678 3206 melius
704 3136 768 3219 sit,
809 3135 884 3225 ipsa
921 3157 1040 3204 rerum
1073 3146 1215 3204 natura:
1266 3133 1311 3200 de
1335 3155 1408 3200 non
1433 3148 1579 3224 possunt
1599 3133 1749 3204 intanta
1772 3135 2074 3226 sapientiamores
2094 3113 2269 3212 essenon'i

224 3247 373 3317 delectat
387 3241 483 3310 enim
506 3239 648 3323 videre,
674 3235 830 3305 mirabili
845 3234 982 3306 ratione
1002 3235 1122 3306 omnia
1142 3233 1216 3304 dis·
1267 3233 1408 3324 optimi;
1434 3257 1549 3328 neque
1568 3235 1664 3307 errim
1677 3235 1753 3304 lieri
1766 3250 1899 3328 potest,
1918 3253 1957 3310 ut
1973 3263 2075 3312 meus
2090 3251 2236 3330 occupata
2267 3205 2268 3280 i

225 3349 358 3419 tributa
381 3365 472 3418 csse.
505 3364 622 3434 neque
645 3337 840 3431 quidquam
867 3361 940 3406 esse
971 3361 1013 3405 ex
1039 3361 1110 3429 quo
1141 3359 1216 3406 non
1267 3333 1369 3402 malis
1386 3337 1532 3418 studiis,
1558 3337 1689 3426 pariter
1710 3360 1745 3406 se
1768 3340 1928 3413 intendat
1944 3341 1982 3412 in
2004 3357 2179 3416 tantarum
2195 3363 2236 3408 re·

226 3469 374 3538 magnae
402 3443 554 3514 existant
581 3439 761 3512 utilitates.
823 3435 924 3509 Sicut
952 3451 988 3508 et
1008 3435 1217 3508 Aristoteles
1268 3460 1348 3508 rum
1370 3435 1648 3530 inquisitionem.
1704 3433 1753 3508 Et
1773 3433 1936 3514 heroicae
1964 3455 2115 3519 naturae
2136 3444 2236 3512 divina

225 3552 362 3642 inquit,
393 3545 530 3617 nuttam
553 3565 629 3612 rem
649 3541 687 3610 in
711 3553 837 3612 natura
860 3561 950 3626 esse,
981 3539 1020 3608 in
1050 3561 1120 3632 qua
1142 3561 1217 3608 non
1267 3537 1419 3632 quadam
1434 3536 1482 3624 vi,
1503 3563 1578 3610 non
1593 3539 1706 3610 solum
1720 3539 1763 3613 ad
1779 3563 1987 3632 magnarum
2000 3569 2121 3616 rerum
2137 3542 2235 3632 cogui-
2263 3581 2264 3646 q

224 3652 316 3724 insit
337 3648 506 3742 quiddam
529 3643 765 3716 admiratione
785 3641 955 3730 dignum,
981 3663 1095 3733 neque
1112 3639 1215 3732 quid·
1269 3639 1423 3724 tionem,
1453 3641 1514 3709 sed
1537 3639 1707 3712 etiamad
1731 3663 1856 3714 omnes
1877 3643 2025 3718 virtutes
2041 3649 2234 3718 excitantur:
2262 3673 2263 3738 q

227 3776 334 3847 quam
361 3741 434 3820 esse
453 3769 535 3818 casu
557 3745 707 3826 lactum,
740 3743 801 3813 sed
823 3741 943 3812 omnia
964 3741 1045 3812 linis
1068 3739 1218 3812 alicuius
1268 3740 1352 3810 etin
1373 3734 1440 3810 hoc
1460 3765 1532 3810 uno
1547 3763 1672 3830 genere
1688 3765 1811 3812 verum
1832 3757 1902 3829 est,
1927 3749 2023 3839 quod
2045 3741 2233 3836 Philosophi

226 3853 342 3946 gratia
362 3849 471 3920 nasci.
528 3845 667 3916 Harum
687 3855 806 3914 rerum
828 3843 983 3932 cognitio
1005 3855 1039 3913 et
1062 3867 1124 3936 per
1144 3865 1218 3913 sese
1268 3841 1410 3921 dicunt,
1435 3843 1583 3912 virtutes
1604 3865 1677 3912 esse
1702 3867 1888 3919 connexas.
1939 3847 2152 3943 Quanquam
2169 3845 2233 3942 quid

227 3967 280 4026 est
302 3951 526 4034 suavissima,
556 3971 599 4018 eo
624 3946 721 4039 quod
747 3945 793 4014 ad
817 3967 898 4012 earn
916 3944 1058 4036 proprie
1083 3943 1219 4014 conditi
1269 3965 1358 4036 opus
1380 3954 1432 4012 est
1453 3943 1558 4033 lunga
1578 3944 1834 4034 disputatione,
1870 3961 1961 4019 extat
1978 3951 2055 4025 eius
2074 3949 2233 4022 iusiuran-

222 4077 371 4139 sumus,
395 4066 430 4123 et
452 4047 560 4121 babet
583 4048 752 4120 utilitates
777 4046 943 4120 infinitas.
994 4044 1065 4117 Sed
1083 4045 1112 4114 si
1130 4068 1219 4138 quos
1270 4045 1375 4128 dum,
1401 4042 1440 4110 in
1464 4069 1631 4138 quocum
1650 4045 1954 4138 diraimpreeetur
1974 4053 2132 4144 sibiipsi,
2155 4052 2182 4120 si
2193 4067 2232 4116 eas

227 4155 315 4229 baec
342 4177 468 4248 parum
505 4163 668 4234 movent,
708 4149 798 4219 illud
830 4149 952 4218 saltem
985 4147 1220 4230 considerent,
1269 4146 1360 4234 leges
1376 4169 1449 4214 non
1463 4146 1643 4231 observet,
1669 4171 1742 4217 non
1756 4149 1913 4220 dubitari
1927 4167 2060 4244 potest,
2083 4153 2168 4248 quin
2181 4149 2232 4218 illis

229 4283 303 4329 non
326 4257 442 4327 solum
465 4253 706 4344 impudentes,
736 4252 795 4320 sed
819 4249 926 4320 etiam
956 4248 1139 4338 improbos
1160 4271 1220 4316 eos
1270 4245 1343 4316 suis
1359 4245 1494 4336 legibus
1509 4248 1698 4340 diligenter
1714 4263 1748 4322 et
1766 4251 1928 4342 religiose
1944 4255 2115 4346 paruerit.

229 4383 322 4444 esse,
355 4357 417 4451 qui
449 4379 530 4431 cum
550 4355 699 4442 salptem
725 4348 932 4422 bominibus
955 4351 994 4419 in
1015 4349 1220 4418 discrimine
1371 4345 1527 4420 Proinde
1546 4375 1626 4422 cum
1642 4351 1773 4426 caeteri
1796 4377 1936 4440 omnes,
1960 4369 2037 4428 tum
2059 4383 2141 4428 vero
2155 4372 2231 4446 prae·

230 4465 323 4532 vitae
345 4460 597 4552 polliceantur,
623 4478 695 4524 non
712 4467 794 4524 sunt
817 4453 855 4520 in
872 4465 946 4522 arte
969 4474 1014 4520 ne
1031 4450 1220 4520 mediocri·
1271 4449 1372 4540 cipue
1398 4474 1478 4531 vor.
1501 4476 1590 4546 quos
1612 4447 1680 4524 hoc
1696 4468 1852 4546 tempore
1867 4457 1905 4526 in
1922 4459 2175 4548 amplissimum
2189 4474 2229 4522 or·

229 4579 284 4636 ter
310 4562 454 4655 quidem
482 4557 665 4640 instructi,
700 4579 806 4647 quarn
831 4553 1049 4642 profitentur.
1109 4549 1220 4644 quue
1271 4551 1390 4622 dinem
1410 4549 1611 4625 Medicinae
1638 4557 1876 4646 professorum
1910 4559 2139 4651 recipiemus,
2170 4576 2229 4647 pre

230 4678 431 4759 peccatum,
456 4661 547 4749 leges
570 4658 678 4730 etiam
703 4655 807 4748 plecti
837 4655 976 4740 iubent3
1011 4654 1073 4724 sed
1102 4667 1222 4724 tuetur
1274 4653 1393 4744 ponite
1407 4655 1506 4727 vobis
1515 4652 1763 4750 Hippocratem
1780 4671 1815 4726 et
1830 4664 2114 4748 cognoscendum
2128 4673 2159 4732 et
2173 4653 2229 4726 imi·

230 4791 306 4850 eos,
331 4766 386 4836 vel
404 4761 576 4842 stulticia,
601 4759 658 4828 vel
676 4756 884 4850 perversitas
900 4749 1097 4826 hominum.
1150 4753 1220 4824 Sed
1272 4757 1433 4826 tandum.
1482 4754 1593 4829 Nemo
1611 4760 1716 4830 fidem
1738 4773 1772 4830 et
1797 4759 2016 4850 diligentiam
2031 4763 2070 4834 in
2083 4756 2228 4834 medendo

231 4869 355 4940 desino
378 4859 445 4934 hac
466 4864 510 4931 de
532 4885 571 4930 re
594 4861 735 4950 longius
749 4860 886 4942 dicere,
913 4857 1010 4948 pleni
1026 4868 1110 4930 sunt
1126 4855 1221 4924 enim
1274 4870 1449 4947 praestare
1464 4873 1597 4952 potest,
1622 4861 1728 4954 quarn
1746 4875 1781 4932 et
1797 4863 1948 4956 requirit
1965 4865 2042 4956 ipse
2062 4884 2096 4938 et
2112 4857 2228 4957 praesti·

231 4970 314 5046 libri
329 4981 532 5039 nostrorum
546 4958 758 5044 authorum,
775 4959 837 5052 qui
850 4959 965 5028 vosad
975 4981 1076 5028 verae
1090 4957 1223 5026 doctri-
1274 4958 1334 5042 tit,
1366 4959 1435 5030 nisi
1465 4961 1508 5032 ad
1535 4964 1715 5054 vulgarem
1742 4985 1846 5034 usum
1867 4965 2036 5056 adiungat
2057 4967 2156 5040 etiam
2175 4979 2227 5030 eant

231 5095 298 5140 nae
320 5069 477 5140 studium
502 5061 700 5136 hortantur.
753 5057 902 5149 Quoties
922 5054 988 5130 hac
1009 5059 1051 5128 de
1068 5081 1105 5128 re
1122 5083 1223 5150 prae·
1274 5061 1492 5146 doctrinam,
1513 5087 1602 5156 qnae
1617 5085 1737 5134 causas
1746 5079 1936 5140 scrutatum
1962 5067 2225 5162 quemadmodum

231 5171 317 5262 cipit
330 5167 586 5260 Hippocrates?
610 5163 747 5258 quoties
761 5159 944 5233 Galenus?
969 5159 1032 5254 qui
1047 5159 1222 5249 integrum
1275 5163 1408 5234 censuit
1419 5161 1653 5254 Hippocrates
1669 5189 1742 5236 esse
1755 5167 1974 5254 laciendum,
2000 5172 2063 5264 qni
2078 5181 2224 5264 proptertt

232 5273 366 5342 librum
396 5269 435 5338 in
463 5259 557 5348 hanc
584 5263 794 5336 sententiam
823 5263 992 5334 adversus
1013 5255 1223 5332 Thessalum
1275 5260 1493 5336 Medicinam
1516 5268 1559 5334 ad
1584 5267 1756 5341 rationem
1781 5270 1977 5352 revocavit,
2010 5275 2104 5365 quod
2127 5272 2224 5340 cinea

232 5369 384 5462 scripsit.
1274 5363 1435 5436 doctrina
1465 5367 1660 5456 periculose
1688 5393 1846 5442 exercere
1871 5371 2090 5453 Medicinam
2109 5369 2221 5442 videta
