4718 5828
75 176 120 254 n
563 171 724 252 naen
754 169 831 252 na
861 171 1139 274 autumo
1171 167 1617 273 unoouaurmn.
2062 171 2115 248 sc

73 375 135 422 nec
157 363 253 422 recte
274 350 418 424 dicendi
433 345 667 445 archetypum
683 352 784 422 facile
798 373 949 445 usquam
966 375 1068 444 repe·
1117 353 1244 422 ordine
1261 351 1490 442 digereretur.
1542 350 1633 423 Nam
1651 373 1758 422 aureo
1775 346 1838 420 illo
1858 349 1976 420 seculo
1992 342 2110 420 adbuc

73 455 140 526 rias
157 447 228 522 hoc
248 453 617 538 lncoabsolutiorcm,
643 455 743 524 cuius
766 454 974 543 elegantiam
994 455 1069 523 vir·
1116 477 1261 524 suarum
1283 455 1438 545 partium
1461 453 1644 544 Principes
1668 475 1741 522 esse
1766 454 1981 536 sentiebant,
2007 475 2110 542 prae·
2159 455 2165 472 ¹

73 568 234 648 tutaque
246 577 372 624 omncs
385 555 415 623 is
429 555 574 624 demum
588 557 737 650 propius
754 570 884 642 cernet,
908 556 970 648 qui
984 555 1068 624 imi-
1116 569 1223 642 stare,
1249 581 1294 625 ne
1311 559 1408 649 quod
1425 557 1512 627 utile
1530 557 1698 646 scriptum
1715 555 1951 625 intercideret.
2004 552 2110 625 Nunc

72 657 402 746 tarietexprimere
414 655 506 752 stylo
521 658 721 731 conabitur.
773 656 868 728 Cave
886 657 981 726 enim
999 681 1068 749 pu·
1116 659 1251 748 regium
1266 655 1360 727 nihil
1376 672 1445 744 est,
1471 660 1541 728 nisi
1557 661 1651 727 idem
1665 658 1710 728 sit
1728 655 1909 752 ἄμουσον.
1946 653 2033 726 Mox
2051 655 2109 723 in·
2191 652 2197 660 '

72 773 121 829 tes
136 757 337 830 Homerum
360 772 492 829 temere
515 783 536 829 a
552 757 603 830 Μ
621 757 790 830 Cicerone
810 760 916 850 plane
933 755 1067 830 Orato-
1116 762 1279 830 stitutum
1293 773 1364 844 est,
1389 774 1431 830 ut
1449 755 1687 852 aRhapsodis
1708 783 1768 828 seu
1784 757 2015 842 Homeristis,
2042 782 2110 849 pu-

71 885 147 931 rcm
161 861 302 945 vocari,
325 873 388 930 ant
405 861 606 932 inconsulte
621 863 800 953 scripsisse
818 859 980 945 Fabium,
1007 885 1066 930 ex·
1116 863 1207 931 blice
1230 862 1269 930 in
1295 854 1442 934 theatris
1459 865 1705 932 decantaretur
1715 857 1947 930 Homericum
1970 873 2108 951 poema,

72 963 196 1032 cellere
209 956 308 1034 hunc
323 960 468 1032 Poiitam
490 963 655 1034 oratoriis
678 964 847 1032 omnibus
861 962 1065 1034 virtutibus.
1115 978 1155 1033 ut
1175 964 1298 1032 divino
1321 966 1476 1032 carmine
1499 965 1668 1033 iuvenum
1692 985 1793 1032 aures
1809 962 1958 1032 adsiduo
1983 983 2108 1052 perso-

73 1062 144 1134 lam
159 1087 253 1157 quae
268 1087 371 1134 scena
388 1087 444 1132 res
460 1059 632 1134 humanas
647 1065 764 1135 verius
779 1054 1066 1156 repraesentavit,
1115 1079 1260 1150 narent,
1284 1080 1441 1159 essetque
1457 1089 1595 1157 semper
1610 1067 1648 1134 in
1663 1079 1829 1157 promptu
1846 1077 1940 1134 recte
1953 1062 2109 1146 dicendi,

71 1189 175 1258 marn
190 1163 343 1236 Homeri
359 1189 521 1250 arinen,
546 1181 586 1236 ut
600 1167 675 1236 lieri
691 1179 854 1260 nequeat,
880 1167 967 1260 quin
985 1167 1064 1236 obi·
1117 1167 1367 1260 iudicandique
1392 1169 1524 1256 regula.
1579 1166 1820 1236 Foelicissime
1843 1189 1923 1234 cum
1948 1163 2108 1234 Homero

70 1281 122 1338 ter
135 1279 171 1336 et
185 1291 308 1336 rerum
326 1267 561 1338 admiratione
574 1281 782 1358 tangamur,
809 1293 919 1361 quum
936 1269 1064 1338 dictio·
1114 1269 1260 1340 certavit
1282 1293 1323 1338 ex
1342 1269 1479 1340 Latinis
1500 1267 1694 1359 Vergilius,
1727 1268 1903 1360 planeque
1927 1291 2010 1358 par,
2035 1264 2108 1334 nisi

69 1392 149 1438 nem
166 1367 445 1442 consideramus.
463 1375 466 1382 '
483 1365 653 1440 Offerunt
670 1395 742 1440 sese
763 1371 858 1440 ultro
876 1372 1062 1462 spectanda
1113 1372 1237 1455 fallor,
1262 1371 1403 1466 utrique
1421 1373 1515 1454 laus,
1542 1373 1614 1440 sive
1637 1371 1831 1440 dictionem
1855 1382 2006 1461 spectes,
2031 1368 2105 1435 sive
2196 1377 2204 1388 “

69 1495 209 1540 morum
245 1470 423 1561 exempla,
462 1467 671 1562 Principum
700 1473 866 1566 vulgique
896 1475 1064 1556 adlectus,
1115 1473 1368 1543 sententiarum
1386 1475 1611 1563 gravitatem,
1637 1473 1798 1546 debetur.
1837 1468 1936 1558 Quid
1952 1469 2108 1558 Tragici,

69 1573 167 1642 varia
190 1585 512 1662 rerumgestarum
539 1573 705 1644 consilia:
740 1575 869 1668 quibus
890 1575 962 1642 nisi
982 1599 1063 1643 eru-
1112 1599 1217 1667 quam
1240 1574 1363 1644 multis
1388 1575 1554 1666 exemplis
1578 1589 1810 1670 tyrannorum
1831 1595 1947 1642 mores
1972 1584 2005 1640 et
2029 1571 2105 1640 tata

69 1674 138 1742 dici
158 1673 300 1744 animos
321 1671 523 1744 Arcesilaus
546 1676 730 1760 sensisset,
763 1699 947 1766 nunquam
967 1700 1064 1746 ama·
1113 1677 1349 1768 proposuere?
1386 1675 1485 1766 Quid
1508 1678 1707 1756 comoedia,
1740 1675 1810 1745 nisi
1831 1677 1990 1765 privatae
2011 1672 2108 1742 vitae

68 1775 160 1846 sium
192 1798 300 1846 suum
332 1771 529 1844 Homerum
563 1791 730 1850 vocasset.
790 1773 886 1846 Mihi
918 1778 1061 1870 quidem
1112 1778 1317 1870 speculum?
1343 1777 1384 1848 ln
1408 1779 1715 1870 universumquid
1740 1788 1917 1868 praestare
1938 1773 2105 1844 studiosis

68 1878 230 1948 omnium
247 1900 339 1970 qnae
355 1871 543 1946 hominum
560 1879 700 1968 ingenia
717 1903 896 1970 peperere,
921 1880 1061 1962 mdlum
1113 1881 1249 1972 pois'tica
1273 1880 1397 1971 possit,
1424 1879 1595 1950 indicavit
1617 1878 1760 1950 Fabius.
1809 1873 1886 1967 Ego
1911 1877 2102 1966 figurarum

70 1976 481 2071 prudentiusllomecico
495 1981 666 2070 scriptum
684 1995 800 2050 extare
809 1982 961 2054 videtur.
989 1979 1062 2050 Nec
1111 1983 1248 2074 copiam
1271 1983 1459 2072 praecipue
1478 1996 1617 2052 nostrae
1640 1980 1794 2050 orationi
1810 1979 2033 2070 suppeditare
2049 1977 2104 2044 vi-

68 2081 262 2152 dubitarim
280 2081 483 2166 adfirmare,
507 2085 600 2173 quod
617 2080 788 2152 Horatius
803 2084 956 2168 censuit,
981 2083 1062 2152 Ho-
1112 2086 1189 2168 deo,
1209 2084 1449 2178 varietateque
1466 2107 1585 2154 certam
1602 2083 1739 2153 animos
1757 2095 1832 2154 tum
1849 2082 2002 2166 erudire,
2026 2093 2101 2150 tum

69 2192 219 2266 merum,
242 2183 331 2274 cprid
347 2195 493 2267 rectum,
517 2185 605 2276 quid
620 2185 707 2254 utile
722 2185 778 2268 sit,
803 2185 929 2254 melius
944 2181 1060 2278 Chry·
1111 2187 1294 2258 delectare.

68 2285 168 2376 sippo
184 2297 221 2354 et
233 2282 408 2378 Crantore
423 2285 572 2354 docere·
612 2283 753 2373 Quaeso
775 2286 837 2378 qui
860 2287 974 2376 potuit
988 2285 1061 2358 Re·
1215 2285 1374 2357 Historia
1391 2287 1563 2358 iudicium
1579 2289 1738 2372 formari,
1763 2287 1975 2379 dicendique
1989 2282 2101 2352 iacul-

68 2409 149 2475 gum
174 2386 355 2456 temeritas
379 2386 538 2456 festivius
563 2387 694 2471 notari,
727 2412 834 2481 quam
857 2413 935 2456 cum
961 2389 1061 2477 fingit
1111 2402 1217 2459 tatem
1233 2392 1353 2479 augeri
1368 2385 1625 2461 Demosthenes
1641 2392 1795 2474 censuit,
1818 2413 1898 2458 cum
1914 2381 2100 2479 Thucydi·
2154 2467 2160 2472 .

69 2487 206 2558 somnio
240 2500 456 2558 commotum
490 2485 814 2577 Agamemnonem,
853 2491 1079 2560 universum·
1111 2495 1190 2560 dem
1206 2493 1293 2560 adeo
1310 2489 1521 2560 familiarem
1536 2495 1604 2562 sibi
1619 2494 1713 2576 iecit,
1739 2504 1781 2562 ut
1794 2491 1901 2560 octies
1917 2488 2021 2556 etiam
2036 2487 2100 2554 de-

70 2591 262 2660 exercitum
278 2587 456 2660 Graecum
470 2590 509 2658 in
526 2591 717 2660 discrimen
733 2593 932 2661 adducere?
962 2594 1061 2664 Con·
1109 2594 1298 2684 scripserit.
1349 2591 1494 2664 Amavit
1516 2610 1551 2666 et
1572 2589 1845 2685 Xenophontem
1862 2589 2000 2662 Cicero.
2040 2583 2100 2672 „Et

68 2703 131 2762 stat
154 2691 251 2760 enim
272 2715 380 2784 quam
407 2692 455 2760 ob
483 2693 629 2762 frivolas
653 2716 774 2764 causas
800 2717 1059 2788 nonnunquam
1110 2721 1190 2765 cum
1205 2697 1369 2764 universa
1384 2691 1530 2766 historia
1546 2691 1708 2768 πολιτεία
1723 2695 1893 2789 quaedam
1912 2692 1968 2777 sit,
1984 2687 2100 2758 varias
2195 2701 2198 2717 '

68 2793 183 2862 omnia
207 2792 381 2864 misceant
397 2791 589 2886 Principes.
643 2793 741 2884 Quid
764 2795 801 2864 in
818 2791 969 2865 Achillis
986 2797 1060 2890 cly-
1109 2799 1436 2870 constituendarum
1454 2821 1571 2870 rerum
1588 2799 1810 2890 publicarum
1825 2795 1955 2864 formas
1971 2795 2097 2862 adum·

67 2895 157 2986 peo?
182 2917 437 2964 uonnererum
452 2895 642 2980 elementa,
669 2911 703 2968 et
723 2895 914 2966 clarissima
933 2900 1059 2982 sidera,
1110 2903 1199 2972 brat.
1250 2897 1340 2970 Nam
1355 2913 1396 2968 ut
1412 2893 1470 2967 hic
1484 2895 1574 2968 nihil
1596 2901 1694 2968 alind
1712 2899 1847 2983 dicam,
1873 2893 1960 2990 quid
1983 2891 2099 2963 adrni-

68 3009 246 3088 praeterea
262 2991 394 3064 horum
410 2998 543 3088 positus
558 2999 664 3068 ctiam
685 3023 725 3068 ac
739 2996 1058 3090 meatus'graplrice
1109 3001 1257 3070 rabilius
1279 3015 1330 3070 est
1348 3005 1426 3071 τῶν
1448 3005 1640 3072 πολιτειῶν
1661 3001 1849 3070 collatione
1871 3000 1963 3090 apud
1980 2994 2097 3064 Hero·

68 3098 270 3190 descripsit,
302 3099 399 3166 uude
420 3111 540 3190 postea
565 3113 599 3170 et
618 3095 830 3192 Philosophi
851 3101 1058 3172 dimetiendi
1108 3106 1250 3187 dotum,
1280 3103 1345 3171 ubi
1374 3101 1561 3172 Persarum
1585 3103 1752 3194 Satrapae
1783 3102 1844 3171 alii
1870 3091 2095 3194 δημαρχίαν,

68 3202 153 3270 coeli
165 3200 343 3270 rationem
361 3201 547 3292 accepere?
596 3199 1059 3274 Nemeteodemlococir-
1108 3205 1170 3273 alii
1193 3197 1426 3302 ὀλιγαρχίαν,
1458 3207 1520 3274 alii
1550 3200 1762 3300 μοναρχίαν
1784 3201 1962 3295 probant?
2013 3195 2096 3286 Quo
2201 3199 2206 3218 ¹

69 3304 204 3392 cumagi
226 3297 364 3372 Arcton
387 3301 523 3395 inquit,
553 3327 798 3397 necunquam
821 3307 998 3390 occidere,
1025 3321 1058 3376 et
1107 3308 1184 3375 loco
1200 3307 1298 3375 vides
1313 3307 1558 3393 gravissimum
1577 3308 1782 3399 scriptorem
1797 3304 1942 3374 morbos
1963 3322 2098 3384 omnes,

70 3405 238 3494 eregione
252 3403 308 3472 illi
323 3403 523 3494 oppositum
537 3401 776 3478 esseOriona:
803 3409 1057 3500 quasententia
1109 3408 1263 3500 vitiaque
1295 3410 1496 3494 civitatum,
1530 3409 1627 3480 velut
1659 3410 1697 3476 in
1731 3407 1851 3478 tabula
1885 3404 2095 3496 depinxisse.

69 3507 196 3576 bonam
214 3501 466 3576 Astronomiae
482 3519 617 3597 partem
633 3510 836 3599 complexus
848 3521 910 3580 est.
946 3509 1056 3597 Quid,
1109 3509 1241 3580 Verum
1258 3533 1362 3580 nemo
1379 3523 1450 3580 tam
1465 3513 1671 3603 imprudens
1687 3525 1747 3594 est,
1765 3509 1825 3602 qui
1841 3531 1913 3576 non
1927 3502 1995 3574 hnc
2009 3529 2096 3573 cou-

69 3611 160 3700 quod
185 3607 321 3678 ibidem
341 3621 375 3676 et
396 3608 490 3698 pacis
511 3611 694 3678 commoda
715 3624 748 3678 et
770 3611 855 3679 belli
872 3633 1056 3680 aerumnas
1105 3611 1186 3680 silio
1206 3611 1496 3682 animadverterit
1518 3613 1732 3703 conscriptas
1752 3633 1825 3678 esse
1847 3603 2031 3690 historias,
2055 3619 2097 3674 ut
2187 3623 2190 3628 '

68 3709 158 3780 inter
185 3733 223 3778 se
244 3709 398 3794 confert,
431 3734 510 3780 cum
533 3712 621 3780 duas
651 3712 772 3796 nrbes,
802 3713 946 3782 alteram
973 3736 1055 3804 pace
1105 3714 1264 3782 omniurn
1283 3707 1522 3782 humanorum
1540 3715 1737 3783 officiorum
1753 3711 1910 3800 exempla
1924 3723 2101 3801 tanquam,
2221 3707 2222 3710 ’

68 3811 273 3893 florentem,
298 3811 443 3880 alteram
467 3812 561 3880 bello
584 3825 754 3882 vastatam
777 3814 958 3904 depingit?
984 3841 1054 3908 quo
1107 3815 1145 3882 in
1166 3815 1298 3884 illustri
1321 3816 1435 3906 posita
1453 3815 1530 3884 loco
1546 3828 1783 3885 cernerentur.
1837 3810 1940 3900 Quae
1953 3812 1982 3880 si
2001 3803 2094 3878 nihil
2136 3895 2138 3899 Ι
2192 3887 2197 3898 ,

67 3915 173 4001 magis
191 3912 365 3997 invisum,
390 3913 536 4003 opinor,
561 3915 695 3984 bellum
710 3939 784 3984 rem
801 3915 1055 4007 perniciosissi-
1105 3919 1150 3985 ad
1178 3917 1391 3986 erudiendos
1427 3917 1697 4010 excitandosque
1725 3914 1930 3985 mortalium
1957 3913 2095 3982 animos
2214 3953 2221 3962 -

69 4037 178 4098 marn,
211 4015 347 4104 optimo
380 4015 508 4110 cuique
537 4016 675 4085 faceret.
736 4015 779 4084 ln
814 4031 934 4108 pacata
964 4019 1054 4086 urbe
1106 4021 1321 4106 conducunt,
1345 4017 1431 4112 quid
1447 4019 1532 4102 init,
1554 4043 1617 4088 cur
1630 4017 1749 4110 Scipio
1766 4017 1914 4086 senserit
1929 4039 1966 4084 se
1978 4015 2094 4084 claro·

69 4117 198 4208 nuptiis
214 4117 314 4186 locus
329 4129 391 4198 est,
417 4131 622 4186 exercentur
637 4117 779 4203 iudicia,
804 4133 958 4208 aguntur
971 4143 1054 4188 cau·
1106 4144 1184 4188 rum
1216 4119 1375 4190 virorum
1410 4120 1580 4210 imagines
1609 4123 1823 4203 intuentem,
1855 4119 1899 4187 ad
1925 4117 2094 4188 virtutem

70 4239 140 4303 sae,
166 4218 396 4288 admirationi
420 4213 699 4290 suntOratores.
752 4219 794 4288 ln
818 4222 926 4290 altera
949 4221 1053 4310 iugu-
1105 4221 1272 4290 accendi?
1312 4215 1481 4291 Oratores
1506 4246 1585 4291 rum
1606 4219 1839 4312 Respublicas
1867 4218 2094 4289 administra-

59 4319 184 4390 ‘lantur
197 4319 323 4414 liberi,
348 4320 452 4390 silent
467 4321 576 4410 leges,
602 4335 741 4392 mutum
756 4336 808 4392 est
821 4325 960 4408 forum,
988 4348 1052 4415 po»
1103 4323 1190 4408 rint,
1215 4335 1248 4392 et
1265 4323 1303 4392 iu
1318 4323 1457 4393 iudiciis
1472 4325 1612 4408 versati,
1637 4322 1681 4392 de
1699 4323 1787 4404 iure,
1813 4346 1926 4415 aequo
1940 4345 1981 4390 ac
1995 4319 2091 4389 bono

69 4433 192 4490 stmmo
210 4423 410 4492 miseranda
430 4435 483 4492 est
504 4423 664 4493 omnium
681 4425 840 4506 civilium
857 4449 975 4494 rerum
990 4451 1053 4494 va·
1103 4439 1174 4495 tarn
1189 4423 1298 4494 msrlta
1319 4426 1567 4510 disseruerint,
1592 4439 1865 4494 consentaneum
1882 4436 1950 4507 est,
1975 4422 2091 4514 plera-

69 4524 176 4598 stitas.
221 4523 321 4614 Quid
336 4527 420 4592 cedo
437 4525 550 4615 potuit
568 4520 634 4595 hoc
650 4541 850 4598 commento
863 4526 1050 4616 excogitari
1103 4551 1171 4618 que
1187 4527 1321 4594 utiliter
1335 4550 1489 4596 monere.
1529 4526 1619 4617 Quis
1635 4527 1729 4596 enim
1745 4521 1997 4616 Philosophiae
2013 4547 2091 4592 mo-

68 4627 300 4715 prudentius?
331 4625 454 4718 Neque
470 4626 564 4694 enim
584 4629 703 4717 plures
716 4627 863 4698 Homeri
880 4631 975 4698 locos
993 4625 1051 4700 hic
1102 4629 1185 4698 ralis
1207 4629 1305 4698 locus
1323 4641 1394 4714 est,
1417 4653 1521 4722 quem
1541 4653 1615 4698 non
1636 4629 1817 4718 attigerint
1836 4621 2089 4698 Demosthenes

70 4729 237 4818 attingere
260 4729 376 4798 visum
401 4741 462 4801 est.
523 4727 680 4798 Tantum
710 4723 773 4799 hos
805 4731 976 4814 indicavi,
1009 4745 1050 4802 ut
1102 4755 1141 4799 ac
1163 4728 1312 4800 Cicero?
1347 4725 1531 4822 Optimam
1554 4725 1758 4814 πολιτείαν,
1794 4754 1897 4798 nemo
1922 4724 2088 4798 Philoso-

70 4831 231 4900 studiosis
250 4831 534 4902 adulescentibus
554 4831 659 4899 fidem
680 4831 849 4922 facerem,
872 4835 1065 4902 bonorum‘
1101 4828 1254 4924 phorum
1270 4834 1320 4902 sic
1333 4826 1590 4932 ἐζωγράφησε,
1615 4858 1655 4902 ac
1669 4833 1723 4901 illi
1739 4832 1777 4900 in
1791 4831 1990 4902 actionibus
2004 4828 2087 4912 suis,

69 4933 275 5024 scriptorum
290 4933 493 5021 cognitione
513 4957 588 5000 non
608 4957 647 5002 os
666 4945 802 5003 tantum
823 4959 862 5003 ac
881 4935 1049 5024 linguam,
1101 4960 1180 5004 cum
1199 4936 1238 5002 in
1254 4935 1435 5025 improbos
1448 4959 1487 5004 ac
1504 4936 1687 5005 seditiosos
1705 4935 1815 5018 rives,
1833 4947 1999 5026 tanquam
2015 4932 2088 5000 fer-

70 5035 122 5102 sed
145 5036 392 5126 pectusetiam
417 5035 575 5105 formari.
630 5033 670 5104 ld
693 5036 822 5125 opinor
844 5035 1049 5106 inconcilio
1100 5061 1196 5118 rum,
1227 5037 1356 5131 stylum
1387 5039 1583 5126 stringunt,
1616 5061 1696 5106 curn
1725 5039 1892 5106 adversus
1920 5027 2086 5104 hostilem

71 5139 240 5224 quondam
258 5131 404 5205 Graecis
428 5137 513 5219 fuit,
539 5162 602 5206 cur
617 5135 812 5208 Homerum
837 5138 1050 5213 familiariss.
1100 5139 1171 5208 vim
1187 5137 1420 5229 Respublicas
1435 5141 1582 5208 consilio
1601 5140 1779 5210 muniunt.
1832 5135 1931 5226 Quid
1945 5137 1989 5204 de
2003 5157 2087 5226 pace
2163 5195 2169 5202 .

71 5249 185 5308 uotum
203 5261 277 5308 esse
292 5240 367 5308 suis
384 5233 590 5308 hominibus
605 5239 791 5310 voluerint.
827 5239 939 5310 Solon
955 5243 1048 5309 enim
1099 5241 1306 5332 popularius
1321 5241 1508 5335 veriusque
1522 5241 1708 5331 excogitari
1723 5239 1852 5332 potuit,
1869 5261 1974 5332 quam
1988 5239 2086 5330 quod

72 5349 101 5406 et
113 5337 315 5414 Pisistratus
330 5341 407 5431 lege
426 5341 702 5427 constituerunt,
727 5355 766 5412 ut
788 5343 886 5413 illius
908 5333 1051 5414 clrmen
1099 5343 1139 5413 in
1155 5367 1194 5414 ca
1210 5343 1369 5416 oratione
1394 5367 1462 5440 qua
1487 5345 1597 5434 legem
1612 5344 1783 5433 agrariam
1802 5341 1999 5425 dissuadet,
2022 5334 2086 5410 Ci-
