4646 5824
40 241 117 318 aas
515 232 673 319 usca.
710 235 787 316 aa
819 233 1023 319 u1cro=
1059 235 1146 318 s1s
1183 231 1610 322 maturusne.
1714 208 1716 216 ’
1845 190 1846 198 ‘
1974 215 2086 330 'aaa

40 437 135 496 esse,
169 427 212 486 ut
238 407 355 504 ignari
378 408 625 486 exercitiorum
651 411 756 500 fidei,
788 411 951 486 nesciunt
978 435 1039 485 sc-
1089 425 1130 484 ut
1143 403 1401 484 Demosthenes
1414 411 1522 486 dixit:
1547 410 1631 487 Nou
1647 413 1686 488 in
1702 440 1743 491 eo
1760 415 1951 510 periclitari
1969 419 2083 496 Grae..

40 517 297 609 quiescendum
322 537 396 586 esse
416 513 456 584 in
476 514 562 608 ipsis
583 515 897 609 promissionibus,
922 528 957 586 et
978 537 1039 588 cx-
1090 515 1165 586 ciae
1179 514 1347 600 salutem,
1373 513 1403 582 si
1421 539 1567 585 manum
1585 511 1656 590 huc
1671 521 1727 590 vel
1741 521 1826 596 illuc
1840 525 1996 597 verterit.
2024 567 2026 570 ·

39 616 252 712 pectauda‘m
282 639 357 688 esse
382 615 641 707 mitigationem
674 617 870 704 malorum,
908 615 1039 690 fiducia
1193 613 1265 687 Sed
1287 614 1444 707 prolecto
1467 617 1700 708 vituperanda
1722 635 1776 692 est
1800 627 2000 715 arrogantia
2022 649 2085 696 co-

39 719 308 791 misericurdiae
322 716 393 792 Dei
407 717 446 788 in
463 720 760 812 promissionibus
775 733 947 792 ostensae.
991 713 1040 790 Et
1089 740 1190 804 rum,
1215 716 1278 811 qui
1288 730 1426 790 tantum
1440 718 1592 808 ingeniis
1606 723 1808 811 confidunt,
1827 739 1869 797 ut
1883 723 2084 798 exhausisse

40 817 187 894 ethnico
208 845 310 894 more
330 820 414 892 satis
430 843 502 890 esse
519 835 666 912 putant,
692 821 722 893 si
738 843 854 892 mores
868 819 1040 891 mediocri
1090 843 1127 891 se
1158 818 1365 911 sapientiam
1399 819 1605 892 divinorum
1648 823 1823 896 librorum
1862 828 2083 912 existiment,

39 923 232 1017 disciplina
246 937 388 1013 regant,
423 923 567 993 iuterim
584 923 688 994 corda
710 935 791 994 sunt
809 923 887 994 siue
910 923 979 993 lide
1005 935 1040 994 et
1089 933 1276 1016 postquam
1293 943 1352 991 eos
1369 921 1425 992 bis
1442 936 1501 994 aut
1515 937 1571 996 ter
1584 925 1821 1016 perlegerunt.

38 1028 147 1120 plena
162 1025 398 1098 dubitatione.
440 1023 682 1120 Quiddicam,
703 1025 908 1116 intelligunt
923 1025 1038 1096 bonae
1188 1017 1368 1093 Ecclesiae
1402 1023 1563 1096 doctrina
1596 1027 1640 1096 de
1671 1030 1793 1102 multis
1817 1031 1954 1122 magnis
1977 1033 2083 1102 rebus
2221 1087 2224 1094 .

38 1141 181 1200 mentes
196 1149 273 1199 non
287 1126 436 1198 omnino
453 1129 561 1198 rudes
575 1125 821 1198 exercitiorum
836 1125 930 1198 fidei.
1089 1122 1340 1207 concionatur,
1364 1149 1455 1220 quae
1470 1151 1544 1197 non
1561 1129 1679 1199 subito
1695 1131 1835 1222 penitus
1849 1126 2083 1224 comprehen-

145 1227 205 1302 Ad
222 1225 318 1300 hunc
342 1227 452 1320 igitur
465 1227 572 1298 linem
597 1227 703 1300 lectio
720 1241 755 1300 et
769 1227 930 1300 doctrina
947 1227 1040 1300 rele-
1089 1225 1128 1297 di
1152 1239 1318 1320 possunt,
1351 1225 1480 1298 deinde
1500 1242 1535 1301 et
1555 1229 1684 1302 instrui
1704 1247 1839 1306 mentes
1852 1247 2012 1326 oportet,
2036 1237 2081 1306 ad

39 1347 186 1420 rantur,
210 1343 251 1402 ut
273 1329 313 1400 iu
335 1329 460 1417 nobis,
487 1353 568 1401 cum
593 1330 834 1402 consolatione
859 1329 1040 1420 erigimur,
1089 1327 1276 1400 refutanda
1289 1327 1375 1398 falsa
1389 1329 1563 1420 dogmata.
1603 1329 1652 1404 Ut
1663 1345 1779 1404 autem
1794 1359 1891 1406 arma
1907 1337 1945 1406 in
1959 1360 2082 1430 prum-

38 1435 79 1505 in
97 1457 183 1504 vera
204 1431 444 1526 poenitentia,
469 1443 505 1503 ct
525 1432 565 1502 in
582 1431 749 1504 omnibus
767 1431 955 1524 periculis,
980 1455 1040 1503 ac·
1087 1443 1153 1524 ptu
1175 1423 1326 1516 habeas,
1358 1453 1498 1503 necesse
1523 1443 1574 1503 est
1596 1433 1819 1507 familiariter
1839 1461 1942 1510 nosse
1964 1461 2081 1515 sacros

38 1537 217 1608 cendatur
231 1535 336 1621 lides,
357 1547 393 1604 et
406 1527 622 1606 inchoentur
635 1536 707 1606 vita
725 1548 759 1606 et
774 1533 908 1606 iustitia
926 1537 1039 1606 aeter·
1088 1531 1210 1604 libros.
1267 1530 1453 1604 Praeterea
1475 1533 1687 1608 unicuilibet
1713 1537 1882 1630 privatim
1907 1561 1997 1632 opus
2021 1553 2083 1627 est,

39 1663 107 1726 na,
134 1639 227 1708 sicut
251 1637 513 1730 scriptumest:
539 1632 637 1707 Haec
653 1649 706 1708 est
725 1635 797 1706 vita
814 1649 974 1722 aeterna,
998 1647 1041 1708 ut
1089 1633 1135 1704 ad
1160 1655 1243 1704 suae
1265 1633 1347 1704 lidei
1370 1635 1698 1724 confirmationem,
1730 1641 1852 1712 crebra
1869 1642 2081 1735 repetitione

38 1751 279 1830 agnoscanttc
292 1740 409 1809 solum
425 1757 498 1808 esse
510 1761 634 1810 verum
644 1735 781 1820 Deum,
807 1751 840 1811 et
850 1760 955 1834 quem
970 1736 1040 1807 mi·
1089 1755 1212 1806 eorsum
1227 1734 1531 1824 testimoniorum,
1555 1763 1645 1832 quae
1660 1740 1865 1834 planissima
1881 1755 1915 1814 et
1929 1745 2082 1814 maxime

38 1842 118 1914 sisti
140 1839 257 1914 lesum
272 1863 346 1912 esse
361 1833 557 1912 Christum.
1088 1835 1274 1928 perspicua
1293 1850 1388 1909 suut.
1446 1833 1505 1910 Ad
1528 1833 1615 1911 haec
1634 1841 1753 1912 omnia
1767 1867 1856 1936 opus
1875 1859 1927 1917 est
1941 1845 2082 1916 assidua

144 1939 347 2016 Audivistis
360 1941 627 2014 enarrationem
640 1939 728 2013 dicti
742 1939 904 2012 Paulini:
935 1935 1040 2012 Nunc
1088 1937 1253 2010 lectione.
1306 1935 1469 2035 Cumque
1484 1955 1621 2014 mentes
1634 1936 1812 2015 humanae
1827 1947 1901 2017 fere
1921 1947 2082 2040 quotidie

38 2069 105 2117 vos
130 2041 306 2117 adhortor
322 2055 357 2115 et
380 2045 538 2116 obtestor
561 2057 707 2136 propter
724 2043 874 2135 gloriam
888 2039 979 2129 Dei,
1004 2054 1040 2113 et
1088 2037 1194 2110 novis
1207 2039 1325 2110 modis
1339 2055 1608 2134 oppugnantur,
1632 2044 1786 2116 subinde
1805 2048 1909 2118 novis
1924 2071 2082 2119 cummo-

39 2150 194 2219 salutem
216 2141 414 2232 Ecclesiae,
442 2157 483 2216 ut
503 2138 588 2215 huic
613 2146 745 2230 divino,
758 2157 944 2238 praecepto
973 2143 1040 2214 ob-
1088 2141 1349 2214 nelactionibus
1374 2157 1515 2234 pectora
1531 2145 1725 2217 munienda
1742 2161 1834 2220 sunt.
1885 2146 1933 2220 Et
1949 2151 2083 2222 abeunt

39 2249 266 2342 temperetis,
300 2259 335 2318 et
357 2247 396 2317 in
418 2247 547 2320 studiis
569 2245 695 2318 vestris
720 2240 813 2317 hanc
834 2267 1041 2317 commone-
1089 2241 1205 2318 studia
1221 2241 1401 2319 inmores.
1453 2243 1573 2336 Quare
1588 2248 1701 2320 animi
1716 2273 1856 2337 eorum,
1880 2251 2082 2346 quilectio-

39 2351 234 2422 lectionem
251 2347 469 2442 sequamini,
494 2361 534 2418 ut
545 2362 579 2419 et
591 2349 714 2440 legatis
726 2347 838 2419 libros
847 2367 981 2434 sacrus,
1004 2359 1040 2418 et
1088 2369 1135 2416 ne
1151 2343 1290 2416 assidua
1314 2347 1525 2436 excitantur,
1550 2349 1663 2439 magis
1677 2350 1870 2424 flectuntur
1891 2353 1936 2424 ad
1950 2353 2084 2445 cogita-

40 2453 128 2524 inde
151 2451 353 2524 doctrinam
368 2449 543 2541 integram
557 2445 736 2521 Ecclesiae
756 2447 919 2536 sumatis,
943 2471 1040 2520 eam-
1087 2445 1223 2520 tionem
1238 2447 1282 2516 de
1297 2441 1395 2540 Deo,
1421 2450 1512 2522 etad
1527 2451 1688 2522 omnium
1705 2453 1877 2525 virtutum
1896 2455 2022 2526 officia.
2143 2473 2154 2494 ·

39 2577 112 2650 que
126 2577 309 2640 exercere,
334 2551 374 2622 iu
389 2552 616 2624 consolandis
628 2551 730 2623 vobis
747 2563 781 2624 et
793 2551 873 2622 aliis
886 2549 1039 2622 discatis.
1190 2545 1355 2644 Denique
1375 2573 1584 2624 moveamur
1608 2551 1713 2626 Pauli
1731 2553 1845 2642 dicto,
1878 2557 1940 2651 qui
1965 2551 2082 2629 hicet
2131 2635 2134 2642 g

143 2654 291 2728 Nullius
312 2654 366 2726 rei
386 2679 490 2740 cura,
521 2653 644 2724 nullus
666 2653 787 2738 labor,
819 2652 859 2722 in
882 2647 948 2724 hac
964 2665 1038 2724 tota
1088 2649 1319 2721 attentionem
1354 2663 1389 2723 et
1411 2652 1653 2726 assiduitatem
1678 2657 1867 2750 praecipit,
1901 2683 1982 2728 cum
2013 2661 2079 2732 ait:

37 2759 115 2830 vita
129 2757 276 2852 utilior,
299 2769 360 2828 aut
377 2757 489 2848 magis
504 2753 720 2825 necessarius
737 2765 805 2840 est,
831 2777 937 2848 quam
953 2748 1039 2824 haec
1088 2749 1146 2824 Sis
1162 2748 1321 2823 intentus
1334 2749 1490 2826 lectioni.
1541 2751 1589 2828 Et
1604 2756 1692 2827 alibi
1705 2759 1840 2854 inquit:
1866 2757 1991 2830 Sermo
2011 2759 2080 2832 Dei

38 2859 229 2932 doctrinae
242 2858 400 2930 coelestis
409 2855 611 2938 meditatio,
636 2879 728 2950 quae
742 2867 777 2926 et
791 2867 925 2927 certum
937 2877 1039 2946 prae·
1087 2853 1231 2924 abunde
1245 2854 1340 2926 iuter
1355 2877 1418 2926 vos
1435 2851 1590 2944 habitet,
1612 2871 1648 2932 et
1661 2860 1763 2930 vobis
1775 2858 1962 2934 familiaris
1981 2862 2039 2936 sit.

37 2963 178 3035 sidium
196 2973 249 3034 est
270 2959 370 3032 vitae
380 2958 590 3052 praesentis,
615 2971 651 3029 et
664 2957 782 3028 aditus
798 2969 851 3027 est
866 2958 911 3027 ad
925 2969 1039 3028 aeter·
1190 2950 1309 3026 Huius
1323 2955 1411 3026 anni
1424 2957 1639 3030 calamitates
1654 2960 1758 3032 etiam
1773 2985 1839 3033 nos
1854 2965 2081 3050 admoneant,

37 3087 127 3135 nam
150 3063 322 3142 salutem,
347 3073 387 3132 ut
398 3059 530 3132 Paulus
546 3059 681 3154 inquit,
713 3055 948 3148 Evangelium
966 3081 1040 3130 esse
1087 3069 1129 3128 ut
1143 3053 1182 3126 in
1196 3056 1307 3129 totius
1321 3058 1415 3130 vitae
1428 3059 1705 3149 gubernatione,
1729 3063 1819 3136 etin
1836 3064 1953 3135 officio
1969 3065 2080 3140 simus
2139 3151 2141 3156 ¹

37 3163 240 3260 potentiam
254 3161 323 3235 Dei
345 3163 392 3233 ad
412 3163 562 3234 salutem
576 3160 675 3231 omni
691 3159 861 3235 credenti.
1088 3157 1342 3248 diligentiores.
1393 3157 1504 3254 Saepe
1519 3156 1587 3234 hoc
1601 3186 1697 3234 anuo
1713 3165 1758 3235 ad
1776 3189 1872 3237 aram
1888 3161 2081 3264 lachrymis

146 3261 502 3358 Sedpatrociuantur
515 3262 627 3356 aliqui
640 3283 722 3332 suae
734 3259 915 3352 ignaviae,
933 3271 968 3332 ct
982 3281 1039 3332 sa-
1088 3271 1124 3330 et
1144 3259 1308 3350 precibus
1331 3282 1452 3352 pacem
1474 3263 1681 3354 petivimus,
1719 3280 1755 3338 ct
1779 3267 1953 3358 mitigavit
1982 3267 2081 3343 Deus
2183 3317 2185 3322 -

37 3369 87 3442 tis
112 3389 190 3439 esse
213 3367 357 3454 dicunt,
388 3367 496 3436 mmcl
516 3378 622 3462 atque
645 3363 774 3435 iterum
791 3363 907 3453 legere
923 3383 1039 3433 sacros
1087 3381 1231 3454 poenas.
1282 3357 1355 3432 Sed
1378 3362 1445 3434 crit
1466 3365 1666 3436 durabilior
1680 3390 1768 3458 pax,
1790 3369 1820 3438 si
1835 3391 1950 3442 mores
1965 3372 2080 3443 nostrl

36 3471 175 3556 libros,
214 3469 354 3561 saepius
381 3467 504 3540 eadem
535 3467 709 3557 relegere,
747 3463 863 3535 videri
894 3461 1040 3536 inanem
1089 3475 1194 3534 erunt
1210 3463 1458 3550 modestiores,
1483 3479 1518 3538 et
1539 3467 1570 3536 si
1590 3468 1801 3556 cog'tatione
1820 3471 2002 3542 doctrinae
2016 3495 2079 3563 pe·
2142 3521 2147 3530 ·

37 3564 301 3670 βαττολογίαν
323 3591 408 3641 esse.
1088 3577 1185 3636 ctora
1213 3575 1333 3634 nostra
1366 3566 1410 3634 ad
1445 3567 1647 3638 ardentiora
1681 3583 1764 3642 vota
1792 3571 2077 3647 exuscitabimus.

147 3670 294 3746 Utinam
312 3669 418 3742 multi
426 3669 504 3743 'siut
523 3669 586 3766 qni
599 3667 708 3742 semel
722 3679 828 3766 atque
841 3665 972 3739 iterum
988 3665 1038 3738 lta
1088 3665 1310 3756 Languidior
1330 3679 1383 3738 cst
1403 3667 1499 3738 euim
1514 3667 1632 3740 omnis
1647 3671 1822 3764 precatio,
1852 3672 1929 3744 sine
1945 3675 2079 3746 doctri-

38 3777 166 3868 lcgant
191 3797 315 3846 omnes
350 3773 463 3845 libros
490 3768 717 3866 propheticos
743 3783 778 3844 et
805 3768 1039 3864 apostolicos,
1088 3791 1156 3838 nae
1172 3765 1395 3857 cogitatione.
1445 3765 1616 3848 Ecoutra
1622 3821 1636 3856 ,
1657 3771 1689 3842 si
1703 3786 1765 3844 aut
1778 3773 1874 3852 ebrii
1885 3776 2079 3870 voluptati·
2164 3841 2167 3852 ,

37 3891 83 3950 ιιι
96 3899 240 3964 veram,
264 3874 441 3962 nativam,
464 3887 500 3945 et
513 3875 756 3964 incorruptam
776 3871 985 3946 seutentiam
1000 3872 1040 3941 iu
1087 3871 1175 3954 bus,
1199 3883 1262 3941 aut
1278 3869 1438 3963 occupati
1460 3871 1633 3961 araneis,
1665 3875 1882 3966 negligemus
1897 3878 2080 3950 doctrinae
2116 3939 2118 3945 .

38 3977 133 4051 locis
156 3975 358 4074 praecipuis
388 3989 423 4050 et
443 3975 669 4069 dogmatibus
689 3985 834 4048 teneant
856 3985 893 4046 et
911 3973 1041 4045 memi-
1089 3971 1224 4055 studia,
1245 3971 1378 4044 accidet
1390 3969 1584 4062 nobishoc,
1604 3977 1700 4070 quod
1716 3976 1755 4048 in
1768 3977 1967 4054 tristissima
1981 4005 2080 4052 com-

39 4081 180 4153 nerint.
1089 4073 1288 4144 minatione
1310 4077 1404 4166 apud
1426 4073 1581 4148 Hoseam
1600 4076 1817 4169 praedictum
1837 4094 1904 4152 est:
1930 4081 2024 4173 Quia
2040 4098 2080 4156 tu

148 4177 205 4253 Ne
235 4197 300 4270 ego
333 4177 477 4273 quidem
506 4175 651 4271 requiro
684 4177 926 4270 scrupulosam
955 4175 1041 4248 dili·
1090 4161 1273 4246 scientiam
1303 4176 1486 4268 repulisti,
1516 4179 1686 4271 repellam
1717 4191 1772 4268 te,
1803 4203 1851 4252 ne
1883 4185 2081 4256 sacerdotio

38 4281 202 4378 gentiam
223 4279 264 4350 in
283 4279 432 4352 minutis
452 4279 575 4364 rebus,
607 4277 839 4374 siuenquibus
866 4277 1041 4352 certitudo
1089 4271 1363 4367 iungarismihi.
1625 4331 1626 4338 ι
1700 4292 1709 4302 ’

37 4390 274 4478 dogmatum,
297 4403 361 4454 seu
373 4381 602 4453 articulorum
616 4378 718 4463 lidci,
742 4381 900 4475 conspici
923 4393 1041 4454 tamen
1193 4371 1330 4450 Omnia
1351 4379 1445 4450 bella
1467 4377 1668 4471 impediunt
1689 4382 1872 4454 literarum
1887 4385 2022 4474 studia,
2047 4399 2082 4457 et

37 4499 182 4583 potest,
208 4484 255 4556 sit
267 4483 364 4554 enim
378 4483 556 4554 enarratio
570 4483 719 4573 analoga
731 4479 834 4569 lidei,
857 4498 898 4556 ut
908 4480 1042 4554 Paulus
1090 4479 1226 4553 faciunt
1248 4479 1495 4576 squallidiores
1516 4475 1710 4572 Ecclesias,
1742 4499 1784 4558 ut
1798 4484 1906 4560 unius
1920 4488 2007 4558 anni
2021 4512 2081 4560 ca·

37 4588 185 4683 inquit,
211 4599 247 4658 et
262 4581 357 4657 hanc
378 4607 541 4656 nomam
557 4583 755 4670 intuentes,
786 4583 1041 4678 proprietatem
1090 4581 1232 4656 lamitas
1245 4584 1413 4658 ostendit.

39 4687 223 4764 sermonis
232 4682 392 4759 adhibita
407 4687 631 4772 dexteritate,
652 4707 859 4781 sequamur,
883 4699 919 4759 et
931 4685 1043 4758 assint
1194 4682 1340 4774 Quanta
1363 4697 1482 4756 autem
1505 4683 1660 4758 solitudo
1680 4682 1935 4775 Ecclesiamm,
1967 4713 2082 4784 quau-

39 4815 149 4866 arnor
177 4787 355 4870 veritatis,
389 4801 425 4860 et
453 4789 606 4874 candor,
637 4811 703 4858 nec
734 4801 919 4880 propterea
950 4800 1042 4859 totas
1091 4799 1147 4861 tae
1161 4788 1330 4858 tenebrae
1344 4799 1528 4860 secuturae
1542 4803 1680 4876 essem,
1704 4789 1752 4877 si,
1778 4791 1874 4885 quod
1889 4788 1987 4862 Deus
2009 4793 2082 4862 cle·

40 4889 239 4967 conciones
259 4885 519 4984 Prophetarum
543 4889 768 4982 abiiciamus,
802 4888 909 4960 etiam
927 4888 1044 4961 sicubi
1090 4901 1230 4962 menter
1256 4902 1411 4976 avertat,
1441 4909 1566 4962 rursus
1583 4889 1623 4962 in
1645 4885 1704 4963 his
1723 4891 1928 4986 regionibus
1947 4893 2083 4964 bellum

41 4991 284 5070 Grammatici
298 4991 577 5086 unamaliquam
593 5015 716 5062 vocem
732 5013 808 5061 non
823 4993 947 5063 eodem
962 5013 1043 5062 mo-
1091 4991 1350 5063 incenderetur.

40 5099 95 5172 do
113 5097 411 5188 interpretantur,
436 5115 588 5188 quarum
610 5093 891 5187 disputationum
906 5091 1042 5165 diiudi·
1191 5091 1274 5166 Non
1290 5093 1493 5166 dubitemus
1506 5105 1643 5180 autem,
1663 5093 1768 5165 nubis
1782 5091 2084 5168 etcommuniEc·
2174 5173 2177 5180 ,

40 5199 142 5275 catio
165 5219 270 5291 saepe
290 5196 405 5268 facilis
426 5209 479 5268 est
502 5195 623 5266 dextre
639 5195 890 5267 iudicantibus.
939 5189 988 5268 Et
1001 5207 1044 5268 ut
1091 5193 1226 5290 clesiae,
1250 5195 1401 5288 gemitus
1414 5208 1572 5282 nostros,
1593 5189 1808 5291 lachrymas,
1832 5211 1933 5282 vota,
1958 5211 1992 5270 ct
2006 5221 2084 5270 cac·

41 5302 119 5376 siut
134 5321 247 5394 pauca
266 5299 438 5394 quaedam
453 5297 626 5368 vocabula
641 5297 769 5368 veteris
783 5297 943 5390 linguae,
966 5319 1042 5368 non
1092 5309 1168 5369 tera
1182 5297 1242 5391 pia
1257 5297 1395 5384 officia,
1419 5299 1466 5370 ad
1480 5320 1603 5392 pacem
1618 5311 1653 5368 et
1666 5300 1711 5369 ad
1727 5298 1795 5369 alia
1804 5293 1872 5369 Dei
1883 5300 1983 5371 dona
1999 5301 2086 5372 reti-

42 5403 132 5478 satis
152 5415 257 5492 uota,
281 5401 322 5474 iu
345 5395 402 5473 his
417 5421 494 5473 nou
507 5397 726 5494 periclitatur
743 5399 838 5476 salus
853 5395 1043 5490 Ecclesiae,
1089 5399 1227 5490 nenda,
1256 5399 1444 5497 profutura
1472 5421 1559 5474 esse.
1617 5395 1678 5473 Sic
1710 5400 1806 5472 enim
1829 5399 1948 5499 iuquit
1970 5397 2086 5476 Deus:
