4704 5826
127 287 229 372 101⁷
727 265 892 396 nucu
929 281 1006 365 na
1038 277 1248 363 unottu
1279 277 1559 367 lustrata,
2056 283 2157 357 sors

120 466 264 536 minum
286 457 450 538 nostrum
465 461 581 538 lesum
599 457 799 551 Christum,
823 457 1027 534 crucifixum
1049 483 1114 553 pro
1164 457 1363 554 illustrante
1382 476 1503 555 pectus
1524 486 1663 550 meum,
1694 464 1775 556 plus
1795 460 1910 556 cogito
1931 465 1976 538 dc
1989 461 2087 553 Deo,
2100 505 2105 514 ·
2119 481 2153 540 et

120 567 231 638 nobis
245 579 281 639 et
296 567 562 654 resuscitatum,
582 575 873 638 conservaturum
890 587 987 649 esse,
1008 562 1114 633 etiam
1164 565 1211 632 de
1226 563 1403 634 creatione
1421 560 1595 648 hominis,
1617 568 1710 637 etde
1726 567 1889 640 instituto
1903 569 1997 640 vitae
2011 571 2152 640 ordine:

10 654 18 666 ’
122 669 165 740 in
185 663 251 739 hac
266 667 359 751 vita,
384 665 579 740 Ecclesiam
602 691 702 740 suam
723 689 836 763 usque
859 668 905 738 ad
928 664 1116 738 resuscita·
1166 689 1208 734 eo
1233 665 1345 755 magis
1369 666 1474 737 doleo
1495 679 1631 739 tantam
1657 690 1731 738 esse
1754 669 1939 761 caliginem
1962 672 2001 741 in
2026 685 2154 746 natura

123 771 260 840 donem
294 782 532 842 mortuorum:
571 783 607 843 et
635 769 780 865 quidem
811 767 864 840 ibi
894 779 1115 839 servaturum
1165 760 1373 850 hominum,
1405 782 1446 840 ut
1466 769 1554 840 adeo
1572 769 1791 862 negligenter
1813 771 2011 844 consideret
2036 771 2153 846 Deum

123 893 217 958 esse,
246 871 311 942 nbi
332 885 437 943 erunt
456 871 574 943 studia
593 895 696 942 verae
715 869 911 948 doctrinae.
967 867 1039 940 Sed
1061 879 1115 938 ta-
1165 882 1201 940 et
1217 869 1294 940 eius
1308 870 1539 942 voluntatem.

122 996 208 1042 men
232 973 377 1044 dissidia
397 967 504 1044 huius
522 973 701 1066 temporis·
713 995 790 1044 non
810 972 922 1057 levia,
956 982 991 1042 et
1008 968 1116 1054 bella,

120 1096 290 1164 magnum
309 1068 400 1143 mihi
416 1077 577 1145 dolorem
595 1075 773 1146 adierunt.
825 1069 973 1146 Accedit
995 1084 1031 1143 et
1048 1071 1115 1142 do·

121 1176 288 1250 mesticus
304 1175 439 1262 luctus,
463 1177 589 1246 amissa
607 1171 856 1246 honestissima
874 1172 1033 1264 coniuge.

1266 1016 1347 1089 Hoc
1358 1032 1475 1091 autem
1491 1021 1594 1106 facio,
1620 1023 1717 1116 quod
1733 1037 1785 1094 est
1800 1023 1913 1095 nostri
1924 1023 2043 1096 officii.
2068 1020 2154 1092 Mo-

1165 1142 1234 1190 neo
1258 1143 1340 1206 vos,
1372 1135 1412 1192 ut
1434 1123 1559 1213 procul
1580 1123 1723 1213 fugiatis
1746 1149 1869 1194 omnes
1890 1126 1993 1212 illos,
2017 1125 2079 1219 qui
2101 1124 2153 1192 le-

1164 1243 1249 1311 gurn
1269 1237 1471 1294 nostrarum
1492 1225 1692 1294 doctrinam
1719 1239 1971 1313 contemnunt,
1996 1239 2031 1296 et
2053 1248 2155 1294 rum-
2265 1233 2267 1243 '

183 1329 187 1336 '
221 1323 442 1419 Quanquam
472 1323 582 1414 igitur
609 1318 772 1396 hortator
801 1345 917 1408 eram,
953 1334 995 1394 ut
1023 1319 1115 1392 alius
1164 1344 1249 1414 pere
1264 1345 1392 1394 nervos
1409 1324 1567 1394 iusticias
1582 1339 1617 1396 et
1633 1326 1840 1419 disciplinae
1855 1341 2043 1399 conantur.
2075 1323 2153 1396 Hos

120 1425 220 1499 hunc
238 1425 397 1498 laborem
414 1427 624 1518 susciperet:
649 1439 768 1496 tamen
789 1420 830 1494 hi
846 1423 918 1494 mei
933 1422 1114 1494 auditores
1164 1435 1298 1494 certum
1318 1439 1371 1494 est
1392 1437 1427 1495 et
1450 1420 1568 1498 hostes
1582 1427 1648 1498 Dei
1665 1449 1755 1513 esse,
1793 1441 1828 1500 et
1850 1429 1924 1500 suis
1946 1427 2153 1522 cupiditati·

122 1529 311 1623 petehant,
336 1549 382 1596 ne
399 1527 557 1618 ipsorum
571 1522 704 1598 honori
721 1519 896 1598 deessem:
930 1537 965 1595 et
979 1523 1115 1618 praeci·
1164 1525 1233 1596 bus
1265 1524 1440 1598 infinitam
1473 1527 1652 1600 licentiam
1685 1553 1872 1622 quaerere,
1920 1543 1955 1601 et
1986 1531 2155 1622 praebere

122 1655 195 1723 pue
218 1625 487 1701 honestissimus
511 1628 586 1710 vir,
613 1628 722 1698 irater
742 1627 813 1698 mei
837 1625 958 1717 generi
981 1618 1115 1695 charis-
1164 1647 1321 1698 canuam
1350 1626 1641 1722 dissipationibus
1668 1643 1702 1701 et
1731 1631 1987 1704 vastationibus
2015 1630 2154 1723 generis

124 1724 551 1816 simi‚·AndreasZoech:
580 1751 685 1822 quem
700 1729 750 1798 ita
764 1727 895 1819 diligo,
922 1741 956 1800 et
970 1737 1115 1818 propter
1164 1721 1326 1802 humani.

121 1835 311 1915 virtutem,
335 1846 369 1902 et
384 1845 529 1922 propter
544 1831 781 1915 adfinitatem,
806 1830 891 1900 acsi
906 1829 999 1898 filius
1016 1847 1115 1896 meus

122 1948 221 2005 essct.
273 1931 323 2002 Hi
337 1931 508 2014 orabant,
534 1945 575 2003 ut
589 1935 635 2001 ad
650 1943 785 2002 caetera
811 1943 957 2022 paterna
981 1927 1114 1998 heneti·

122 2037 178 2105 cia
194 2035 359 2104 adderem
381 2048 417 2104 et
440 2029 531 2103 hanc
553 2027 741 2102 honorifici
762 2030 956 2103 testimonii
980 2051 1116 2098 renun-

114 2137 326 2208 ciationem.
382 2131 476 2205 Cum
498 2134 609 2224 igitur
631 2155 691 2204 eos
715 2149 864 2226 paterno
883 2153 1004 2202 amore
1028 2128 1115 2200 dili-

120 2259 223 2328 gam,
247 2235 348 2306 nolui
365 2235 508 2307 tandem
523 2235 701 2326 refragari.
751 2233 868 2306 Pauca
889 2257 993 2318 vero,
1020 2243 1061 2303 ut
1074 2232 1114 2298 in

121 2334 191 2420 hac
212 2337 392 2408 moesticia
411 2359 489 2406 mea
510 2349 545 2406 et
567 2336 728 2428 publica,
763 2337 895 2406 dicam:
927 2348 969 2405 nt
996 2344 1115 2404 extent
1303 2414 1312 2433 ·

121 2439 386 2510 admonitiones
409 2451 550 2508 nostrae
566 2439 605 2507 in
621 2433 687 2507 hac
704 2451 842 2508 senecta
864 2435 1033 2528 repetitae
1054 2455 1114 2503 co-
1264 2413 1334 2485 Ηῑθ
1360 2425 1479 2484 11111111
1506 2415 1767 2506 111Ρ10111111111111
1794 2431 1845 2490 esi
1867 2442 2054 2490 commune
2076 2444 2151 2491 ma·

120 2565 199 2614 ram
216 2537 312 2630 Deo,
339 2553 375 2610 et
392 2561 510 2610 coram
535 2533 591 2608 his
612 2539 771 2610 coetibus
791 2534 1027 2622 scholasticis,
1050 2534 1114 2628 qui
1163 2517 1250 2586 111111·
1300 2509 2153 2638 11111111111111111111111111111111111111111111111111·
2210 2593 2215 2602 .

122 2656 208 2714 guut
221 2641 416 2735 praecipui,
1163 2629 1297 2688 uantur
1310 2629 1488 2709 potentes,
1513 2640 1603 2712 quae
1618 2633 1658 2692 nt
1672 2621 1810 2690 lacrlrus
1827 2635 1951 2712 agant,
1975 2637 2152 2717 quaerunt

184 2765 186 2777 .
404 2792 414 2811 ο
441 2790 450 2808 ⁶
1164 2731 1364 2810 praetextus
1385 2718 1495 2803 iuris,
1520 2726 1570 2789 ''et
1596 2719 1785 2794 inveniunt
1816 2723 1946 2793 tinctos
1976 2723 2150 2805 doctrina,

225 2791 388 2864 Primum
403 2783 1061 2882 1Ε11111·10101111101111011111111111111
1080 2799 1114 2856 ⁰¹
1164 2819 1227 2913 qui
1240 2819 1343 2888 malis
1360 2819 1518 2890 consiliis
1536 2821 1636 2892 lucos
1656 2835 1842 2916 quaerunt.
1892 2822 1989 2896 Haec
2009 2838 2060 2896 est
2083 2827 2155 2896 du·

121 2901 241 2971 coram
258 2893 390 2968 iudicio
404 2889 485 2974 Del>
509 2905 550 2963 111
565 2891 772 2981 1810111111,
798 2891 902 3010 118,θῆ
928 2888 1115 3006 11111ῗὶθηῦ
1163 2921 1244 3012 pler
1268 2919 1465 3006 iniusticia,
1497 2933 1539 2992 ut
1561 2919 1662 2993 Plato
1687 2925 1793 2996 dixit:
1827 2923 2003 2997 Scelerate
2023 2927 2150 3010 lacere,

122 2999 350 3090 disciplinam
365 2993 547 3066 rectricem
565 2995 676 3074 vitae,
704 3005 739 3063 et
752 2993 936 3082 politicum
952 2993 1113 3060 ordrnem
1163 3033 1198 3092 et
1210 3022 1339 3092 ,celem
1356 3022 1556 3113 ,dmm
1571 3035 1739 3117 „nquam
1761 3026 1947 3098 impiam·
1998 3024 2078 3098 ΗΜ
2093 3030 2152 3098 pn,

122 3123 197 3172 esse
219 3121 275 3169 res
295 3096 405 3169 aDco
427 3094 629 3180 ordinatas,
656 3106 691 3163 et
704 3093 809 3163 nohis
825 3105 1055 3180 monstratas,
1080 3102 1115 3161 et
1163 3145 1249 3214 gem
1264 3122 1432 3199 delictum
1454 3137 1593 3196 ,ceum
1614 3149 1681 3195 ,03
1704 3127 1846 3213 divim,
1870 3128 2051 3224 inqupffl„
2076 3129 2153 3202 vag

121 3209 249 3292 magna
273 3197 441 3270 beneficia
457 3195 539 3266 Dei:
562 3210 596 3266 et
617 3193 796 3286 postulare
817 3191 947 3277 Deum,
972 3207 1012 3263 ut
1028 3186 1115 3262 haec
1163 3224 1266 3294 vobi,
1285 3223 1350 3319 qui
1374 3223 1494 3295 dicipi,
1512 3225 1646 3296 magum
1668 3250 1742 3298 „st
1765 3229 1920 3316 bonum,
1953 3243 1989 3302 eg
2011 3231 2152 3302 bonum

121 3327 186 3376 sua
207 3305 303 3374 dona
326 3297 615 3388 111181111ΰῦ111111111
641 3309 677 3366 111
704 3316 969 3366 101111111111111
991 3306 1025 3364 ⁰²
1039 3315 1113 3411 ‚Per
1162 3348 1236 3396 esse
1260 3325 1404 3400 malum.
1463 3323 1613 3418 Propter
1633 3322 1718 3411 hoc,
1753 3331 1845 3403 sicut
1870 3331 1962 3422 ignis
1983 3333 2152 3426 stipulam

121 3431 163 3477 ea
187 3423 435 3496 agnoscamus,
465 3397 582 3492 qualis
603 3397 677 3486 ipse
698 3396 763 3480 sit,
788 3395 953 3466 videlicet
974 3415 1113 3486 sapiens
1163 3428 1330 3514 devorat,
1352 3426 1403 3496 sie
1417 3427 1599 3519 peribitis,
1621 3429 1711 3500 siem
1725 3431 1861 3502 favilla⁶

123 3521 159 3576 et
183 3505 310 3575 iustus:
347 3515 381 3572 et
403 3499 573 3584 sciamus,
605 3498 721 3590 ipsum
746 3497 837 3568 velle
852 3510 893 3567 ut
917 3509 1114 3586 congruant

122 3603 289 3678 homines
309 3628 389 3673 cum
415 3601 509 3693 ipso:
542 3613 576 3672 et
600 3621 682 3668 vere
706 3597 885 3668 vindicem
907 3619 998 3682 esse,
1032 3619 1112 3666 curn

120 3705 286 3780 homines
301 3703 556 3790 contumaciter
569 3699 706 3770 violant
720 3723 884 3770 normam
903 3721 987 3770 suae
1010 3697 1114 3769 iusti-

121 3811 207 3882 ciae.
259 3805 356 3878 Haec
378 3804 560 3876 verissima
579 3814 688 3882 sunt,
722 3815 757 3873 ct
781 3823 884 3894 saepe
903 3799 1050 3892 repetita
1073 3799 1112 3868 in

122 3911 261 4004 scriptis
277 3902 536 4002 Prophetarum
552 3916 586 3977 et
600 3899 868 3995 Apostolorum.

1266 1872 1369 1944 Hanc
1384 1875 1664 1947 admonitionem
1686 1879 1824 1950 scitisa
1847 1905 1924 1966 mc,
1950 1894 1983 1950 et
2003 1881 2049 1952 ab
2072 1879 2153 1950 aliis

1164 1987 1258 2046 recte
1274 1975 1511 2048 sentientibus
1526 1999 1627 2070 saepe
1646 1982 1773 2071 repeti:
1796 2005 1903 2074 quam
1925 1983 2049 2052 scitote
2070 2003 2153 2051 vere

1163 2097 1238 2146 esse
1252 2079 1624 2148 commonefactionem
1640 2103 1660 2150 a
1674 2078 1752 2150 Deo
1769 2083 1949 2154 traditam:
1973 2078 2021 2154 Et
2036 2079 2152 2152 Deum

1163 2199 1238 2248 esse
1264 2178 1459 2264 vindicem,
1498 2193 1534 2250 et
1557 2176 1745 2251 horrendis
1768 2185 1891 2274 poenis
1921 2183 2040 2254 delere
2064 2207 2152 2255 con·

1164 2292 1360 2353 temnentes
1373 2275 1465 2350 hanc
1479 2303 1580 2350 snam
1593 2282 1812 2372 sapientiam.

1263 3556 1381 3630 Huius
1407 3560 1532 3630 iudicii
1564 3562 1721 3654 exempla
1756 3577 1951 3636 cernuntur
1982 3567 2153 3640 omnihus
2198 3647 2200 3652 ,

1162 3660 1334 3732 aetatibus
1349 3662 1513 3754 plurima.
1567 3659 1688 3732 ludaei
1704 3679 1883 3756 praetextu
1898 3667 2092 3763 religionis,
2114 3683 2149 3740 et

1162 3761 1335 3832 libertatis
1357 3763 1548 3855 promissae
1572 3763 1610 3832 in
1634 3765 1729 3855 lege,
1753 3789 1855 3859 saepe
1873 3768 2053 3840 violarunt
2073 3773 2149 3840 loe-

1163 3865 1248 3933 dera
1270 3887 1351 3934 cum
1375 3865 1516 3955 regibus
1538 3863 1765 3960 Babylonicis
1786 3869 1892 3940 sacta:
1927 3885 2048 3961 ppstea
2069 3869 2147 3944 Ro-

1162 3988 1267 4034 mana
1286 3966 1427 4036 foedera
1452 3981 1590 4038 tantum
1606 3971 1760 4060 patriae,
1784 3984 1818 4040 et
1840 3971 1908 4040 sihi
1928 3973 2073 4044 exitium
2094 3988 2149 4045 at-

224 4047 296 4136 sed
311 4059 487 4138 iuniores,
513 4045 1112 4144 11111111111111111111111111111θ111111111·
1162 4079 1358 4140 traxerunt.
1420 4067 1566 4139 Vidistis
1590 4069 1628 4137 in
1645 4067 1847 4140 ‚Germania
1876 4072 2063 4166 aliquoties
2090 4071 2152 4145 his

123 4191 208 4262 gum
224 4177 259 4235 et
273 4159 383 4240 freni,
409 4181 483 4230 non
498 4153 724 4226 considerant
739 4154 853 4248 qualis
867 4155 912 4225 sit
926 4151 1041 4237 Deus,
1067 4154 1110 4222 ad
1162 4167 1327 4258 speciosi,
1343 4167 1457 4240 figuli,
1473 4193 1568 4238 „rma
1584 4169 1772 4240 infeliciter
1790 4187 1941 4265 sumpta·

122 4269 210 4366 quid
227 4259 429 4337 condiderit
445 4253 630 4340 homiues,
656 4268 689 4326 et
709 4256 807 4350 quod
827 4255 1058 4326 transfuderit
1074 4253 1113 4322 in

120 4393 188 4444 nos
220 4366 339 4439 radios
368 4385 450 4434 suae
481 4355 673 4452 sapientiae
696 4370 730 4428 et
757 4357 935 4441 iustitiae,
967 4369 1002 4426 et
1026 4354 1111 4426 velit

121 4495 189 4546 nos
206 4469 404 4544 conformes
425 4483 498 4532 esse
522 4483 606 4531 suae
626 4470 784 4532 naturae.
837 4456 922 4528 Ideo
945 4453 1111 4528 horribili

120 4573 266 4650 audacia
284 4566 469 4657 negligunt
482 4563 600 4652 legum
616 4571 650 4630 et
665 4559 825 4630 iusticiae
840 4559 1050 4643 doctrinam,
1076 4573 1111 4631 et

120 4686 318 4770 sequuntur
333 4689 413 4738 suas
431 4663 651 4758 cupiditates.
703 4657 799 4730 Hinc
816 4660 983 4730 oriuntur
996 4659 1035 4730 in
1051 4681 1111 4749 ge-

120 4801 205 4850 nere
231 4769 388 4845 humano
410 4766 583 4850 iniuriae,
608 4761 826 4842 discdrdiae,
853 4762 968 4844 bella,
994 4777 1110 4833 vasta-

118 4884 235 4954 tiones
248 4872 420 4966 gentium,
446 4883 481 4939 et
494 4866 653 4936 infinitae
667 4863 895 4938 calamitates.
943 4857 993 4933 Et
1008 4863 1111 4952 punit

118 4981 259 5074 sapiens
272 4989 306 5046 ct
321 4974 435 5044 iustus
450 4967 547 5040 Deus
559 4970 697 5038 lurores
713 4959 920 5046 hominum,
944 4985 1110 5055 praesen-

117 5085 214 5160 tibus
231 5093 266 5150 et
283 5072 437 5148 aeternis
451 5067 589 5162 poenis.

1263 4299 1313 4377 Ut
1326 4317 1441 4374 autem
1454 4317 1547 4374 recte
1560 4303 1742 4376 consulere
1756 4309 2052 4396 gubernatoribus
2066 4335 2150 4403 pos-

1161 4403 1257 4490 sitis,
1292 4405 1446 4497 primum
1470 4405 1652 4477 doctrinae
1672 4407 1786 4479 fontes
1809 4426 2082 4501 cognoscantur,
2113 4429 2148 4488 et

1161 4507 1338 4601 sequenda
1371 4521 1422 4577 est
1456 4531 1582 4578 norma
1613 4510 1652 4578 in
1678 4509 1756 4580 iure
1779 4511 1905 4583 divino
1928 4527 1963 4583 et
1988 4509 2151 4586 humano

1160 4609 1307 4701 scripta:
1334 4631 1408 4678 non
1424 4609 1608 4700 fingendae
1622 4625 1705 4682 sunt
1718 4613 1905 4704 opiniones
1921 4617 2065 4708 propria
2083 4641 2146 4708 pe-

1160 4709 1327 4790 tulantia,
1359 4713 1621 4782 accommodata
1644 4713 1688 4782 ad
1709 4714 1902 4785 lactionum
1926 4717 2148 4810 cupiditates.

1161 4807 1297 4880 Deinde
1316 4810 1361 4880 sit
1378 4812 1483 4884 etiam
1504 4811 1663 4884 iusticias
1680 4837 1796 4901 amor,
1821 4830 1855 4887 et
1873 4817 1946 4888 tale
1960 4821 2070 4890 animi
2085 4847 2147 4894 ro-

1161 4914 1278 4984 buret
1293 4911 1460 4996 firmitas,
1483 4927 1523 4985 ut
1540 4927 1742 4986 constanter
1758 4942 1857 4988 veras
1879 4933 1913 4991 et
1936 4909 2044 4992 iustas
2064 4947 2148 4994 sen-

1159 5013 1288 5085 tentias
1307 5015 1458 5099 tuearis,
1480 5039 1544 5085 nec
1566 5017 1724 5088 inflectas
1746 5021 1790 5088 ad
1810 5033 1993 5111 potentum
2018 5026 2151 5096 volun-

1158 5129 1260 5189 tates.
1309 5113 1362 5186 lta
1379 5115 1418 5186 in
1434 5117 1601 5188 omnibus
1615 5120 1679 5212 qui
1694 5121 1737 5189 ad
1753 5123 1901 5192 consilia
1919 5117 2151 5214 adhibentur,
2178 5153 2184 5166 ¹

219 5229 337 5302 Tanta
360 5236 413 5296 est
434 5220 643 5312 magnitudo
666 5213 793 5291 harum
816 5239 956 5302 rerum,
979 5229 1019 5286 ut
1043 5239 1111 5286 nee
1158 5217 1373 5288 necessariae
1394 5232 1479 5289 sunt
1501 5212 1566 5288 hae
1588 5221 1754 5292 virtutes:
1780 5224 1936 5313 cognitio
1954 5227 2151 5316 doctrinae,

116 5335 347 5428 Angelorum,
372 5350 437 5396 nec
450 5319 635 5393 hominurn
652 5319 855 5412 eloquentia
870 5312 954 5387 huic
969 5317 1108 5406 magni·
1158 5317 1316 5388 veritatis
1332 5341 1451 5404 amor,
1475 5321 1613 5398 iusticia
1635 5335 1671 5393 et
1692 5325 1909 5412 constantia,
1932 5329 2089 5402 veritatis
2111 5345 2148 5403 et

114 5437 235 5514 tudini
258 5455 323 5529 par
347 5429 407 5500 sit.
458 5424 530 5498 Sed
549 5445 620 5518 quo
643 5423 754 5512 magis
777 5442 940 5506 senesco,
973 5431 1007 5490 ct
1029 5415 1109 5491 Deo
1156 5419 1315 5491 iusticias
1331 5421 1586 5498 conservatrix.
