4616 5816
69 279 138 355 us
610 269 804 352 nucu
838 266 914 347 uu
948 265 1227 366 Quununn
1262 265 1493 344 cazani.
2011 269 2089 352 ιω

67 447 230 523 Ecclesiae
259 469 358 540 opes,
383 461 529 517 tamen·
548 445 697 516 eisnon
718 447 815 516 deest
839 442 1046 540 hospitium,
1096 447 1132 540 pi
1154 459 1299 516 tuentur
1322 444 1450 534 impios
1468 439 1600 530 uultus,
1624 445 1788 516 siveram
1806 443 2006 516 doctrinam
2022 451 2089 537 'op-

68 565 97 624 et
115 553 166 621 vel
189 575 306 636 canes,
334 551 371 620 id
394 563 462 634 est,
489 551 534 618 de
556 550 689 640 populo
711 549 842 642 aliqui,
868 573 928 619 eos
944 575 1043 618 com·
1094 549 1266 640 primunt,
1291 563 1330 618 ut
1347 546 1462 636 palam
1479 547 1631 632 faciccnt,
1650 549 1739 617 falso
1756 549 1898 618 titulum
1913 561 2088 639 usurpant

66 656 275 746 plectuntur,
304 653 494 735 adiuvant,
526 651 641 720 lenire
668 674 855 722 aerumnas
885 652 1044 742 cupiunt.
1093 649 1285 724 Ecclesiae.
1336 646 1389 717 Ae
1405 647 1542 736 Regum
1566 649 1722 719 officium
1737 665 1807 735 est,
1832 650 2016 720 facultates
2031 673 2089 719 ec·

65 755 195 826 Habent
224 769 257 825 et
286 756 448 826 custodes
474 749 649 841 Angelos,
689 753 751 845 qui
778 753 980 822 viventibus
1011 767 1044 822 et
1093 753 1300 822 clesiasticas
1325 751 1513 820 transferre
1536 754 1581 820 ad
1603 753 1762 822 coelestis
1787 752 1968 822 doctrinae
1985 775 2089 844 prae·

65 857 286 927 morientibus
310 859 450 928 adsunt.
501 853 599 927 Haec
616 855 792 925 affirmant
806 857 948 925 oracula
964 877 1043 924 coe·
1094 879 1217 935 conss,
1252 855 1296 922 ad
1321 876 1380 922 eos
1408 853 1469 945 qui
1489 853 1638 942 gloriam
1662 851 1730 922 Dei
1754 879 1834 924 vere
1856 878 1984 923 ornare
2011 867 2089 924 stn-

64 961 171 1045 lestia,
203 974 237 1030 et
259 959 492 1050 comprobant
516 958 584 1048 ipsi
610 969 771 1042 eventns3
807 971 922 1026 servat
947 958 1041 1024 enim
1094 960 1190 1029 dent.
1244 956 1391 1026 Utinam
1409 954 1592 1046 Principes
1614 956 1870 1045 intelligerent,
1898 951 2087 1024 hancrem

64 1059 147 1132 Deus
168 1085 266 1130 suam
288 1057 501 1145 Ecclesiam,
525 1059 760 1133 frementibus
783 1059 854 1128 illis
877 1055 1042 1153 hypocci-
1093 1061 1136 1127 ad
1159 1059 1314 1128 officium
1337 1081 1439 1126 suum
1464 1059 1662 1147 pertinere,
1688 1083 1840 1152 quorum
1859 1057 2087 1148 praecipuum

64 1165 112 1248 tis,
137 1164 196 1256 qui
212 1163 420 1252 sanguinem
437 1163 580 1254 piorum
596 1161 763 1230 exorbere
778 1162 936 1253 cupiunt.
971 1159 1041 1231 Sed
1093 1173 1143 1230 est
1166 1183 1315 1243 munus,
1340 1160 1547 1247 religionem
1572 1185 1719 1246 ornare,
1752 1155 1940 1230 defendere
1963 1155 2087 1228 Eccle-

64 1289 128 1334 nou
157 1279 294 1334 tantum
327 1264 465 1332 institui
494 1263 691 1356 querelam,
731 1264 937 1354 praesertim
961 1287 1040 1331 cum
1092 1263 1192 1331 siam.
1245 1261 1339 1330 llaec
1353 1274 1434 1330 sunt
1451 1285 1531 1330 vere
1547 1257 1706 1346 heroica,
1732 1275 1877 1353 propter
1893 1259 2086 1353 quaeDeus

64 1361 139 1434 haec
153 1368 299 1434 vulnera
316 1361 493 1434 Ecclesiae
509 1389 615 1433 nemo
633 1389 705 1432 nun
724 1365 899 1456 deploret:
927 1388 1040 1434 reme·
1093 1365 1248 1456 impertit
1266 1362 1465 1432 societatem
1482 1363 1638 1432 nominis
1654 1365 1708 1434 sui
1726 1365 1828 1433 bonis
1846 1363 2087 1454 Principibus,

65 1469 115 1536 dia
142 1469 339 1560 quaerenda
367 1482 460 1538 sunt.
530 1463 632 1554 Quae
659 1468 794 1537 utinam
828 1467 981 1536 salubria
1008 1479 1042 1536 et
1092 1481 1132 1536 ut
1148 1468 1212 1537 ait:
1239 1461 1316 1556 Ego
1335 1465 1407 1533 dixi
1425 1466 1490 1534 Dii
1509 1467 1602 1550 estis,
1625 1463 1692 1535 hoc
1710 1479 1771 1549 est,
1795 1489 1850 1536 ces
1869 1466 2008 1534 divinas
2025 1489 2087 1534 cu-

64 1561 226 1640 ἀνώδυνα
242 1565 441 1638 monstrare
457 1591 604 1660 possem.
655 1567 725 1638 Sed
742 1591 821 1637 vere
837 1568 955 1662 inquit
968 1565 1040 1636 De·
1091 1570 1302 1652 stodientes,
1327 1563 1580 1656 Evangelium,
1606 1570 1684 1659 pios
1710 1569 1825 1640 cultus
1846 1569 2088 1652 defendentes,

66 1666 270 1740 mosthenes:
304 1665 761 1765 Reprehenderetquilibet
792 1683 923 1761 potest,
957 1673 1042 1738 dare
1091 1671 1239 1760 gloriam
1258 1668 1344 1751 Dei,
1376 1667 1769 1755 adversusDiabolum‚
1792 1669 1857 1763 qui
1872 1669 2003 1761 spargit
2018 1669 2086 1736 im-

65 1773 236 1842 consilium
262 1773 366 1863 pauci
385 1785 544 1862 possunt.
595 1768 686 1848 Cum
706 1785 822 1842 autem
840 1767 1041 1841 haecsrho-
1093 1773 1167 1862 pias
1184 1773 1391 1863 opiniones,
1417 1772 1480 1864 qui
1497 1772 1656 1842 incendit
1673 1785 1844 1867 tyrannos
1858 1773 1902 1842 ad
1920 1793 2086 1840 exercen-

64 1874 168 1943 lastica
184 1876 421 1965 consuetudo,
448 1887 488 1944 ut
503 1872 607 1942 initio
623 1873 716 1957 dixi,
741 1877 909 1943 concedat
923 1873 1041 1958 nobis,
1093 1877 1177 1971 dam¹
1198 1873 1391 1944 saevitiam.
1452 1871 1534 1942 Non
1557 1887 1697 1954 tantum
1722 1874 1931 1964 corporibus
1955 1871 2086 1942 nostris

65 1989 98 2046 ut
124 1977 163 2045 de
182 1971 378 2060 Ecclesia„
395 1990 562 2069 tanquam
589 1975 626 2044 in
652 1975 818 2066 Synodo,
850 1976 1040 2046 sententias
1091 1978 1202 2046 seruit
1221 1975 1467 2065 Magistratus,
1492 1976 1553 2043 sed
1578 1977 1691 2045 multo
1715 1976 1826 2065 magis
1849 1975 1981 2065 gloriae
2005 1971 2085 2044 Det.

64 2077 224 2161 dicamus,
251 2079 478 2162 monstrabo,
506 2089 546 2145 nt
562 2089 661 2144 vocat
677 2073 948 2162 Demosthenes,
972 2073 1041 2169 τὴν
1093 2077 1200 2167 Quod
1222 2079 1253 2146 si
1274 2091 1389 2147 essent
1407 2077 1556 2161 alicubi,
1573 2079 1642 2170 »qui
1659 2079 1777 2169 palam
1793 2073 1986 2168 Epicureas
2003 2075 2084 2167 opi·

65 2174 181 2270 εὐσεβῆ
204 2174 269 2249 καὶ
293 2173 444 2252 δικαίαν
463 2183 611 2275 aprione:
639 2201 703 2246 nec
725 2179 755 2247 si
778 2179 815 2246 in
833 2178 979 2274 Synodo
1002 2181 1040 2246 in
1092 2181 1217 2249 niones
1235 2179 1502 2271 profiterentur,
1534 2203 1579 2247 an
1604 2203 1678 2252 non
1701 2179 1951 2269 Magistratum
1975 2201 2085 2269 opor-

10 2351 11 2362 ,
68 2281 255 2366 suffragium
281 2283 439 2352 eundum
459 2282 544 2364 erit,
568 2278 672 2346 aliam
689 2281 897 2350 sententiam
914 2281 1040 2350 dicam.
1092 2281 1160 2352 tuit
1195 2305 1331 2351 summa
1368 2279 1550 2349 severitate
1588 2282 1627 2349 in
1659 2283 1746 2352 tales
1781 2279 2085 2350 animadvertere?

66 2377 151 2450 Enna
172 2383 314 2470 ingenia
331 2379 522 2466 adhortor,
548 2393 587 2452 ut
604 2382 767 2451 deserant
781 2383 841 2451 illa
858 2383 967 2474 impia
983 2407 1040 2452 so·
1091 2382 1172 2453 Non
1191 2397 1242 2452 est
1258 2383 1556 2452 contemnendum
1574 2397 1815 2476 praeceptum,
1837 2383 1933 2476 quod
1950 2381 2083 2472 inquit:

67 2482 194 2567 dalicia,
229 2485 366 2574 polluta
396 2483 579 2566 idolatria,
613 2483 703 2552 sicut
734 2485 904 2576 praecipit
929 2483 1039 2554 Deus:
1090 2481 1324 2576 Blasphemns
1353 2497 1466 2552 morte
1496 2485 1690 2557 moriatur.
1744 2481 1792 2555 Et
1822 2507 1959 2554 rursus:
2002 2481 2082 2551 Non

10 2649 11 2654 ,
66 2581 173 2671 Fugite
197 2585 413 2656 idolatriam.
466 2583 603 2654 Deinde
630 2579 696 2652 hoc
719 2587 832 2670 addo,
865 2584 980 2676 Reges
1007 2601 1041 2657 et
1090 2587 1278 2681 usurpabis
1295 2609 1426 2654 nomen
1443 2583 1510 2653 Dei
1526 2610 1626 2656 vane.
1677 2585 1815 2656 Harum
1832 2587 1949 2675 legum
1966 2597 2083 2654 custos

66 2682 229 2776 Principes
249 2689 379 2756 debere
401 2683 487 2756 hacc
507 2686 621 2755 officia
639 2683 735 2770 Deo,
760 2699 800 2756 ut
818 2687 946 2776 impios
964 2689 1040 2758 cul·
1091 2713 1170 2758 cum
1197 2689 1242 2758 sit
1260 2687 1506 2776 Magistratus,
1539 2683 1631 2757 haud
1660 2689 1768 2758 dubie
1791 2689 1931 2760 abolere
1954 2687 2083 2778 impios

10 2827 11 2832 ι
67 2800 112 2854 tos
129 2789 268 2872 tollant,
295 2790 337 2857 ad
362 2789 440 2877 pios
459 2807 563 2868 usus,
590 2789 635 2856 ad
657 2787 803 2858 alendos
826 2803 980 2878 pastores
999 2813 1039 2858 ac
1091 2791 1206 2861 cultus
1230 2792 1351 2873 debet,
1376 2789 1561 2858 restituere
1586 2791 1679 2878 pios,
1708 2806 1743 2861 et
1766 2790 1939 2858 ministris
1960 2785 2083 2858 Evan-

66 2883 293 2974 scltolasticos,
340 2891 552 2959 transferant
583 2889 763 2959 facultates
787 2887 1039 2964 Ecclesiarum.
1091 2893 1173 2981 gelii
1199 2892 1373 2984 stipendia
1399 2893 1500 2974 dare,
1533 2893 1728 2982 quaeipsis
1755 2892 1793 2961 in
1816 2889 1973 2961 Ecclesia
1996 2913 2083 2959 con·

64 2986 152 3059 Hanc
174 2992 385 3062 sententiam
411 3017 484 3061 non
508 2993 581 3081 ipse
604 2992 833 3081 nunclingo,
866 2993 1039 3063 divinitus
1091 2994 1210 3064 stituta
1234 3008 1329 3062 sunt.
1380 2991 1452 3061 Nec
1476 3005 1598 3083 putent
1623 3017 1659 3062 se
1676 2995 1799 3064 leviter
1814 3017 1956 3086 peccare
1973 2989 2083 3060 Prin-

66 3093 177 3161 tradita
200 3107 252 3164 est
276 3093 315 3160 in
338 3094 443 3162 sacris
469 3094 597 3174 literis,
624 3107 658 3161 et
681 3093 792 3164 multa
814 3085 1040 3164 habetlucu-
1090 3097 1204 3188 cipes,
1230 3096 1259 3162 si
1284 3096 1320 3164 id
1338 3095 1490 3163 officium
1508 3097 1704 3184 negligant;
1731 3121 1812 3163 nam
1831 3095 1923 3186 apud
1940 3091 2083 3164 Esaiam

67 3191 148 3262 lenta
168 3194 376 3285 Principum
401 3209 437 3264 et
458 3194 683 3289 Synodornm
710 3195 930 3279 testimonia,
951 3220 1040 3289 qnae
1090 3211 1262 3268 vocantur
1279 3197 1472 3266 nutritores
1488 3194 1674 3266 Ecclesiae.
1724 3195 1773 3268 Et
1787 3195 1926 3286 Aggeus
1943 3219 1981 3266 ac
2001 3193 2084 3264 Ma·
2121 3265 2124 3271 ,

65 3309 168 3365 vetant
190 3321 244 3366 res
268 3299 416 3366 donatas
432 3293 629 3379 Ecclesiae,
655 3297 699 3362 ab
714 3296 841 3366 ociosis
855 3311 888 3365 et
903 3297 1040 3386 ignavis
1089 3293 1222 3369 lacbias
1247 3321 1366 3367 severe
1391 3299 1580 3385 obiurgant
1607 3301 1779 3390 populum
1797 3323 1870 3368 non
1887 3299 2082 3367 solventem

65 3398 229 3482 devorari,
256 3397 320 3490 qui
337 3423 412 3466 non
427 3412 511 3468 sunt
528 3399 606 3466 usui
624 3393 812 3470 Ecclesiae.
864 3394 969 3468 Extat
984 3400 1039 3468 lex
1089 3401 1275 3491 pensiones
1290 3401 1427 3470 debitas
1442 3401 1593 3490 templo,
1619 3427 1657 3470 ac
1668 3399 1933 3471 Sacerdotibus:
1959 3413 1993 3468 et
2009 3398 2083 3465 mi-

66 3493 241 3569 Theodosii
265 3500 304 3566 in
327 3499 477 3584 Codice,
511 3522 600 3592 quae
622 3501 751 3568 diserte
778 3493 962 3589 prohibet,
994 3525 1039 3568 ne
1090 3516 1222 3581 nantnr
1236 3503 1477 3583 sterilitatem,
1504 3525 1542 3568 ac
1557 3502 1702 3584 fetorem,
1727 3503 1797 3569 nisi
1813 3499 1995 3569 liberalius
2009 3499 2083 3567 sol-

65 3599 213 3670 fruantur
230 3601 405 3671 reditibus
419 3597 477 3684 hi,
504 3601 566 3692 qui
582 3625 660 3669 cum
677 3600 798 3668 titulos
814 3601 1038 3670 functionum
1090 3616 1186 3672 vant.
1239 3601 1329 3672 Cum
1351 3603 1459 3692 igitur
1482 3601 1611 3670 iniuste
1635 3616 1777 3672 teneant
1799 3598 1883 3670 haec
1906 3601 2082 3693 stipendia

66 3702 362 3773 ecclesiasticarum
399 3697 572 3787 habeant,
610 3701 764 3770 officium
791 3725 865 3770 nou
892 3703 1039 3775 faciunt.
1089 3701 1275 3795 Episcopi,
1318 3702 1490 3776 Canonici
1522 3719 1555 3774 et
1581 3699 1771 3794 Monacbi‚
1815 3729 1894 3773 cum
1926 3715 2084 3794 pastores

65 3797 196 3874 'folcrat
216 3805 332 3892 legem
347 3800 592 3888 Theodosius,
613 3817 653 3872 ut
674 3803 853 3872 facultates
876 3805 1039 3874 ecclesia·
1091 3807 1167 3897 pios
1194 3821 1227 3877 et
1250 3801 1378 3876 horum
1402 3805 1568 3892 coniuges
1592 3819 1626 3874 et
1650 3807 1781 3876 liberos
1797 3808 1889 3874 fame
1905 3806 2019 3896 perire
2035 3805 2084 3872 si-

65 3903 172 3986 sticae,
202 3930 293 3999 quas
317 3903 525 3976 Donatistae
555 3907 738 3988 tenebant,
767 3906 1041 3975 transferrentur
1090 3921 1195 3992 nant,
1228 3895 1307 3978 cuin
1335 3909 1546 3977 defraudent
1576 3902 1820 3992 scholasticos,
1854 3933 1933 3976 cum
1966 3907 2082 3977 studia

65 4005 102 4072 ad
123 4007 193 4096 pias
216 4004 404 4078 Ecclesias.
455 4006 598 4076 Novum
621 4005 819 4097 exemplum
841 4007 962 4076 odiose
982 4033 1040 4077 ca·
1090 4010 1250 4093 deleant,
1277 4007 1373 4079 Dens
1389 4005 1560 4100 postulat,
1588 4023 1628 4078 ut
1642 4007 1826 4100 Principes
1842 4033 1944 4078 verae
1959 4005 2083 4078 Eccle-

65 4104 321 4180 lumuiabantnr
335 4107 558 4192 Donatistae,
585 4108 870 4178 vociferabantur
883 4109 1039 4180 alienum
1090 4113 1161 4190 siae
1183 4125 1217 4180 et
1238 4112 1436 4180 studiorum
1451 4135 1569 4179 curam
1587 4112 1799 4201 suscipiant,
1826 4125 1860 4181 et
1878 4112 1956 4180 illas
1972 4125 2084 4202 pestes
2113 4121 2115 4131 '

66 4229 166 4279 ossea
189 4212 338 4302 pietate,
363 4212 546 4281 facultates
569 4211 720 4280 aliorum
745 4224 928 4300 appetere,
957 4236 1040 4302 pro·
1089 4209 1267 4282 Ecclesiae
1284 4225 1491 4281 removeant
1506 4213 1551 4278 ab
1567 4211 1885 4285 administratione.
1936 4211 2082 4302 Prospi-

65 4321 134 4397 pter
150 4313 340 4382 certamina
361 4314 405 4380 de
428 4314 588 4382 doctrina
614 4311 750 4380 nemini
771 4311 954 4382 facultates
969 4313 1040 4381 eri·
1091 4337 1167 4384 cere
1189 4315 1319 4384 debent
1334 4313 1534 4404 Principes,
1561 4326 1594 4380 et
1619 4326 1658 4383 ut
1675 4314 1715 4383 iu
1733 4315 1926 4405 praesentia
1942 4316 2084 4383 alantur

66 4410 198 4498 piendas
220 4437 303 4486 esse.
362 4412 433 4484 Sed
457 4411 678 4504 Augustinus
701 4408 898 4484 Theodosii
920 4417 1040 4484 decre·
1091 4416 1179 4486 boni
1200 4431 1372 4505 pastores,
1397 4430 1432 4486 et
1447 4421 1494 4484 'nt
1512 4415 1696 4505 posteritas
1712 4411 1839 4489 habeat
1856 4416 2014 4486 eruditos
2030 4415 2084 4482 vi-

66 4523 129 4579 tum
151 4529 242 4584 recte
264 4515 437 4600 defendit,
464 4517 615 4586 affirmat
629 4515 709 4582 illas
724 4517 959 4606 possessiones
975 4519 1041 4586 do·
1090 4541 1170 4602 ros,
1203 4519 1351 4588 idoneos
1379 4519 1422 4586 ad
1448 4511 1623 4586 Ecclesias
1653 4521 1835 4607 regendas.
1903 4515 2083 4588 Historiae

67 4627 153 4684 naus
178 4617 285 4686 fuisse
308 4613 476 4687 Ecclesiis
505 4619 592 4708 piis,
626 4629 660 4686 et
687 4615 732 4684 ad
759 4617 836 4707 piae
859 4619 1040 4689 doctrinae
1091 4635 1224 4690 veteres
1240 4632 1534 4702 commemorant,
1561 4619 2007 4690 mirificumfuisse‘luxum
2022 4617 2083 4689 Si·

67 4719 368 4792 conservationem.
420 4717 495 4790 llas
516 4745 597 4789 cum
620 4719 722 4808 impii
744 4744 783 4788 ac
805 4713 922 4790 hostes
937 4719 1046 4790 verae*
1090 4723 1306 4805 baritarum,
1338 4723 1399 4814 qni
1421 4722 1564 4814 quidem
1586 4721 1633 4790 ita
1657 4737 1830 4805 creverat,
1862 4735 1903 4792 ut
1926 4721 2083 4813 praemia

67 4815 429 4900 doctrinaetenecent,
455 4819 951 4914 fuitlmperatorisofficium,
974 4826 1041 4894 do·
1092 4827 1195 4895 etiam
1228 4825 1440 4914 turpitudini
1478 4835 1511 4892 et
1541 4823 1787 4892 inventoribus
1820 4849 1992 4893 novarum
2017 4848 2083 4892 vu-

70 4919 162 4988 minis
184 4923 389 5006 restituere,
418 4917 485 4994 hoc
509 4937 578 5008 est,
610 4947 712 4992 verae
730 4918 916 4994 Ecclesiae.
969 4924 1041 4996 Nec
1092 4929 1267 5018 luptatum
1287 4927 1476 4996 constituta
1499 4939 1624 4997 essent.
1675 4923 1745 4995 Sed
1767 4939 1902 4996 tantam
1924 4925 2084 5016 discipli-

68 5023 164 5110 magis
184 5023 264 5094 licet
285 5025 478 5124 idolatricis
501 5025 657 5115 collegiis
678 5020 785 5094 huius
808 5025 950 5112 aetatis,
984 5051 1040 5096 res
1092 5053 1158 5096 nae
1177 5030 1437 5116 corruptionem
1455 5025 1909 5097 Deusnondiutoleravit.
1962 5025 2086 5120 Itaque

69 5119 200 5195 donatas
228 5129 270 5196 ad
299 5127 487 5197 ministerii
518 5127 710 5216 evangelici
738 5129 1040 5198 conservationem
1093 5131 1237 5200 exitium
1259 5130 1412 5200 civitatis
1429 5128 1522 5199 caria
1540 5128 1701 5218 prodigia
1716 5131 1988 5200 denunciarunt.
2042 5129 2083 5198 ln

67 5231 191 5311 tenere,
217 5252 319 5320 quam
334 5227 426 5318 Regi
443 5227 643 5324 Babylonio
667 5229 768 5299 licuit
784 5230 823 5298 in
836 5231 1041 5300 convivium
1092 5227 1148 5302 his
1176 5245 1352 5322 spectrum
1382 5232 1465 5302 fnit:
1501 5227 1768 5300 introveniens
1792 5232 2085 5302 inforumclara

68 5328 210 5409 proferre
225 5353 318 5400 sacra
336 5355 415 5401 vasa
432 5331 555 5423 templi
565 5327 906 5424 Hierosolymorum.
942 5332 1040 5420 Quid
1093 5335 1190 5418 luce,
1216 5347 1251 5404 et
1272 5357 1418 5402 vomens
1440 5353 1604 5420 magnam
1628 5333 1763 5422 copiam
1788 5334 1872 5404 bilis
1891 5349 1924 5406 et
1942 5335 2086 5424 sangui-

70 5415 183 5500 horum
199 5431 238 5500 in
252 5434 493 5526 quaestionem
509 5435 629 5505 vocari
646 5433 787 5526 potest?
836 5433 876 5505 Si
893 5431 1041 5527 Episco-
1093 5436 1168 5517 nis,
1194 5459 1264 5530 quo
1287 5436 1450 5528 prodigio
1475 5434 1709 5524 significatum
1734 5448 1785 5506 est
1809 5437 1904 5524 fore,
1930 5452 1970 5509 ut
1986 5436 2085 5508 brevi
