4704 5826
513 272 672 348 DECL.
706 271 781 346 DE
814 265 1018 344 uteru:
1055 265 1223 343 NEMO
1256 265 1476 346 utetur
1512 263 1666 342 OVES
1699 285 1784 344 arc.
2102 265 2178 342 906

234 444 367 536 Magna
391 447 429 516 in
452 445 619 517 omnibus
646 442 854 516 hominibus
872 441 977 515 etia’m
995 443 1131 511 medio·
1153 511 1154 514 ,
1181 467 1299 513 meum
1316 441 1490 528 servabit,
1516 455 1549 512 et
1565 439 1665 536 pater
1680 439 1780 512 meus
1795 437 1922 530 diliget
1943 461 2042 524 eum,
2069 455 2104 512 et
2120 465 2182 510 ve-

126 551 251 622 ctibus
273 549 386 636 caligo
409 562 478 619 est:
502 571 578 618 non
603 551 781 618 cernimus
799 560 971 642 quantum
994 545 1133 631 malum¹
1180 547 1319 616 niemus
1345 549 1388 613 ad
1414 571 1515 628 eum,
1545 558 1581 614 et
1603 545 1823 614 mansionem
1849 545 1942 634 apud
1967 564 2047 610 enm
2068 543 2180 614 facie·

127 655 176 725 sit
199 666 399 744 peccatum,
426 673 492 720 nec
510 673 575 720 nos
595 651 689 743 ipsos
713 655 801 720 adeo
817 650 988 740 flagitiose
1008 661 1128 716 conta·
1181 670 1269 718 mus.
1322 645 1389 722 His
1414 648 1570 717 immotis
1587 648 1740 716 oraculis
1756 647 1822 714 filii
1838 645 1904 722 Dei
1923 643 2093 714 adsentiri
2115 669 2179 714 ne-

125 757 284 826 minatus
318 775 390 822 esse
424 753 639 837 iudicamus,
677 754 781 822 nobis
816 751 883 843 ipsi
911 751 1130 834 blandimur,
1179 773 1272 819 cesse
1288 765 1349 820 est.
1402 748 1523 818 Necte
1541 751 1669 840 ipseex
1687 745 1755 818 hoc
1775 747 1894 819 foelici
1911 769 2014 837 grege
2031 759 2090 817 tua
2109 751 2177 818 du·

126 855 335 948 praesertim
359 855 442 948 quio
464 855 663 925 doctrinam
679 859 723 924 de
738 853 814 924 Deo
841 854 1020 944 puriorem
1046 875 1130 943 pro·
1178 853 1352 922 bitatione
1374 851 1570 936 excludito,
1597 875 1687 944 quae
1713 851 1829 921 oritur
1844 875 1884 919 ex
1902 848 2038 922 iustitia
2053 845 2177 920 Evau-

126 961 280 1031 liternur.
322 954 458 1026 Interea
476 959 589 1027 securi
605 959 796 1037 stertimus,
824 955 1050 1044 indulgemus
1066 954 1127 1022 alii
1178 955 1272 1045 gelii.
1321 953 1402 1024 Non
1418 967 1510 1024 reete
1525 955 1733 1024 discernunt
1750 954 1861 1042 legem
1879 967 1912 1022 et
1927 949 2176 1039 Evangelium,

125 1063 209 1132 aliis
231 1059 506 1152 cupiditatibus,
537 1083 611 1129 non
636 1059 821 1140 adficimur
836 1060 960 1126 clolore
986 1071 1128 1147 propter
1177 1058 1238 1150 qni
1264 1057 1419 1145 cogitant
1445 1079 1481 1126 se
1504 1081 1578 1125 non
1600 1080 1674 1126 esse
1695 1081 1797 1146 oves,
1825 1055 1907 1150 quia
1926 1056 1998 1125 sint
2021 1053 2173 1143 indigni.

126 1177 290 1234 nostram
309 1161 594 1242 immundiciem,
620 1159 953 1253 propterEcclcsiae
970 1160 1127 1240 morbos,
1178 1157 1254 1228 lmo
1280 1155 1363 1229 haec
1385 1158 1579 1228 consolatio
1604 1159 1781 1250 proposita
1804 1171 1873 1243 est,
1900 1182 1964 1226 nos
1985 1179 2065 1226 vere
2087 1181 2173 1248 pro·

123 1279 274 1358 propter
296 1265 446 1334 fratrum
471 1287 673 1346 aerumnas,
710 1288 782 1332 non
807 1264 906 1332 ardet
937 1261 1126 1343 invocatio,
1177 1275 1254 1352 pter
1273 1261 1384 1361 hlium
1403 1257 1473 1330 Dei
1487 1261 1595 1350 gratis
1613 1261 1739 1352 recipi,
1764 1283 1839 1330 non
1857 1275 2003 1352 propter
2018 1258 2173 1346 dignita-

123 1367 232 1458 friget
247 1391 330 1436 cura
347 1365 505 1434 discendi
521 1377 554 1434 et
571 1368 743 1454 regendae
759 1365 982 1454 discipliuae:
1011 1386 1126 1456 neque
1176 1380 1247 1435 tem
1263 1365 1525 1447 nostram,‚sola
1542 1365 1622 1447 lide,
1650 1365 1732 1457 quia
1751 1385 1872 1432 sumus
1890 1361 2030 1450 indigni
2045 1374 2079 1430 ct
2094 1383 2173 1431 sor-

125 1493 239 1562 pauca
255 1481 337 1537 sunt
351 1481 410 1537 tua
427 1480 460 1536 et
474 1491 550 1535 mea
569 1482 602 1537 et
619 1467 855 1558 plurimorum
874 1467 1025 1534 aliorum
1044 1489 1126 1556 pec·
1175 1467 1270 1547 didi,
1297 1480 1330 1536 et
1354 1466 1477 1557 procul
1504 1489 1522 1534 a
1546 1466 1760 1556 perfectione
1782 1465 1869 1556 legis
1891 1467 2069 1534 absumus.
2124 1461 2172 1534 Et

127 267 210 348 906

125 1585 224 1657 cata,
249 1583 393 1661 propter
410 1595 500 1662 quae
513 1570 617 1640 nobis
637 1593 769 1659 poenae
784 1569 1023 1637 cumulantur.

230 1671 430 1742 Flectamus
446 1671 554 1761 igitur
570 1671 707 1740 animos
723 1673 767 1740 ad
787 1669 1062 1762 poenitentiam,
1090 1681 1124 1740 et

122 1775 333 1845 intueamur
355 1773 467 1841 hlium
485 1771 569 1856 Dei,
603 1799 709 1865 quem
730 1771 965 1842 certissimum
988 1784 1039 1840 cst
1056 1771 1124 1838 mi-

122 1878 240 1948 rando
265 1875 415 1945 consilio
438 1875 637 1944 divinitatis
661 1875 880 1968 propositum
903 1895 977 1942 esse
1003 1872 1124 1962 generi

123 1975 306 2062 humano,
331 1991 372 2046 ut
386 1977 431 2045 sit
449 1991 564 2047 custos
581 1991 614 2045 et
630 1990 790 2048 servator
807 1973 985 2046 Ecclesiae
1001 1997 1096 2046 suae.

228 2077 302 2148 Nec
319 2076 477 2148 miserias
494 2091 651 2160 nostras,
679 2103 742 2148 nec
758 2077 937 2169 pericula,
963 2100 1028 2146 uec
1045 2099 1123 2144 sae-

122 2181 249 2254 vitiam
265 2177 439 2264 hostium,
464 2181 535 2249 nisi
552 2196 631 2272 post
646 2194 791 2249 eventus
808 2179 1043 2262 tristissimos,
1066 2200 1121 2246 sa-

122 2284 172 2352 tis
197 2284 391 2354 cernimus:
433 2285 495 2352 sed
525 2298 643 2354 tamen
668 2282 715 2352 ita
739 2282 949 2372 cogitemus,
983 2301 1122 2348 necesse

123 2401 178 2457 est
194 2408 338 2474 magnas
359 2385 574 2456 calamitates
590 2407 679 2469 esse,
706 2398 740 2454 et
762 2379 977 2452 horrendam
995 2395 1121 2474 poten-

124 2491 225 2572 tiam,
251 2499 285 2556 et
301 2486 435 2556 rabiem
453 2481 627 2570 hostium,
654 2511 734 2556 cum
751 2499 871 2556 tantos
886 2498 1001 2554 custos
1017 2485 1121 2552 nobis

122 2591 229 2660 datus
245 2589 304 2675 sit,
331 2588 465 2658 scilicet
480 2588 573 2658 filius
588 2585 667 2661 Dei.
700 2586 770 2657 Hic
785 2611 864 2657 cum
882 2589 986 2669 dicat,
1009 2585 1120 2656 Nemo

123 2693 238 2784 rapiet
268 2711 350 2760 oves
374 2713 468 2760 meas
498 2715 539 2759 er
565 2691 732 2760 manibus
753 2690 856 2758 meis:
890 2689 1063 2778 significat
1083 2709 1120 2756 se

123 2818 199 2864 non
222 2793 381 2864 ociosum
405 2815 477 2862 esse
494 2805 723 2884 spectatorem
740 2805 941 2861 nostrorum
959 2789 1120 2858 miseria-

122 2919 225 2980 rum,
255 2896 317 2964 sed
340 2915 466 2986 magna
490 2907 525 2964 et
544 2893 684 2964 assidua
707 2894 897 2964 certamina
921 2917 1006 2966 esse.
1059 2888 1120 2959 ln-

122 2998 245 3068 cendit
264 2995 428 3067 diabolus
450 2996 570 3090 aliqua
594 3017 655 3065 sua
677 3019 827 3086 organa,
859 3008 899 3066 ut
920 2988 1120 3066 distrahant

121 3095 339 3184 Ecclesiam,
371 3111 432 3168 aut
452 3099 654 3168 societatem
678 3099 876 3190 politicam,
908 3109 950 3166 ut
967 3119 1120 3189 sequan-

122 3215 185 3272 tur
198 3199 358 3270 infrnitae
380 3199 623 3286 confusiones,
649 3215 684 3270 et
698 3199 828 3269 deinde
844 3197 987 3268 vastitas
1001 3193 1121 3268 ethni-

122 3328 181 3372 ca:
208 3305 269 3372 sed
296 3301 390 3371 filios
404 3298 471 3370 Dei
496 3303 596 3394 quasi
623 3301 661 3370 in
678 3302 843 3371 manibus
864 3300 1021 3369 retinens
1039 3323 1119 3368 coe-

124 3419 201 3476 turn
219 3429 237 3473 a
252 3429 323 3497 quo
340 3401 536 3486 invocatur,
561 3425 625 3472 sua
642 3403 813 3472 immensa
831 3401 989 3496 potentia
1005 3401 1120 3492 repri-

122 3506 190 3578 mit
211 3505 390 3588 diaholos,
427 3515 462 3575 et
489 3503 692 3594 profligatos
715 3505 880 3600 depellit,
914 3517 949 3573 et
975 3507 1119 3574 tandem

121 3623 277 3682 tartareo
300 3605 430 3677 carceri
453 3605 610 3676 inclusos
632 3607 672 3674 in
695 3607 795 3677 omui
811 3606 1018 3679 aeternitate
1034 3602 1119 3676 hor-

120 3710 244 3781 rendis
261 3707 447 3801 suppliciis
463 3707 613 3783 adficiet.

225 3809 329 3881 Hanc
344 3810 622 3880 consolationem
636 3823 672 3881 et
685 3811 729 3881 de
741 3809 924 3881 communi
939 3807 1119 3881 Ecclesiae

122 3926 244 3996 coetu,
268 3923 304 3982 et
321 3912 368 3981 de
381 3911 486 3981 nobis
502 3911 607 4003 ipsis,
631 3912 765 4002 singuli
780 3925 974 3984 teneamus.

218 4012 315 4085 Cum
330 4013 370 4082 in
382 4007 439 4083 his
454 4013 643 4082 discordiis
665 4027 700 4083 et
716 4015 830 4106 'bellis
851 4015 1069 4105 conflagrare
1085 4025 1119 4085 et

120 4139 224 4188 ruere
244 4115 393 4206 imperia
409 4114 587 4195 videmus,
615 4113 785 4185 intuearis
808 4117 922 4187 lilium
940 4114 1006 4186 Dei
1020 4129 1120 4185 stan-

119 4233 191 4291 tem
207 4218 246 4286 in
263 4241 393 4288 arcano
408 4217 558 4288 consilio
574 4215 794 4302 divinitatis,
819 4232 853 4289 et
876 4231 1117 4311 protegentem

119 4343 183 4392 sua
207 4319 367 4410 agmina,
392 4331 427 4391 et
442 4320 539 4390 velut
562 4317 942 4410 manibus‘gestantem
960 4320 1119 4392 infirmas

119 4422 290 4497 oviculas.
351 4418 410 4492 Ab
432 4415 500 4492 boc
523 4433 656 4492 statuas
678 4433 714 4491 te
747 4446 891 4518 quoque
919 4421 1058 4514 protegi
1084 4435 1118 4494 et

120 4547 268 4598 servam.

221 4623 294 4697 Sed
310 4624 456 4720 quidam
470 4649 545 4694 non
561 4637 656 4696 recte
670 4623 829 4698 instituti
844 4620 904 4697 hic
920 4625 1119 4696 vociferan-

118 4743 188 4802 tur.
225 4724 394 4821 Optarim
409 4726 553 4821 quidem
570 4739 670 4798 tanto
685 4749 742 4798 me
757 4729 897 4800 custodi
914 4751 1018 4799 curae
1032 4750 1118 4820 esse,

116 4831 181 4901 sed
202 4852 284 4901 suas
305 4829 368 4900 ille
393 4851 477 4901 oves
494 4841 626 4900 tuetur.
678 4825 757 4921 Ego
775 4854 821 4900 an
839 4825 922 4902 huic
939 4830 1038 4922 gregi
1053 4854 1119 4900 an-

117 4933 363 5004 numerandus
378 4930 464 5014 sim,
490 4932 621 5008 nescio.
646 4977 650 4984 ·

220 5031 316 5104 Huic
351 5031 568 5104 dubitationi
597 5029 888 5105 constantissime
913 5056 1119 5124 repugnan-

1175 1569 1362 1660 promissio
1389 1567 1601 1636 universalis
1637 1583 1707 1656 est,
1747 1581 1787 1638 ut
1815 1566 1934 1660 inquit
1966 1565 2061 1634 lilius
2083 1561 2170 1634 Dei:

1175 1669 1303 1740 Venite
1319 1671 1362 1739 acl
1380 1693 1434 1738 me
1451 1693 1584 1756 omnes,
1612 1672 1674 1764 qui
1691 1670 1860 1745 laboratis
1877 1673 1911 1738 et
1928 1667 2065 1738 onerati
2079 1667 2174 1752 estis,

1173 1787 1206 1844 et
1227 1795 1289 1862 ego
1309 1773 1462 1841 reficiam
1481 1796 1555 1842 vos.

1275 1875 1504 1946 severissime
1527 1874 1696 1966 praecipit
1718 1885 1884 1944 aeternus
1905 1887 2025 1966 pater,
2053 1872 2171 1944 audiri

1173 1976 1303 2046 hlium:
1344 1991 1377 2047 et
1412 1977 1574 2046 omnium
1608 1977 1779 2047 scelerum
1815 1977 2072 2047 atrocissimum
2109 1989 2171 2058 est,

1172 2079 1354 2170 aspernari
1377 2079 1509 2158 hlium,
1546 2103 1611 2150 nec
1635 2077 1805 2150 adsentiri
1832 2081 1907 2150 eius
1929 2079 2020 2153 voci.
2073 2075 2170 2147 llaec

1172 2181 1338 2250 omnibus
1361 2203 1463 2273 saepe
1479 2182 1704 2274 multumque
1727 2181 1913 2270 cogitanda
1932 2194 2034 2266 sunt,
2060 2191 2094 2248 et
2112 2203 2171 2249 ac-

1172 2283 1423 2376 quiescendum
1440 2297 1492 2355 est
1508 2284 1546 2352 in
1563 2279 1628 2354 hac
1645 2285 1828 2354 voluntate
1842 2281 1929 2370 Dei,
1954 2306 2059 2378 quam
2074 2281 2170 2352 filius

1171 2385 1345 2477 patefecit.
1996 2421 1999 2428 Δ
2178 2385 2187 2394 “

1219 2517 1223 2526 ·
1271 2483 1422 2557 Etiamsi
1444 2485 1483 2554 in
1507 2487 1615 2556 tantis
1637 2487 1752 2556 ruinis
1775 2487 1886 2556 multa
1904 2486 2018 2556 tristia
2033 2499 2170 2578 specta-

1172 2590 1249 2659 cula
1267 2587 1305 2656 in
1321 2590 1442 2658 oculos
1458 2588 1660 2674 incurrunt,
1683 2602 1717 2659 et
1733 2590 1906 2659 laceratur
1920 2585 2078 2682 Ecclesia
2093 2587 2169 2658 dis-

1171 2691 1272 2760 sidiis
1297 2691 1462 2776 stodiis,
1496 2703 1530 2760 et
1553 2693 1685 2762 multae
1710 2694 1881 2761 accedunt
1900 2691 2112 2761 domesticae
2133 2705 2169 2762 et

1171 2793 1333 2885 publicae
1357 2792 1590 2876 calamitates,
1618 2808 1735 2865 tamen
1758 2817 1831 2862 non
1855 2795 2027 2884 frangaris
2043 2795 2168 2884 despe-

1170 2896 1324 2964 ratione:
1351 2897 1412 2963 sed
1430 2895 1519 2964 scias
1535 2909 1569 2964 te
1592 2890 1720 2965 hahere
1747 2897 1928 2964 custodem
1946 2909 1981 2965 et
2003 2895 2167 2965 defenso-

1170 3021 1251 3068 rem
1264 2995 1376 3066 filium
1395 2993 1480 3081 Dei,
1505 2997 1568 3091 qui
1586 3021 1660 3067 non
1673 2993 1887 3078 Ecclesiam,
1913 3020 1988 3067 non
2010 3011 2065 3086 te,
2091 3019 2168 3067 uon

1170 3113 1265 3170 tuam
1284 3100 1513 3174 domesticam
1535 3096 1731 3171 Ecclesiam
1755 3123 1795 3170 ex
1820 3099 1986 3172 manibus
2002 3099 2075 3171 suis
2089 3099 2170 3169 ullo

1170 3202 1308 3272 diaboli
1320 3201 1442 3270 furore
1459 3201 1533 3294 rapi
1552 3203 1717 3296 patietur.

1271 3303 1450 3394 Coniugio
1475 3304 1584 3394 igitur
1610 3319 1685 3378 toto
1712 3319 1854 3399 pectore
1877 3307 1921 3376 ad
1951 3305 2065 3375 filium
2089 3301 2168 3391 Dei,

1169 3405 1368 3476 Dominum
1398 3420 1559 3475 nostrum
1587 3403 1702 3477 lesum
1722 3405 1926 3490 Christum,
1960 3407 2168 3478 crucifixum

1171 3531 1235 3599 pro
1251 3507 1356 3576 nobis
1370 3521 1404 3576 et
1420 3509 1676 3592 resuscitatum,
1701 3523 1737 3580 et
1749 3513 1928 3580 sedentem
1944 3513 1989 3580 ad
2004 3511 2166 3598 dextram

1169 3610 1305 3680 aeterni
1330 3609 1458 3700 patris,
1490 3623 1530 3679 ut
1552 3607 1646 3680 dona
1669 3611 1731 3684 det
1753 3608 1978 3682 hominibus:
2012 3632 2164 3705 eumque

1169 3735 1254 3794 oro,
1282 3723 1321 3780 ut
1347 3705 1410 3780 has
1427 3707 1655 3802 Ecclesiolas,
1681 3724 1793 3785 elme
1818 3713 1854 3790 in
1879 3715 1929 3783 eis
1951 3725 2111 3806 protegat
2130 3724 2167 3783 ct

1169 3813 1354 3904 gubernet.

1170 3995 1171 3998 Ἴ
1271 3910 1391 3986 Aliam
1414 3915 1694 3988 consolationem
1721 3917 1860 3988 firmam
1882 3919 1921 3988 in
1945 3930 2045 3990 tanto
2068 3916 2167 3988 orbis

1169 4031 1344 4090 terrarum
1365 4017 1532 4090 incendio
1554 4020 1692 4090 nullam
1709 4020 1825 4095 video.
1876 4017 1953 4091 Alii
1977 4019 2064 4092 alias
2086 4041 2166 4115 spes

1169 4115 1324 4204 habent,
1358 4133 1391 4190 et
1415 4120 1485 4190 alia
1509 4121 1682 4212 praesidia
1710 4137 1828 4194 mente
1848 4136 2040 4218 quaerunt:
2057 4183 2059 4188 .
2075 4145 2166 4220 quae

1168 4220 1430 4316 qualiacunque
1444 4235 1560 4306 erunt,
1578 4237 1698 4295 tamen
1713 4219 1801 4296 haec
1815 4225 2010 4296 consolatio
2026 4224 2167 4311 rectior,

1168 4337 1203 4394 et
1226 4319 1321 4394 haud
1347 4323 1457 4394 dubie
1480 4325 1656 4396 efficacior
1676 4338 1745 4412 est,
1777 4328 1966 4418 confugere
1987 4329 2032 4398 ad
2051 4326 2168 4398 filium

1167 4423 1273 4511 Dei,·
1287 4438 1321 4496 et
1344 4427 1390 4496 ab
1413 4426 1490 4519 ipso
1515 4441 1633 4519 petere
1655 4427 1691 4499 et
1718 4443 1901 4522 expectare
1929 4429 2104 4502 auxilium
2130 4437 2166 4498 et

1167 4527 1427 4602 liberationem.

1245 4685 1249 4692 .
1267 4627 1341 4701 Nec
1357 4645 1462 4702 erunt
1479 4631 1581 4704 irrita
1603 4623 1691 4703 hacc
1708 4646 1800 4704 vota.
1856 4631 1940 4706 ldeo
1957 4627 2052 4706 enirn
2067 4647 2167 4706 tanta

1169 4729 1261 4800 mole
1279 4733 1518 4824 periculorum
1540 4735 1678 4804 onerati
1693 4759 1832 4819 sumus,
1859 4751 1900 4809 ut
1915 4761 1995 4810 cum
2018 4737 2166 4810 inextri-

1168 4827 1295 4904 cabilia
1325 4831 1491 4906 humanis
1521 4837 1681 4907 consiliis
1709 4839 1897 4926 accidunt,
1935 4863 2167 4932 agnoscamus

1169 4934 1376 5008 immensam
1392 4934 1458 5008 Dei
1474 4939 1669 5010 bonitatem
1684 4954 1719 5010 et
1734 4944 1981 5033 praesentiam,
2009 4943 2070 5038 qui
2084 4965 2169 5034 pro-

1168 5048 1247 5129 pter
1261 5037 1374 5109 lilium
1391 5053 1426 5111 et
1441 5065 1505 5132 per
1518 5041 1632 5112 tilium
1649 5043 1753 5113 uobis
1766 5045 1975 5136 opitulatur.
2027 5042 2116 5116 Vult
2131 5067 2168 5116 se

116 5140 204 5210 dum
227 5149 290 5209 est.
341 5133 433 5206 Nam
458 5134 533 5226 ipse
548 5136 717 5207 dominus
738 5136 778 5206 in
799 5137 921 5206 eadem
944 5135 1118 5207 concione
1168 5139 1325 5230 conspici
1347 5139 1447 5212 Deus
1467 5143 1506 5212 in
1533 5142 1666 5214 talibus
1688 5145 1981 5230 liberationibus,
2014 5149 2104 5218 sicut
2129 5147 2170 5216 in

115 5240 300 5320 adfirmat,
332 5237 514 5306 nominari
549 5259 651 5318 oves,
686 5250 862 5331 quotquot
898 5237 1051 5311 audiunt
1083 5251 1131 5311 et'
1168 5239 1600 5336 liberatiooeprimorum
1618 5263 1816 5339 parentum,
1842 5251 1905 5342 qui
1922 5263 2001 5342 post
2016 5251 2170 5342 lapsum,

114 5343 184 5412 fide
208 5339 474 5431 amplectuntur
496 5363 616 5409 vocem
633 5336 841 5430 Evangelii,
868 5338 959 5412 sicut
978 5354 1011 5410 et
1027 5341 1115 5410 alibi
1167 5365 1249 5412 cum
1271 5346 1317 5414 ab
1337 5346 1506 5416 omnibus
1529 5349 1701 5420 creaturis
1721 5351 1850 5420 deserti
1868 5364 2005 5444 essent,
2030 5365 2169 5423 tantum

114 5465 273 5539 expresse
299 5441 450 5514 dicitur:
485 5439 528 5512 si
557 5441 637 5536 quis
658 5441 777 5533 diligit
805 5465 881 5532 me,
916 5463 1114 5513 sermonem
1168 5444 1293 5517 divina
1314 5473 1381 5540 ope
1405 5449 1560 5522 restituti
1582 5463 1679 5524 sunt.
1734 5450 1784 5524 lta
1806 5467 1944 5526 servata
1968 5451 2170 5526 estfamilia
