4614 5820
200 291 280 368 ste
328 359 334 374 ,
537 357 541 362 ,
595 348 599 356 .
699 291 705 307 ·
775 273 944 368 :nucu
973 270 1048 350 ms
1080 267 1323 348 restuto
1357 271 1697 355 EPlSC‘OPO..
2167 275 2234 350 did

201 467 393 564 opiniones
425 487 486 534 vos
515 453 766 532 assuefeciatis.
828 447 983 524 Εωιιιιι
1014 473 1099 522 vero
1123 461 1203 520 tau-
1255 462 1367 522 torem
1389 447 1553 522 omnium
1569 450 1749 523 actionum
1769 451 1928 538 statuite,
1953 475 2059 548 qnam
2073 452 2172 522 adest
2185 445 2236 522 bie

203 597 313 670 quam
335 565 602 640 nocentissimos
624 575 736 655 pestes
750 557 893 648 fugiatis
907 547 1144 648 sophismata,
1170 564 1204 621 et
1255 551 1330 646 ipse
1339 550 1584 644 Magistratus,
1609 579 1715 648 quem
1732 553 2053 628 usitateRectorem
2069 577 2237 627 voramus.

203 674 395 770 opiniones
411 669 682 749 immoderatas,
709 659 898 732 ambitioni
913 673 974 730 aut
990 657 1070 728 aliis
1086 653 1205 748 pravis
1255 653 1367 728 Adest
1384 670 1502 726 autem
1517 681 1591 728 non
1607 669 1745 729 tantum
1760 671 1802 728 ut
1815 659 1954 729 ociosus
1968 671 2163 752 spectator,
2185 657 2236 726 sed

204 775 463 872 cupiditatibus
492 783 678 864 potentum
708 764 910 836 servientes.
969 757 1067 831 Deus
1090 757 1204 852 magis
1254 772 1296 830 ιιι
1317 751 1563 858 ἐργοδιώκτης
1585 755 1769 847 hortatur,
1795 774 1835 832 ιιι
1854 762 1959 831 fidem
1978 774 2012 831 et
2027 759 2238 850 diligentiam

206 879 370 954 coneedit
401 872 694 967 tranquillitatem
723 865 900 958 imperiis,
948 863 978 934 si
1007 861 1205 932 amabimus
1256 861 1294 930 iu
1309 861 1453 932 tuendis
1467 876 1501 932 et
1514 865 1687 934 ornandis
1701 864 1855 950 artibus,
1880 887 1970 958 quae
1982 860 2162 936 Ecclesiae
2177 860 2239 930 uti-

207 983 381 1056 iustitiam
408 993 443 1048 et
473 973 765 1046 moderationem.
817 965 895 1039 Etsi
919 963 1042 1036 fatales
1071 985 1205 1056 poenae
1257 963 1425 1049 les'sunt,
1449 977 1684 1056 praestemus,
1710 979 1742 1038 et
1758 965 2029 1049 iuvatsedulos,
2054 965 2119 1060 qni
2134 965 2239 1055 ipsum

208 1086 437 1177 impendent,
477 1093 595 1150 tamen
627 1073 731 1144 nobis
761 1095 887 1166 magna
918 1067 1114 1140 consolatio
1145 1077 1207 1150 est,
1257 1065 1441 1136 invocant:
1464 1081 1782 1138 contumacesvero
1794 1069 1909 1138 adlicit
1920 1067 2116 1160 suppliciis.
2148 1063 2240 1135 Hanc

208 1201 359 1260 recreet
381 1185 561 1254 moderate
583 1176 750 1256 sensisse,
776 1199 841 1244 nec
862 1171 1006 1244 iniustis
1021 1193 1061 1239 ac
1076 1169 1205 1237 immo-
1257 1169 1466 1240 sententiam
1496 1169 1639 1240 infixam
1667 1170 1797 1240 animis
1820 1172 1981 1240 omnium
2005 1193 2079 1240 esse
2102 1181 2240 1262 oportet.

209 1287 342 1362 deratis
364 1283 548 1356 sententiis
569 1305 628 1350 eos
650 1301 822 1367 armasse,
850 1276 912 1370 qui
934 1293 1014 1344 suas
1030 1269 1207 1362 cupidita·
1257 1268 1350 1342 Cum
1372 1285 1489 1342 antem
1513 1296 1610 1342 nunc
1630 1273 1722 1343 ratio
1737 1273 1896 1342 muneris
1910 1273 2005 1368 quod
2020 1295 2128 1362 gero,
2152 1285 2241 1357 cogat

209 1408 262 1466 tes
292 1389 398 1462 saluti
426 1383 607 1457 communi
639 1387 929 1473 anteposuerunt.
987 1372 1092 1446 Hanc
1120 1397 1207 1442 con·
1259 1397 1316 1443 me
1344 1368 1413 1443 hoc
1442 1373 1521 1444 luco
1547 1375 1744 1445 orationem
1768 1371 1915 1460 habere,
1947 1377 2048 1444 decet
2072 1397 2132 1442 me
2157 1372 2241 1442 velut

211 1494 423 1567 solationem
447 1487 636 1558 maximam
660 1507 733 1554 esse
755 1483 819 1552 tali
841 1495 1018 1572 tempore,
1044 1477 1132 1548 boni
1150 1475 1207 1544 in·
1258 1473 1416 1569 ἔξαρχον
1441 1499 1516 1546 esse
1544 1477 1707 1568 publicae
1737 1478 1959 1570 precationis.
2022 1473 2147 1566 Quare
2174 1497 2240 1544 mea

211 1598 370 1688 telligere
385 1592 486 1664 facile
503 1600 662 1682 possunt.
711 1582 808 1656 Dixi.
1260 1579 1367 1650 rerba
1383 1578 1478 1648 reris
1492 1579 1604 1649 animi
1620 1581 1712 1652 votis
1729 1579 1999 1676 subsequimini.

1264 1725 1269 1732 ’
1361 1727 1449 1802 Tibi
1470 1731 1599 1820 gratias
1615 1731 1769 1820 agimus,
1797 1727 1894 1802 Deus
1908 1746 2049 1802 aeterne
2065 1745 2166 1822 pater
2180 1727 2243 1800 Do-

1261 1833 1351 1902 mini
1371 1834 1484 1902 nostri
1503 1829 1580 1904 lesu
1597 1827 1750 1918 Christi,
1776 1835 1872 1928 qtrod
1892 1835 2074 1904 doctrinae
2095 1849 2176 1905 tuae
2195 1833 2242 1902 lu·

1033 1997 1082 2040 w·
1100 1973 1195 2040 1545·
1260 1960 1335 2005 cem
1358 1935 1463 2005 nobis
1483 1935 1692 2006 accendisti:
1715 1949 1749 2006 et
1764 1961 1924 2023 oramus,
1950 1951 1992 2008 ut
2006 1932 2106 2008 hunc
2121 1941 2242 2006 doeen-

1030 2063 1201 2095 -u-r
1261 2041 1349 2108 tium
1370 2053 1406 2110 et
1426 2037 1638 2110 discentium
1662 2051 1801 2108 coetum
1821 2062 1956 2126 serves,
1984 2063 2107 2129 regas,
2132 2040 2243 2108 defen-

647 2195 656 2215 .
685 2195 694 2214 .
802 2133 848 2211 '‘.
1261 2143 1336 2226 «las,
1361 2153 1395 2210 et
1411 2141 1551 2210 labores
1566 2138 1850 2232 nostrosSpiritu
1866 2155 1987 2213 sancto
2001 2155 2064 2212 tuo
2082 2143 2190 2222 iuves,
2211 2153 2244 2208 ut

431 2199 508 2286 De
537 2194 719 2282 Bmdw
747 2189 995 2305 EP²⁸⁶⁰P⁰·
1262 2242 1365 2416 {obp
1388 2257 1422 2314 et
1447 2242 1643 2335 posteritati
1667 2243 1740 2314 sint
1761 2243 1945 2317 salutares:
2006 2242 2164 2334 Colligas
2187 2239 2243 2314 tibi

607 2408 616 2425 .
652 2414 659 2429 .
772 2406 779 2420 .
825 2366 853 2420 ir
872 2363 993 2421 serven.
1011 2363 1046 2418 T.
1060 2363 1108 2420 ιιι.
1146 2365 1211 2420 ‚st
1294 2371 1331 2415 cc
1347 2345 1455 2416 esiam
1477 2371 1558 2417 cum
1580 2346 1619 2416 iu
1641 2359 1717 2416 toto
1739 2347 1826 2416 orbe
1846 2359 2020 2416 terrarum
2068 2363 2145 2418 tum
2170 2367 2243 2413 vero

284 2369 807 2560 lrtnnsppznpph'spdtllmrumpit}
843 2437 920 2562 Ἢ
929 2433 1211 2556 ψοξῦὓιωόω·61ἐὲ·
1262 2447 1355 2520 inter
1377 2471 1461 2529 nos,
1488 2463 1522 2520 et
1544 2443 1631 2518 haec
1655 2443 1808 2540 hospitia
1823 2443 2001 2518 Ecclesiae
2023 2401 2106 2519 fuae
2127 2462 2159 2517 et
2176 2448 2243 2515 lite-

317 2509 771 2584 E‘f⁰'d‘¹¹¹'¹⁹⁶'c²‘²⁶mm⁰'
802 2525 849 2580 ΡΨ
888 2524 901 2557 ⁸
984 2521 1075 2574 ''¹''
1135 2542 1143 2561 ⁸
1202 2539 1210 2558 '
1262 2574 1381 2622 rarum
1406 2550 1519 2640 regito
1543 2564 1579 2620 et
1600 2551 1799 2636 defendite,
1825 2552 1915 2621 sicut
1938 2552 2066 2622 viduae
2090 2549 2244 2642 Sarepta-

216 2686 347 2758 orato
371 2677 418 2752 de
438 2675 581 2750 Basilio
597 2674 774 2764 Episcopo
790 2667 1051 2754 Caesariensi,
1076 2661 1211 2736 habita
1262 2677 1336 2774 nae·
1355 2655 1502 2724 domum
1528 2651 1738 2738 defendisti,
1769 2677 1849 2724 cum
1873 2649 1991 2724 Eliam
2018 2649 2175 2748 bospitio
2195 2675 2244 2720 ex-

196 2791 451 2876 oloosssse
479 2777 729 2852 Tursteoio
756 2771 922 2842 Derasso.
960 2765 1200 2860 (Euarestus
1262 2769 1420 2850 cepisset.

621 2905 670 2950 ⁸¹¹·
696 2879 806 2960 ¹54⁵·)
1362 2903 1461 2976 Haec
1483 2907 1596 2999 prims
1618 2921 1652 2979 et
1674 2909 1858 3000 praecipua
1883 2931 1963 3000 pars
1986 2921 2038 2980 est
2059 2929 2159 2978 meae
2175 2927 2245 2975 ora·

215 3013 317 3102 Cum
347 3019 508 3096 coelestis
532 3014 714 3086 doctrinae
746 3011 906 3082 custodia
938 3023 973 3080 et
1004 3009 1211 3101 propagatio
1264 3009 1382 3080 tionis.
1432 3009 1535 3080 Nunc
1548 3011 1685 3105 aliquid
1700 3013 1903 3082 addendum
1916 3025 1980 3090 est,
1999 3011 2097 3103 quod
2113 3011 2246 3102 prodest

216 3127 422 3204 docentium
439 3136 474 3193 et
490 3117 702 3192 discentium
718 3114 941 3205 agminibus,
968 3111 1082 3196 idest,
1108 3106 1207 3182 scho-
1263 3114 1307 3184 ad
1321 3111 1439 3186 studia
1450 3125 1564 3184 vestra
1577 3127 1653 3183 tutu
1665 3113 1858 3194 excitanda,
1879 3127 1955 3184 tum
1966 3113 2136 3188 iuvanda.
2166 3109 2244 3182 cun

216 3234 282 3316 lis,
314 3227 488 3304 diuinitus
513 3219 758 3294 commendata
783 3217 848 3303 sit,
880 3215 1121 3304 intelligamus
1145 3237 1211 3284 no-
1263 3229 1379 3286 autem
1402 3214 1488 3284 alias
1510 3215 1601 3286 aliae
1618 3216 1783 3286 materiae
1800 3217 2050 3307 proponendae
2067 3215 2157 3298 sint,
2181 3213 2245 3281 dies

217 3351 331 3409 strum
354 3351 503 3412 munus,
529 3325 623 3420 quod
650 3319 812 3392 omnium
834 3319 871 3388 in
889 3318 987 3388 coelo
1005 3315 1091 3386 etin
1109 3317 1212 3388 terris
1264 3341 1319 3388 tue
1334 3317 1522 3388 admonuit
1536 3331 1577 3387 ut
1587 3315 1711 3386 Basilii
1727 3313 1911 3388 historiam
1928 3341 2024 3386 nunc
2039 3317 2243 3388 recitandam

215 3437 412 3511 maximum
435 3444 471 3501 et
490 3449 667 3499 summum
685 3436 752 3494 est:
780 3436 909 3494 etcum
928 3419 1092 3490 exercitia
1108 3413 1211 3488 scho-
1264 3441 1336 3490 esse
1351 3419 1528 3490 ducerem.
1577 3417 1668 3490 Nam
1684 3433 1718 3490 et
1734 3421 1903 3512 exemplis
1917 3420 2119 3490 invitantur
2134 3415 2245 3499 animi,

213 3540 338 3614 lastica
359 3526 536 3614 amemus,
562 3543 638 3602 tum
662 3549 746 3596 veru
768 3519 826 3596 his
844 3518 1104 3594 honestissimis
1126 3545 1211 3590 cou-
1262 3536 1295 3592 et
1313 3521 1350 3590 in
1370 3515 1427 3590 his
1443 3521 1629 3591 doctorum
1643 3516 1801 3592 historiis
1812 3521 1921 3592 multa
1933 3536 2016 3592 suut
2026 3546 2118 3613 quae
2129 3529 2245 3610 augent

216 3643 394 3738 gressibus
410 3638 643 3715 delectemur,
669 3649 759 3722 quos
773 3627 925 3697 sciamus
939 3649 1011 3694 non
1030 3624 1212 3694 institutos
1263 3623 1498 3694 e'rdditionem
1526 3637 1561 3694 et
1588 3625 1743 3694 formant
1774 3625 1960 3698 iudicium.
2011 3621 2083 3692 Per
2105 3646 2175 3692 sese
2196 3621 2242 3688 io·

216 3771 311 3830 esse,
336 3759 373 3814 ut
396 3742 469 3811 siut
489 3749 627 3810 tanturn
653 3731 769 3802 ociosa
794 3727 1012 3818 spectacula,
1038 3739 1072 3796 et
1089 3727 1213 3796 inanes
1262 3727 1420 3796 cundum
1438 3741 1489 3794 est
1504 3726 1734 3817 contemplari
1751 3749 1962 3816 magnorum
1979 3719 2166 3796 hominum
2181 3723 2243 3790 vir·

217 3849 305 3934 lutli,
331 3859 371 3918 ut
382 3833 525 3914 scenici:
553 3837 613 3906 sed
625 3849 665 3906 ut
675 3833 713 3902 in
724 3827 788 3901 hac
799 3829 997 3922 frequentia
1009 3851 1214 3898 commone·
1265 3841 1374 3912 tutes,
1401 3827 1537 3918 egregia
1560 3828 1669 3912 facta,
1692 3841 1725 3898 et
1749 3843 1895 3900 eventus
1917 3825 2076 3898 honestis
2099 3823 2243 3898 consiliis
2294 3883 2295 3928 ,

214 3955 305 4025 fecta
326 3951 492 4020 iuventus
513 3942 558 4012 de
578 3937 709 4010 studiis
732 3929 909 4004 Ecclesiae
932 3930 1154 4014 harenariis,
1180 3942 1213 3998 et
1263 3944 1513 4019 congruentes:
1541 3943 1581 4000 ut
1606 3931 1733 4020 pictori
1757 3945 1792 4001 et
1813 3932 1983 4002 statuario
2004 3929 2176 4023 voluptati
2191 3937 2243 4008 est,

216 4059 260 4128 de
284 4079 348 4126 sua
371 4047 574 4127 vocatione,
597 4039 677 4110 Deo
699 4035 828 4128 gratias
844 4047 943 4125 agat,
967 4033 1063 4126 qnod
1079 4031 1213 4102 doctri·
1265 4031 1385 4101 videre
1419 4031 1614 4122 elegantem
1645 4033 1886 4128 symmetriam
1917 4045 1952 4104 et
1980 4031 2242 4104 concinnitatem
2294 4045 2295 4112 j

216 4181 285 4230 nae
315 4157 430 4226 lucem
462 4171 535 4220 non
559 4141 715 4232 extingui
737 4137 841 4223 sinit,
873 4149 907 4206 et
928 4147 1069 4206 nostros
1094 4139 1214 4204 coetus
1265 4133 1350 4224 picti
1374 4147 1435 4205 aut
1458 4134 1587 4227 sculpti
1609 4135 1780 4227 corporis.
1833 4133 1903 4206 Sed
1921 4133 2028 4206 nobis
2043 4135 2083 4204 in
2100 4129 2241 4218 Ecclesia
2294 4119 2295 4206 l

218 4258 394 4333 defendit:
407 4317 408 4320 ,
421 4278 460 4324 ac
483 4260 577 4344 petat
600 4241 808 4316 ardentibus
835 4239 946 4318 votis,
973 4251 1015 4308 ιιι
1036 4237 1131 4306 inter
1148 4261 1214 4306 nos
1265 4259 1338 4306 non
1359 4245 1498 4307 tantum
1516 4237 1707 4329 voluptatis
1722 4261 1824 4308 causa
1841 4251 1996 4310 vetustas
2013 4233 2240 4328 cognoscenda
2294 4237 2295 4324 l

219 4363 288 4434 sibi
311 4355 504 4430 Ecclesiam
535 4361 705 4444 perpetuo
728 4343 891 4432 colligat,
923 4363 963 4410 ac
986 4339 1212 4430 disciplinam
1265 4352 1332 4407 cst:
1361 4341 1420 4408 sed
1446 4338 1577 4408 iudicia
1601 4353 1634 4410 et
1657 4340 1859 4412 testimonia
1877 4341 2040 4412 omniurn
2056 4353 2240 4431 temporum

219 4481 254 4538 et
277 4461 393 4535 studia
414 4469 524 4546 regat.
584 4448 637 4520 Dc
661 4445 717 4518 his
739 4447 846 4517 rebus
866 4441 1027 4513 omnium
1051 4440 1214 4510 maximis
1266 4440 1477 4534 inquirenda
1500 4455 1602 4526 sunt,
1625 4455 1663 4511 ut
1687 4466 1758 4512 una
1781 4431 2239 4530 consentiensdoctrinare-
2294 4509 2295 4516 ,

219 4569 258 4640 iu
281 4561 337 4636 his
358 4557 604 4650 congressibus
625 4549 838 4638 cogitemus,
862 4569 902 4616 ac
922 4543 1075 4614 sciamus
1096 4543 1141 4613 de
1157 4537 1214 4610 his
1265 4543 1430 4616 lineatur.
1483 4541 1641 4614 Multum
1664 4547 1707 4613 ad
1727 4546 1944 4614 erudiendas
1966 4557 2103 4614 mentes
2124 4556 2154 4612 et
2168 4559 2239 4610 con-
2294 4569 2295 4592 ι

218 4690 362 4766 quoque
392 4663 527 4734 dictum
552 4650 689 4728 Christi
716 4649 959 4722 dulcissimum
992 4642 1213 4716 concionari:
1265 4645 1455 4714 firmandas
1476 4669 1575 4714 veras
1597 4648 1789 4717 sententias
1815 4646 1958 4718 collatio
1980 4661 2137 4716 veterum
2155 4639 2238 4714 testi-

220 4773 434 4861 Ubicunque
466 4765 539 4832 duo
567 4770 630 4828 aut
656 4767 725 4826 tres
749 4749 982 4822 convenerint
1005 4747 1044 4816 in
1067 4746 1214 4816 nomine
1266 4746 1468 4828 moniorum
1499 4749 1684 4831 conducit,
1717 4750 1746 4819 si
1777 4750 1965 4820 dexteritas
1986 4749 2079 4820 adsit
2100 4749 2136 4818 in
2157 4740 2238 4814 iudi-

219 4899 319 4958 meo,
353 4871 390 4940 iu
420 4864 540 4936 medio
570 4883 693 4930 eorum
717 4877 809 4926 stam.
863 4849 1054 4920 Versamur
1076 4873 1148 4920 una
1175 4849 1214 4918 in
1264 4850 1398 4934 cando,
1431 4862 1466 4920 et
1488 4850 1579 4920 absit
1600 4851 1758 4922 studium
1782 4851 2042 4922 calumniandi:
2073 4873 2144 4922 non
2165 4867 2237 4916 con·
2294 4895 2295 4946 4

220 4972 278 5046 his
303 4971 425 5046 castris
450 4982 484 5038 et
504 4977 648 5058 propter
670 4953 805 5030 Christi
830 4953 1028 5027 doctrinam
1052 4965 1086 5021 et
1110 4951 1214 5022 invo-
1264 4966 1464 5022 temnamus
1479 4947 1544 5022 Dei
1567 4953 1775 5038 consilium,
1802 4955 1862 5047 qni
1885 4953 2119 5024 ministerium
2133 4947 2237 5020 Evau-

220 5093 339 5150 rantes
354 5076 489 5165 ipsum:
518 5087 627 5162 quare
649 5075 690 5131 nt
705 5059 810 5128 nobis
829 5055 940 5139 adsit.
965 5054 1133 5124 exuscitet
1151 5077 1213 5144 pe·
1264 5053 1347 5142 gelii
1378 5067 1413 5124 et
1443 5052 1598 5122 institnit
1629 5067 1663 5123 et
1689 5068 1830 5138 tuetur,
1860 5069 1895 5126 et
1918 5055 2071 5126 subinde
2094 5057 2236 5124 doctores
2294 5075 2295 5078 ¹

221 5193 319 5251 ctora
341 5179 385 5248 ad
410 5173 597 5250 virtutem,
624 5165 721 5234 iuvet
742 5174 778 5230 et
797 5159 970 5248 gubernet
991 5157 1128 5224 labores
1145 5179 1213 5224 rto-
1264 5156 1390 5238 excitat
1410 5155 1591 5226 salutares.
1643 5155 1804 5228 Fuerunt
1828 5158 1936 5249 igitur
1949 5159 2079 5250 aliqui,
2102 5172 2234 5251 quorum

222 5271 332 5362 stros,
355 5297 539 5370 precemur
553 5268 685 5340 Filium
697 5261 762 5334 Dei
774 5260 968 5332 Dominum
987 5255 1212 5326 nostrumle·
1265 5281 1332 5326 vox
1360 5269 1395 5327 et
1424 5256 1546 5326 literae
1574 5259 1783 5347 profuerunt
1813 5255 2008 5346 Ecclesiae,
2039 5259 2100 5330 alii
2133 5252 2235 5342 magis.
2294 5309 2295 5330 ι

222 5405 300 5456 ιιιιιι
313 5375 515 5456 Christum,
537 5367 645 5442 huius
666 5361 839 5460 gymnasii
855 5373 891 5430 et
905 5374 1023 5430 coetus
1040 5371 1211 5428 rectorem
1264 5358 1325 5430 alii
1342 5357 1461 5430 minus
1479 5359 1621 5434 eruditi.
1671 5357 1740 5432 Sed
1761 5363 1918 5456 colloqui
1933 5376 2052 5432 tamen
2069 5385 2142 5431 cnm
2157 5352 2235 5426 anti·

221 5507 295 5558 esse
318 5479 454 5560 ducite,
480 5497 630 5566 eumque
654 5467 800 5562 propius
822 5463 942 5535 adesse
962 5461 1063 5532 vobis
1079 5474 1213 5548 specta-
1265 5461 1415 5556 quitate,
1441 5473 1476 5532 et
1490 5461 1691 5534 testimonia
1705 5459 1883 5535 Ecclesiae
1898 5485 2023 5548 nosse,
2046 5463 2131 5537 ntile
2144 5471 2198 5530 est·

1089 1811 1197 1824 ..ι-ι-

214 1984 356 2114 Q
