4688 5826
219 233 294 310 2³1

194 438 202 456 =
223 431 299 482 esse
314 409 377 502 pii,
392 407 424 478 si
438 408 606 480 vdlumus
618 429 691 478 esse
702 400 912 490 Christiani,
933 403 1039 476 fidem
1055 397 1111 475 his
1129 423 1214 494 pro-

223 513 455 584 missionibus
474 511 625 596 divinis,
654 523 695 580 et·
710 504 779 579 boc
799 506 1053 578 beneticentiae
1074 524 1215 596 genere,

218 638 466 695 exerceamus,
495 625 533 684 et
558 609 624 682 hac
656 611 764 682 erecti
791 611 877 694 lide,
913 609 1003 679 bene
1031 627 1216 702 precemur

209 731 262 790 *ct
277 717 431 811 principi
445 728 480 786 et
492 715 680 785 universae
691 713 796 807 Reip,
847 709 945 786 Dixi.

222 929 413 956 „nu—'u—
1075 921 1218 933 -—--

1046 1095 1094 1137 an.
1121 1071 1216 1138 1533.

1038 1159 1210 1192 Μ]

239 1072 306 1144 Νο.
320 1074 381 1143 dl.

231 1169 405 1200 Μ

451 1277 528 1364 De
545 1275 697 1364 studio
714 1277 993 1395 liupuarum.

297 1445 1214 1527 mmfflmmMflthw,mfflfflmRLpffiQ

214 1561 230 1594 3
329 1525 359 1580 in
371 1526 492 1582 Servest.
504 1523 536 1580 T.
550 1525 572 1578 l.
595 1543 620 1593 p.
634 1523 694 1576 481.
711 1530 737 1574 et
753 1521 823 1594 apud
839 1519 968 1575 Richard.
981 1519 1015 1574 T.
1027 1517 1048 1571 l.
1067 1535 1094 1588 p.
1109 1519 1170 1572 806.

155 1755 158 1760 ,
228 1689 356 1760 Oratio
387 1687 488 1759 Viti
520 1679 766 1770 Theodori,
806 1673 1216 1774 Norinberpensis,·rle

225 1785 353 1874 studio
382 1789 622 1884 linguarum,
656 1781 788 1856 habitu
808 1787 850 1854 in
874 1784 1107 1876 promotione
1129 1783 1215 1851 Ma-

377 1894 584 1988 gistrorum
608 1905 730 1974 anno,
762 1885 1062 1958 MMXXIH.

224 2033 415 2132 Principio
431 2039 532 2110 vobis
546 2037 673 2128 gratias
690 2057 764 2127 ago,
785 2033 1093 2120 DoctissimiViri,
1116 2035 1212 2128 quod

225 2145 298 2219 huc
315 2161 350 2218 et
370 2137 519 2212 honoris
533 2139 646 2210 nostri
661 2162 782 2220 causa,
805 2151 841 2210 et
858 2151 897 2210 ut
914 2133 1001 2208 haec
1016 2138 1212 2230 primarum

224 2250 357 2323 artium
372 2244 488 2315 studia
503 2242 692 2326 ornaretis,
718 2240 944 2314 convenistis.
987 2235 1078 2310 Cum
1094 2252 1212 2310 autem

196 2431 198 2438 Α
225 2351 420 2425 existimem
442 2348 480 2416 id
503 2359 657 2418 restrum
677 2343 833 2413 officium
853 2345 899 2412 ad
922 2343 1122 2413 studiorum
1145 2334 1213 2412 ho-

224 2476 349 2526 norem
367 2449 560 2542 pertinere,
586 2471 687 2538 spero
704 2469 767 2515 vos
782 2445 829 2516 ita
846 2445 1026 2514 induxisse
1041 2442 1212 2526 animum,

223 2551 293 2628 hoc
313 2555 419 2626 etiam
438 2549 647 2621 beneficium
668 2548 772 2616 uobis
795 2548 953 2616 dandum
970 2569 1061 2628 esse,
1084 2557 1125 2616 ut
1146 2567 1212 2614 nos

223 2683 300 2730 non
325 2654 496 2746 gravatim
517 2651 679 2724 audiatis.
730 2645 853 2742 Neque
877 2647 972 2718 enim
995 2642 1066 2720 huc
1088 2645 1211 2738 prodi,

224 2784 323 2844 mus,
355 2773 396 2828 ut
424 2754 573 2846 dignum
604 2751 739 2846 aliquid
763 2763 877 2822 vestra
906 2749 1079 2841 sapientia
1106 2762 1211 2843 atque

99 2860 104 2870 ’
223 2859 432 2935 auctoritate
446 2857 651 2940 afferamus,
675 2854 770 2947 quod
787 2853 825 2921 in
841 2847 948 2922 huius
964 2865 1103 2922 nostrae
1117 2863 1212 2920 aeta-

222 2967 268 3038 tis
283 2959 524 3032 imbecillitate
537 2982 583 3027 ne
597 2957 740 3052 quidem
755 2954 1008 3045 requirendum
1022 2967 1085 3025 est.
1118 2951 1211 3024 Tota

223 3063 310 3140 haec
332 3063 452 3134 fabula
469 3059 585 3150 agitur
604 3057 879 3128 adolescentium
896 3079 1020 3140 causa,
1045 3057 1088 3126 ad
1105 3079 1211 3149 quam

223 3191 287 3239 vos
317 3163 482 3236 acceditis
504 3175 733 3254 spectatores,
764 3171 804 3229 ut
831 3157 1005 3246 intelligat
1033 3157 1210 3242 iuventus,

100 3350 102 3358 s
222 3269 324 3340 voltis
337 3263 422 3336 haec
439 3264 553 3356 prima
570 3265 684 3334 studia
705 3261 859 3355 probari.
912 3258 1125 3353 Quanquam
1144 3259 1211 3348 igi-

222 3387 283 3446 tur
296 3371 335 3440 in
349 3367 449 3439 omni
465 3389 589 3457 genere
605 3362 807 3434 humanitas
824 3375 936 3439 vestra
952 3363 1057 3432 nobis
1072 3363 1211 3451 cognita

223 3489 258 3546 et
272 3483 450 3564 perspecta
468 3482 531 3553 est,
555 3484 673 3539 tamen
688 3468 723 3536 id
742 3489 883 3560 quoque
900 3465 1012 3534 nostri
1029 3476 1079 3533 est
1094 3463 1211 3548 officii,

222 3576 422 3646 verecunde
443 3587 578 3663 petere,
610 3583 651 3640 ut
677 3593 741 3639 nos
767 3591 879 3661 aequo
904 3567 1024 3636 animo
1047 3565 1210 3640 audiatis.

203 3697 207 3702 '
223 3677 343 3768 Quare
359 3699 456 3764 rogo,
473 3687 507 3743 et
524 3667 786 3742 uthancmeam
804 3671 997 3739 iuvenilem
1010 3669 1209 3738 orationem

221 3781 310 3850 honi
325 3776 528 3856 consulatis,
545 3789 579 3844 et
592 3787 631 3843 ut
645 3787 760 3843 vestra
777 3767 868 3841 mihi
882 3773 1052 3842 autoritas
1068 3771 1157 3842 adsit
1172 3771 1211 3838 in

221 3877 288 3951 hac
303 3903 404 3951 causa
420 3903 526 3973 quam
543 3877 713 3965 agendam
728 3873 885 3965 suscepi,
911 3897 1017 3965 quam
1032 3895 1133 3964 spero
1147 3897 1210 3941 vo-

220 3983 277 4054 bis
294 4007 366 4053 esse
380 3979 679 4073 probatissimam.

325 4083 468 4154 lnstitui
493 4081 588 4151 enim
613 4082 657 4148 de
682 4078 799 4149 studio
829 4076 1048 4166 linguarum,
1081 4087 1123 4146 ut
1146 4099 1210 4144 vo-

222 4201 321 4268 ca'nt,
345 4188 473 4255 dicere.
528 4178 603 4253 Etsi
626 4183 719 4250 enim
741 4181 938 4272 plerunque
958 4174 1016 4248 hic
1032 4173 1210 4248 dePhilo-

201 4315 206 4326 ·
222 4283 349 4382 sophia
365 4287 433 4357 dici
450 4285 550 4368 solet,
563 4298 683 4355 tamen
697 4306 811 4375 neque
829 4277 886 4350 hic
902 4282 1052 4350 locusde
1066 4280 1210 4368 linguis,

666 201 700 302 μ’
765 227 926 306 raca.
965 228 1041 308 ou
1074 167 1708 319 sermomonem
1762 253 1772 271 .
1820 293 1824 301 f

2179 237 2262 312 2³2

1263 397 1461 490 elinguem,
1485 401 1548 470 sed
1563 399 1788 494 eloquentem
1807 417 2019 494 patronum,
2044 407 2107 500 qui
2128 432 2261 482 ornere

1263 526 1320 574 eas
1327 525 1393 593 pro
1401 503 1586 592 dignitate,
1600 516 1636 572 et
1648 503 1929 594 magnitudinem
1945 509 2153 597 utilitatum,
2169 536 2262 604 quos

1262 605 1356 698 parit
1372 627 1493 676 earum
1513 605 1688 695 cognitio,
1713 605 1892 680 illustrare
1915 624 2044 700 posset.
2096 612 2203 702 Quod
2222 629 2261 687 et

1263 707 1293 778 si
1310 707 1548 798 intelligebam
1567 731 1658 778 ame
1682 733 1757 783 nou
1776 734 1877 802 posse
1897 713 1995 798 ficri,
2019 727 2139 786 tamen
2158 717 2260 788 arbi-

1263 810 1384 880 trabar
1417 833 1473 878 me
1504 834 1578 878 nou
1611 810 1740 882 debere
1772 814 1936 904 publicae
1968 840 2092 891 causae
2123 819 2258 904 deesse,

1263 911 1468 1004 praesertim
1485 911 1524 980 iu
1543 907 1723 999 hocloco,
1749 932 1904 1007 quocum
1925 913 2016 990 mihi
2032 920 2175 992 dicendi
2190 946 2260 990 ne-

1265 1014 1459 1084 cessitatem
1499 1008 1728 1087 scholasticus
1766 1014 1997 1108 Magistratus
2037 1021 2260 1113 imponeret,

1263 1116 1446 1207 sperabam
1463 1129 1600 1186 tantum
1617 1117 1814 1190 autoritatis
1832 1121 1871 1188 in
1890 1115 1956 1190 bac
1972 1123 2134 1194 oratione
2156 1126 2260 1198 futu-
2309 1199 2314 1206 ,

1263 1241 1343 1286 rum
1362 1240 1454 1301 esse,
1480 1233 1651 1310 quantum
1666 1219 1823 1292 tribuitis
1839 1223 2005 1294 universo
2026 1227 2176 1316 collegio
2190 1231 2259 1298 do-

1264 1319 1498 1388 ctissimorum
1530 1315 1737 1402 hominum,
1775 1323 1838 1415 qui
1868 1336 1902 1394 et
1931 1319 1995 1396 has
2020 1322 2112 1397 mihi
2139 1343 2259 1420 partes

1265 1423 1498 1504 mandarunt,
1524 1435 1558 1492 et
1572 1445 1673 1492 suern
1695 1426 1907 1496 sententiam
1920 1451 1996 1498 mea
2016 1429 2260 1524 qualicunque

1263 1523 1423 1594 oratione
1436 1523 1536 1594 vobis
1551 1525 1680 1614 exponi
1695 1527 1897 1600 voluerunt.
1939 1527 2107 1618 Quicum
2122 1534 2260 1602 doctri-

1263 1649 1329 1705 ua,
1365 1625 1519 1710 iudicio,
1545 1651 1665 1696 rerum
1687 1649 1755 1698 usu
1780 1631 1968 1716 excellant,
2000 1633 2154 1726 denique
2174 1659 2260 1707 cum

1263 1727 1332 1796 fide
1355 1749 1491 1798 summa
1514 1741 1547 1798 et
1562 1729 1688 1798 vestris
1708 1730 1836 1800 studiis
1852 1745 1887 1802 et
1902 1734 2087 1804 universae
2101 1733 2259 1827 Reipub.

1263 1830 1465 1900 consultum
1491 1829 1620 1916 velint,
1646 1825 1934 1904 honestissimum
1957 1838 2059 1906 vobis
2082 1851 2150 1924 est,
2176 1864 2260 1909 mo-

1263 1930 1349 2000 uitis
1362 1955 1484 2002 eorum
1498 1930 1652 2026 libenter
1668 1946 1702 2004 et
1715 1935 1873 2006 studiose
1886 1960 2024 2028 parere.

1357 2066 1428 2140 Sed
1444 2065 1548 2136 venio
1565 2067 1779 2159 adsumam,
1804 2071 1850 2140 de
1866 2095 1933 2165 qua
1950 2073 2032 2166 quia
2050 2075 2156 2145 etiam
2173 2101 2260 2168 pro-

1263 2181 1340 2262 pter
1356 2168 1524 2261 temporis
1539 2171 1738 2260 augustiam
1750 2173 1922 2244 nonsatis
1938 2177 2008 2244 dici
2023 2191 2148 2268 potest,
2171 2179 2258 2247 hre-

1262 2273 1354 2344 viter
1388 2273 1560 2341 utilitates
1597 2273 1802 2364 praecipuas
1836 2275 2018 2366 colligam,
2065 2305 2155 2374 quae
2188 2305 2258 2351 uos

1262 2398 1386 2444 omnes
1406 2375 1450 2442 ad
1474 2374 1678 2463 linguarum
1700 2376 1858 2446 studium
1882 2371 2090 2451 hortantur:
2124 2383 2258 2474 loquor

1262 2487 1380 2546 autem
1397 2477 1442 2544 de
1457 2473 1605 2561 Latina,
1630 2473 1767 2546 Graeca
1783 2491 1818 2548 et
1831 2475 2017 2550 Hebraico.

1306 2695 1310 2702 Ι
1362 2605 1454 2679 Cum
1476 2622 1593 2679 autem
1616 2607 1714 2681 aliud
1737 2610 1798 2680 alii
1821 2615 2042 2708 propositum
2067 2617 2105 2686 in
2127 2619 2259 2688 studiis

1261 2707 1434 2798 habeant,
1474 2735 1540 2781 nec
1572 2711 1666 2780 idern
1701 2713 1883 2786 doctrinae
1916 2741 2028 2808 genus
2061 2735 2257 2814 sequantur

1263 2837 1404 2898 omnes,
1431 2813 1474 2881 de
1488 2813 1655 2904 singulis,
1674 2829 1714 2886 ut
1732 2831 1873 2904 vocant,
1899 2821 2178 2912 professionibus
2193 2847 2257 2892 or-

1263 2917 1347 2986 dine
1365 2915 1555 2985 dicendum
1571 2929 1633 2985 est.
1669 2911 1723 2985 Ac
1738 2919 1892 3008 primum
1911 2947 1983 2992 non
2001 2923 2131 3015 opinor
2147 2925 2256 3016 longa

1262 3015 1353 3088 mihi
1368 3017 1606 3108 disputatione
1619 3042 1709 3108 opus
1723 3043 1795 3088 esse
1811 3024 1854 3090 de
1871 3019 2087 3115 Theologia3
2117 3041 2256 3097 constat

1262 3121 1356 3191 enim
1380 3119 1495 3188 fontes
1514 3115 1733 3210 Theologiae
1758 3124 1907 3194 ebraicis
1930 3140 1964 3198 et
1984 3129 2116 3218 graecis
2139 3129 2255 3199 literis

1263 3222 1448 3293 contineri.
1498 3218 1571 3290 Nec
1587 3237 1735 3312 possunt
1750 3223 1797 3294 ita
1814 3229 2017 3298 transfundi
2032 3231 2185 3320 linguae,
2212 3247 2255 3302 ut

1261 3321 1356 3394 nihil
1370 3347 1459 3414 opus
1468 3323 1513 3391 sit
1528 3323 1698 3410 fontibus,
1724 3325 1752 3394 si
1768 3327 1917 3398 velimus
1935 3331 2092 3402 iudicare
2107 3335 2150 3402 de
2164 3333 2255 3404 locis

1262 3427 1442 3512 obscuris,
1470 3427 1564 3518 quod
1581 3427 1620 3492 in
1636 3427 1757 3496 multis
1774 3431 1987 3518 gravissimis
2001 3437 2254 3506 controversiis

1261 3529 1338 3600 fieri
1365 3551 1503 3598 necesse
1533 3541 1595 3597 est.
1650 3525 1773 3598 Toties
1801 3537 2025 3604 commendat
2049 3535 2153 3606 nohis
2176 3537 2254 3628 ipsa

1262 3631 1435 3724 scriptura
1461 3629 1697 3698 ministerium
1725 3632 1844 3718 verbi,
1878 3637 2045 3707 admonet
2075 3663 2253 3732 nusquam

1261 3735 1480 3804 voluntatem
1499 3727 1565 3797 Dei
1588 3732 1716 3830 cerui,
1739 3733 1809 3801 uisi
1827 3735 1865 3803 in
1886 3731 1941 3806 his
1955 3741 2113 3830 scriptis;
2146 3743 2252 3812 facile

1262 3833 1370 3924 igitur
1385 3831 1534 3921 intelligi
1549 3845 1673 3924 potest,
1698 3849 1870 3926 quantum
1888 3841 2013 3912 referat
2026 3845 2178 3932 perfecte
2193 3843 2253 3912 in-

1261 3935 1416 4026 telligere
1438 3947 1600 4004 naturam
1616 3937 1806 4022 sermonis,
1831 3941 1926 4032 quod
1949 3942 2025 4012 sine
2045 3945 2251 4034 linguarum

1261 4037 1462 4128 cognitione
1496 4049 1530 4105 et
1564 4035 1640 4103 sine
1679 4037 1901 4133 eloquentiae
1940 4047 2252 4128 exercitationibus

1261 4165 1366 4210 nemo
1384 4137 1551 4232 consequi
1570 4151 1697 4230 potest.

1363 4273 1486 4369 Itaque
1508 4299 1588 4344 cum
1610 4299 1691 4346 suae
1713 4277 1862 4372 quisque
1883 4281 2007 4354 salutis
2026 4257 2147 4371 causa,
2173 4279 2253 4360 tum

221 4393 251 4461 si
268 4391 347 4485 quis
364 4401 457 4458 recte
473 4387 648 4470 aestimet,
669 4379 934 4474 aPhilosophia
954 4384 1056 4452 valde
1073 4383 1210 4452 alienus
1260 4379 1368 4448 etiam
1389 4391 1546 4470 propter
1578 4377 1758 4467 publicam
1789 4379 1967 4462 Ecclesiae
2005 4391 2251 4460 necessitatem

223 4507 284 4565 est.
335 4487 430 4562 Mihi
449 4490 593 4584 quidem
609 4512 646 4557 ea
660 4481 913 4577 Philosophiae
929 4509 1028 4576 pars,
1054 4509 1144 4578 quae
1159 4495 1211 4553 est
1259 4482 1447 4572 perfectam
1480 4478 1569 4548 sacri
1607 4481 1781 4549 sermonis
1813 4486 2052 4572 coguitionem
2088 4505 2251 4582 expetere

222 4595 449 4675 suavissima,
490 4591 677 4684 praecipue
705 4614 745 4659 ex
775 4587 977 4678 cognitione
1005 4587 1207 4676 linguarum
1259 4585 1378 4654 debet·
1424 4579 1584 4650 Primum
1616 4583 1710 4650 enim
1743 4584 1908 4673 privatim
1930 4613 2082 4682 ,quoque
2110 4597 2251 4684 experi.

223 4699 377 4788 pendere
401 4696 550 4764 videtur.
609 4691 732 4786 Neque
753 4715 837 4758 vero
865 4683 935 4759 hoc
963 4701 1209 4778 argumentum
1258 4709 1340 4756 mur
1359 4683 1505 4754 mirifice
1519 4684 1725 4752 confirmare
1739 4687 1895 4773 animos,
1922 4715 2001 4760 cum
2019 4692 2056 4760 in
2073 4707 2169 4766 tanta
2186 4723 2251 4768 va.

221 4801 340 4869 studio
356 4797 523 4867 novitatis
539 4795 668 4890 ‹lelegi3
703 4817 816 4886 neque
839 4792 934 4860 enirn
950 4791 1057 4862 statui
1071 4814 1127 4860 me
1144 4814 1211 4858 no·
1257 4787 1382 4860 rietate
1397 4785 1608 4876 opinionum
1636 4786 1736 4878 quasi
1751 4788 1789 4855 in
1804 4813 1879 4858 rem
1896 4808 2114 4880 praesentem
2131 4800 2250 4876 dedu.

223 4927 269 4971 νο
291 4913 499 4990 argumento
524 4898 562 4965 in
596 4893 662 4966 hac
694 4895 843 4964 infantia
871 4895 1068 4962 satisfacere
1099 4915 1210 4982 posse.
1230 4941 1234 4994 ,
1257 4890 1389 4976 cimur,
1422 4887 1649 4978 inspicientes
1675 4889 1869 4976 genuinum
1894 4895 2086 4986 scripturae
2110 4923 2249 4972 sermo.

224 5003 292 5074 Sed
318 5003 458 5096 publica
481 4997 667 5069 necessitas
690 4993 870 5085 hortatur,
904 5019 978 5065 nou
1003 4996 1118 5064 solum
1140 5017 1210 5076 me,
1255 5015 1349 5064 nem.
1401 4991 1539 5062 Deinde
1555 4991 1597 5058 de
1613 4991 1748 5077 magnis
1761 5015 1801 5060 ac
1816 4993 2022 5068 difficilibus
2039 5013 2247 5076 coutrover.

223 5129 347 5176 verum
363 5127 486 5174 omnes
502 5104 615 5170 bonos
633 5101 727 5170 viros
742 5111 915 5192 quantum
930 5121 994 5188 pro
1010 5121 1046 5166 se
1061 5095 1210 5190 quisque
1254 5095 1316 5167 siis
1330 5095 1470 5186 publice
1485 5087 1686 5160 qucclesia
1705 5095 1940 5182 pronunciare
1953 5100 2046 5170 bona
2060 5105 2248 5178 conscien-

222 5221 348 5300 potest,
375 5204 646 5276 adolescentiam
663 5204 705 5272 ad
722 5200 838 5272 studia
852 5199 1055 5288 linguarum
1074 5197 1209 5270 excrsci-
1254 5196 1302 5265 tia
1329 5198 1386 5268 vix
1408 5207 1555 5286 possunt
1582 5189 1772 5278 Doctores,
1811 5197 1841 5266 si
1868 5219 1978 5286 genus
2004 5208 2179 5278 sermonis
2207 5209 2246 5278 in

151 5329 156 5343 “
222 5325 297 5381 tare
317 5321 421 5400 atque
443 5307 641 5377 accendere.
693 5303 848 5374 Maxime
870 5325 954 5370 vero
979 5300 1210 5372 conveniebat
1251 5299 1478 5380 testimoniis,
1519 5319 1561 5369 ex
1591 5295 1723 5388 quibus
1756 5310 1829 5368 tota
1863 5323 1918 5370 res
1951 5303 2144 5378 iudicanda
2173 5325 2246 5392 est,

143 5465 146 5471 .
221 5414 266 5480 ad
298 5409 500 5499 linguarum
541 5431 680 5479 causam
720 5406 893 5497 agendam
927 5399 1093 5474 adhiberi
1134 5425 1209 5472 uon
1250 5425 1325 5472 non
1346 5400 1558 5490 intelligant.
1611 5397 1745 5472 Multas
1769 5393 1928 5474 haereses
1944 5409 2082 5499 peperit
2102 5411 2244 5486 inscitia
