4718 5828
253 252 304 324 99

257 425 417 496 diaturus
450 446 530 491 cum
574 444 614 489 eo
647 440 795 506 genere,
837 429 974 486 tautum
1009 417 1247 487 adolescentes

255 527 553 598 commonefacere
575 521 730 616 decrevi,
762 545 832 612 quo
850 519 998 588 consilio
1015 533 1046 588 et
1065 519 1150 587 olim
1166 541 1246 607 gra-

257 629 325 698 dus
346 627 501 696 instituti
522 625 610 708 sint,
644 635 677 692 et
698 635 869 716 quantum
892 621 935 688 ad
953 619 1153 688 communia
1171 633 1246 690 stu-

257 732 317 800 dia
331 731 513 800 literarum
538 724 710 794 momenti
733 723 884 792 adferret
899 723 1042 790 illorum
1060 743 1247 790 conserva-

258 833 321 906 tio.
372 825 436 898 Est
457 841 572 896 autem
596 829 732 896 adeam
757 848 893 894 causam
914 846 1001 914 opus
1017 817 1106 889 mihi
1125 823 1247 916 aequi-

257 947 328 1004 tate
353 944 465 1000 vestra
489 929 684 1012 auditores,
719 927 905 1018 plerosque
923 925 1019 994 enim
1039 937 1177 994 tantum
1194 925 1247 994 fa-

258 1033 402 1104 stidium
427 1031 519 1123 cepit
541 1030 643 1100 istius
663 1029 790 1112 moris,
823 1041 863 1097 ut
885 1039 1022 1096 tantum
1044 1049 1116 1096 non
1136 1039 1247 1095 totam

258 1133 465 1228 Anticyram
488 1145 612 1223 putent
627 1130 872 1199 destinandam
897 1151 969 1198 esse
985 1123 1061 1212 his,
1085 1127 1147 1220 qui
1162 1130 1249 1196 titu-

256 1239 311 1306 lus
334 1237 419 1305 istos
441 1237 615 1323 graduum
632 1232 774 1300 decerni
789 1231 856 1300 sibi
874 1231 1065 1322 postulant.
1117 1224 1175 1296 Ab
1191 1223 1247 1296 his

256 1363 323 1430 pro
339 1361 417 1406 meo
433 1337 509 1405 iure
526 1349 625 1426 peto,
652 1357 695 1402 ne
710 1357 775 1402 uos
794 1356 834 1400 er
852 1327 916 1400 hac
931 1327 1052 1399 schola
1067 1331 1248 1410 esibilent,

257 1463 304 1509 ue
318 1439 526 1528 explodaut,
552 1436 756 1527 priusquam
776 1435 970 1504 orationem
995 1445 1150 1500 nostram
1167 1453 1248 1519 cog-

257 1539 436 1611 noverint.
499 1535 589 1607 Nam
615 1536 867 1626 pronunciare,
894 1558 973 1603 cum
990 1535 1151 1602 nondum
1167 1555 1249 1622 cog-

183 1727 189 1733 ⁸
257 1643 399 1712 noveris
413 1661 568 1718 causam,
595 1639 629 1706 id
648 1662 729 1706 vero
745 1650 796 1706 est
811 1636 932 1706 iniusti
949 1649 982 1704 et
997 1635 1137 1702 barbari
1155 1635 1249 1702 iudi-

258 1746 318 1814 cis.
368 1739 416 1812 Et
433 1764 495 1829 ego
517 1764 572 1808 me
588 1739 682 1808 sanis
699 1738 866 1808 omuibus
888 1735 1161 1809 satisfacturum
1178 1758 1250 1804 esse

258 1845 298 1914 iu
315 1841 382 1914 hoc
400 1840 546 1932 negocio
566 1841 709 1930 recipio.

360 1942 424 2016 Est
446 1944 617 2035 quaedam
642 1943 679 2010 in
709 1941 904 2030 puerilibus
927 1939 1078 2028 ingeniis
1100 1935 1250 2006 infantia

258 2063 293 2120 et
308 2046 549 2127 imbecillitas,
583 2067 672 2136 quae
694 2067 768 2112 non
792 2043 921 2112 sufficit
937 2042 1099 2132 pluribus
1115 2039 1250 2108 artibus

257 2150 362 2220 simul
381 2147 576 2228 discendis,
608 2147 669 2214 sed
685 2145 814 2226 sensim
839 2169 902 2234 per
922 2144 1050 2232 gradus
1066 2145 1250 2234 quosdam,

259 2253 305 2320 ad
324 2250 501 2340 graviores
517 2260 607 2316 artes
623 2247 831 2316 traducendi
849 2258 932 2315 sunt
950 2244 1069 2334 pueri,
1095 2245 1180 2311 dum
1205 2243 1247 2310 ad

257 2351 436 2440 fastigium
461 2349 589 2418 artium
615 2335 859 2438 pervenerint,
893 2342 960 2414 hoc
984 2359 1053 2424 est,
1081 2345 1166 2411 dum
1190 2366 1250 2432 pa-

259 2453 415 2523 raverint
433 2451 502 2519 sibi
515 2450 696 2522 scientiam
716 2473 789 2517 non
813 2449 921 2518 stulte
939 2449 982 2514 de
1000 2445 1106 2516 rebus
1123 2439 1250 2512 huma-

258 2556 314 2624 nis
344 2553 544 2631 iudicaudi‚
577 2565 610 2619 et
634 2549 848 2618 mediocrem
873 2549 1051 2642 quandam
1078 2545 1251 2614 sermonis

258 2656 431 2746 copiam„
450 2655 493 2722 ad
525 2654 702 2720 docendos
731 2651 837 2734 alios,
870 2649 1251 2738 demonstrandamque

259 2758 333 2825 vim
366 2768 600 2844 naturamque
643 2752 795 2825 virtutis.
865 2749 914 2820 Et
950 2749 1249 2843 quemadmodum

259 2881 334 2928 non
351 2855 468 2926 statim
484 2855 573 2923 cibis
587 2855 792 2924 durioribus
808 2879 869 2923 ora
886 2851 1075 2921 infantium
1092 2851 1174 2920 satis
1190 2850 1249 2916 fir-

259 2983 316 3028 ma
333 2972 434 3040 sunt,¹
459 2958 516 3025 scd
535 2957 621 3024 lacte
638 2957 698 3024 diu
715 2956 878 3039 aluntur,
904 2966 1022 3044 postea
1040 2973 1248 3041 praemauso

259 3061 359 3144 cibo,
393 3061 504 3128 donec
529 3059 777 3146 grandescant:
813 3057 860 3128 ita
883 3053 1113 3146 pinguissima
1143 3073 1250 3147 quae-

260 3184 330 3256 que
363 3160 598 3252 facillimaque
625 3159 848 3248 deliguntur,
877 3180 968 3249 quae
992 3155 1152 3224 infirmae
1175 3153 1252 3243 pri-

260 3286 358 3334 mum
381 3261 487 3330 aetati
508 3263 711 3344 tradantur,
746 3259 875 3328 deinde
899 3257 1026 3326 ordine
1042 3255 1249 3346 discipliuae

260 3363 429 3457 reliquae.
496 3359 617 3454 ltaque
646 3363 837 3453 prudentes
870 3360 939 3428 viri
964 3360 1002 3426 in
1032 3350 1162 3427 scholis
1185 3357 1247 3424 de-

260 3466 477 3556 scripserunt
503 3463 627 3532 classes
648 3465 815 3555 quasdam
834 3485 1043 3552 puerorum,
1071 3471 1111 3528 ut
1124 3481 1250 3528 secun-

260 3569 347 3637 dum
369 3564 505 3653 ingenii
526 3565 618 3634 vires
639 3565 699 3632 alii
723 3565 802 3632 aliis
824 3561 1021 3657 disciplinis
1035 3555 1250 3628 adhiberen·

262 3682 332 3741 tur.
388 3663 436 3737 Et
463 3668 501 3734 in
531 3689 592 3736 sua
618 3667 767 3758 quisque
796 3665 923 3748 classe,
959 3678 1128 3754 tauquam
1156 3662 1250 3730 intra

260 3781 357 3861 septa
379 3767 612 3850 detineretur,
644 3789 689 3836 ne
712 3767 923 3856 imparatus,
956 3777 989 3833 et
1005 3777 1173 3856 tanquam
1192 3785 1250 3831 sus

261 3871 300 3940 in
323 3891 419 3940 rosas
444 3869 594 3938 irrueret
614 3869 658 3936 ad
686 3867 907 3936 obscuriores
929 3878 1030 3934 artes.
1090 3863 1132 3931 lu
1154 3857 1250 3932 hunc

260 3973 408 4041 modum
432 3971 560 4060 gradus
583 3969 727 4063 quidam
756 3969 837 4038 iacti
860 3979 943 4036 sunt
963 3963 1250 4044 adolescentium,

260 4087 302 4144 ut
345 4072 501 4162 primum
545 4069 785 4142 Grammatica
828 4065 1092 4160 Dialecticaque
1133 4067 1250 4138 trade-

260 4187 404 4256 rentur,
443 4197 532 4264 quae
559 4175 693 4263 primae
713 4186 804 4241 artes
834 4169 1130 4262 planissimaeque
1156 4181 1249 4240 svrnt.

260 4273 333 4346 Ubi
356 4275 567 4343 videbantur
589 4270 651 4344 has
667 4273 910 4363 perdidicisse,
943 4295 1018 4340 non
1034 4287 1164 4342 temere
1182 4269 1249 4359 ipsi

260 4378 305 4446 ad
326 4370 518 4470 Physicen,
552 4389 613 4445 aut
633 4376 719 4444 alias
743 4388 835 4444 artes
860 4375 1118 4464 irrumpebant.
1178 4370 1247 4442 Sed

259 4491 501 4575 praeceptores
518 4478 748 4570 explorabant
763 4477 854 4546 vires
868 4473 1160 4557 adolescentium,
1187 4473 1249 4566 qui

259 4579 293 4658 si
306 4577 563 4672 probarentur,
596 4579 828 4649 admittebant
852 4580 895 4646 ad
919 4578 1073 4670 reliquas
1091 4575 1249 4667 discipli-

259 4703 335 4752 nas.
388 4678 510 4772 Nuper
532 4676 648 4751 adhuc
671 4675 739 4750 hoc
752 4681 957 4750 servabatur
972 4679 1010 4748 in
1029 4674 1176 4762 scholis,
1202 4701 1248 4746 ne

259 4781 340 4880 quis
368 4781 552 4872 attingeret
581 4779 774 4876 Physicen,
810 4795 869 4852 aut
901 4775 1140 4865 Mathemata,
1177 4778 1248 4848 nisi

258 4897 362 4956 autea
385 4882 423 4952 in
454 4883 702 4956 Grammaticis
725 4897 759 4954 et
775 4879 975 4954 Dialecticis
996 4883 1060 4953 diu
1076 4881 1248 4958 multum-

259 5011 328 5078 que
352 4998 519 5056 versatus.
575 4983 700 5056 Postea
721 4999 984 5078 praeceptorum
1012 4983 1143 5055 iudicio
1173 4995 1248 5054 tra-

258 5087 408 5156 debatur
429 5086 597 5172 ulterius,
635 5102 668 5159 et
694 5089 828 5180 primus
857 5087 919 5156 ille
944 5089 1071 5178 gradus
1094 5111 1113 5156 a
1135 5083 1265 5156 Lauri.

257 5189 363 5260 bacca
386 5212 516 5258 nomeu
539 5183 680 5261 habuit:
710 5185 824 5262 Erant
850 5190 945 5258 euim
970 5183 1117 5259 honesto
1141 5187 1245 5258 titulo

736 235 897 317 unct.
935 237 1029 326 DE¹
1053 237 1356 320 GRADlBUS
1400 241 1788 328 DISCENTlUM.

2210 259 2277 332 100

1296 418 1394 488 mine
1421 429 1578 506 tanturn,
1610 420 1672 492 diu
1693 415 1952 496 immorabatur
1977 425 2162 514 iuventus,
2189 431 2279 504 'dum

1296 521 1438 612 penitus
1453 536 1693 610 cognosceret,
1713 524 1798 592 dum
1815 525 1922 616 longo
1936 550 2003 597 usu
2014 529 2280 604 iudicium'con-

1296 623 1506 695 firmaretur.
1559 621 1602 692 ln
1625 619 1681 692 his
1695 636 1862 720 tanquam
1879 626 2071 718 praeludiis
2087 633 2281 720 graviorum

1298 723 1566 814 disciplinamm
1582 749 1662 794 cum
1685 725 1754 794 iam
1777 727 1861 798 satis
1878 711 2085 804 viderentvir
2100 737 2283 824 exercitati,
2313 733 2314 736 '

1297 838 1539 916 praeceptores
1563 827 1828 916 permittebant,
1861 845 1901 900 ut
1918 856 2033 919 sacra,
2055 849 2115 906 aut
2136 834 2282 906 Medici·
2313 825 2314 882 3

1299 949 1400 1010 nam,
1425 925 1749 1018 autluspublicum
1765 930 1994 1020 attingerent,
2019 936 2062 1002 ad
2080 961 2167 1029 quas
2183 939 2282 1008 disci·

1298 1029 1414 1118 plinas
1432 1051 1534 1097 usum
1553 1029 1743 1118 puerilium
1761 1031 1943 1104 literarum
1961 1057 2128 1126 magnum
2144 1053 2177 1110 et
2193 1065 2283 1109 acer·
2313 1031 2314 1108 l

1299 1129 1427 1198 rimum
1451 1129 1622 1198 iudicium
1647 1131 1815 1202 volebant
1837 1135 1986 1208 adferre.
2047 1135 2169 1232 ltaque
2192 1143 2282 1232 prius
2312 1139 2314 1212 ἶ

1299 1230 1573 1320 explorabantur
1589 1225 1646 1299 hic
1662 1233 1766 1300 etiarn
1784 1235 1876 1304 vires
1886 1237 2185 1326 adulescentium,
2210 1241 2283 1312 Ma-
2313 1255 2314 1298 l

1299 1332 1479 1420 gisterium
1505 1333 1664 1402 iecerunt
1687 1333 1789 1403 classi
1811 1336 1966 1408 titulum.
2025 1337 2188 1413 Proiecto
2211 1345 2283 1434 plu·
2313 1343 2314 1422 Τ

1301 1433 1431 1502 rimum
1456 1434 1582 1518 refert,
1618 1438 1798 1526 quomodo
1828 1438 2053 1510 instruantur
2078 1467 2284 1536 praeparen·
2313 1423 2314 1486 l

1299 1549 1428 1626 turque
1465 1537 1509 1603 ad
1550 1537 1743 1606 severiores
1793 1538 1999 1631 disciplinas
2041 1545 2283 1619 adulescentes.
2313 1583 2314 1590 ,

1299 1633 1382 1704 Non
1412 1649 1494 1705 suut
1523 1635 1627 1724 longe
1660 1640 1810 1728 petenda
1836 1643 2015 1732 exempla,
2046 1643 2159 1714 ndstri
2185 1647 2285 1718 seculi

1301 1761 1434 1804 morem
1453 1737 1646 1810 videamus.
1699 1737 1826 1810 Statim
1849 1742 1911 1812 uhi
1935 1742 1972 1812 in
1990 1743 2170 1835 publicam
2189 1744 2284 1818 scho·
2313 1723 2314 1816 l

1301 1838 1369 1904 lam
1389 1837 1485 1906 missi
1501 1839 1633 1908 suerint
1648 1839 1907 1924 adulescentes,
1934 1834 2065 1936 'putant
2081 1851 2217 1919 sordidi
2233 1852 2283 1918 in·
2313 1831 2314 1918 l

1301 1937 1395 2028 genii
1411 1963 1502 2023 esse,
1525 1941 1587 2009 diu
1606 1935 1749 2010 haerere
1766 1941 1802 2011 in
1822 1941 2090 2036 Grammaticis,
2115 1964 2177 2020 aut
2194 1953 2284 2020 simi·
2313 1951 2314 2032 l

1300 2041 1395 2109 libus
1414 2041 1536 2130 nugis,
1572 2057 1762 2131 properant
1784 2045 1843 2112 alii
1868 2047 1913 2114 ad
1940 2070 2060 2134 sacra,
2093 2052 2194 2122 nulla
2221 2055 2283 2122 lin·
2313 2043 2314 2068 ¹

1301 2163 1470 2230 guarum,
1497 2143 1596 2210 nulla
1616 2144 1757 2212 dicendi
1772 2146 1917 2218 scientia
1931 2162 2035 2219 antea
2050 2167 2169 2242 parta,
2193 2156 2285 2224 nulla

1301 2239 1555 2344 humaniorum
1578 2268 1617 2314 ac
1639 2245 1797 2314 civilium
1816 2249 1963 2318 'morum
1986 2254 2210 2341 cognitione,
2237 2257 2286 2325 di-

1303 2358 1404 2414 scunt
1425 2345 1671 2436 inepterixari
1696 2347 1740 2414 de
1766 2349 1874 2418 sacris
1897 2351 2022 2437 rebus,
2046 2379 2111 2424 nec
2133 2359 2178 2426 ad
2203 2358 2286 2428 vitae

1301 2469 1404 2514 usum
1423 2461 1640 2537 comparant.
1675 2444 1768 2518 Volo
1783 2471 1846 2538 ego
1860 2451 2004 2546 quidem
2020 2457 2184 2526 omnium
2200 2473 2287 2529 aeta·

1302 2561 1396 2626 tum,
1430 2548 1590 2617 omnium
1618 2549 1710 2618 vitae
1732 2551 1886 2640 partium
1911 2577 1984 2624 esse
2008 2555 2195 2647 religionis
2220 2576 2287 2631 stu·

1301 2648 1422 2731 dium,
1455 2650 1514 2716 sed
1537 2673 1575 2718 ea
1600 2666 1847 2741 proponantur
1866 2656 2002 2746 pueris,
2038 2683 2128 2750 quae
2154 2664 2287 2756 assequi

1303 2749 1456 2840 possint,
1482 2773 1571 2843 quae
1584 2751 1746 2840 pietatem
1757 2753 1870 2839 alant,
1895 2781 1985 2848 quae
2000 2783 2115 2830 mores
2128 2761 2287 2850 forment,

1301 2873 1374 2920 non
1390 2854 1485 2920 unde
1499 2865 1621 2942 petant
1635 2853 1774 2922 rixandi
1791 2857 1984 2933 materiam.
2110 2937 2113 2945 ,

1405 2951 1502 3040 Quid
1525 2955 1569 3021 de
1585 2954 1663 3022 aliis
1680 2957 1957 3046 professionibus
1978 2959 2120 3030 dicam?
2154 2961 2199 3034 ln
2216 2965 2286 3036 iure

1301 3053 1471 3122 discendo
1487 3053 1605 3123 videas
1620 3057 1772 3141 versari,
1797 3060 1858 3152 qui
1869 3061 2010 3130 nullum
2027 3087 2175 3153 prorsus
2190 3091 2286 3138 usum

1301 3155 1451 3225 aliarum
1468 3155 1649 3225 literarum
1665 3151 1816 3244 habent,
1839 3185 1920 3230 curn
1937 3175 2053 3232 tamen
2070 3165 2159 3235 illud
2178 3171 2286 3261 ipsum

1301 3256 1357 3326 ius
1376 3281 1417 3326 ex
1439 3251 1738 3348 Philosophorum
1765 3282 1805 3329 ac
1826 3257 2024 3334 Rhetorum
2047 3265 2181 3356 literis,
2215 3283 2287 3340 tan-

1301 3381 1406 3451 quam
1438 3381 1478 3428 ex
1509 3359 1607 3428 sonte
1634 3373 1750 3429 ortum
1773 3361 1830 3435 sit.
1892 3361 2037 3436 latricac
2058 3393 2141 3438 vero
2163 3395 2287 3444 manus

1301 3462 1508 3546 admovere,
1533 3460 1602 3528 nisi
1617 3457 1791 3556 Physiceu
1810 3462 1997 3552 didiceris,
2028 3485 2079 3542 est
2103 3471 2182 3542 sine
2204 3498 2287 3566 pen-

1302 3562 1357 3630 nis
1379 3561 1510 3634 volare.
1555 3561 1654 3648 ¹Nam
1676 3563 1802 3634 clinica
1821 3565 1882 3635 illa
1903 3569 2079 3640 medicina
2105 3587 2180 3645 tota
2198 3599 2288 3646 exea

1301 3659 1555 3754 Philosophiae
1583 3676 1681 3756 parte
1710 3678 1792 3736 nata
1822 3681 1890 3752 est,
1924 3695 2013 3764 quae
2037 3673 2287 3748 elementomm

1303 3765 1559 3853 coguitionem,
1593 3779 1711 3835 motus
1732 3767 1955 3858 varietatem,
1982 3798 2171 3866 corporum
2187 3794 2287 3850 natu·

1301 3889 1376 3934 ram
1401 3865 1520 3954 tradit.
1578 3865 1690 3936 Porro
1715 3869 1800 3938 dum
1818 3864 1886 3940 hoc
1902 3876 2009 3944 ruodo
2032 3901 2107 3946 uon
2126 3879 2286 3973 perpoliti

1301 3967 1431 4058 puerili
1454 3966 1615 4037 doctriua
1643 3968 1785 4040 irruunt
1808 3974 1851 4040 ad
1876 3976 2066 4048 severiores
2091 3993 2205 4069 artes,
2234 3984 2287 4050 in-

1301 4069 1403 4138 firmo
1429 4067 1561 4140 iudicio
1585 4069 1707 4140 literae
1730 4096 1872 4159 omues,
1903 4090 2064 4172 artesque
2080 4081 2185 4153 foede
2208 4109 2287 4154 con·

1301 4184 1522 4261 spurcautur.
1581 4166 1628 4242 Et
1644 4173 1726 4266 quia
1748 4197 1788 4243 ex
1803 4175 1914 4246 literis
1934 4185 2287 4273 rerumpublicarum

1301 4285 1411 4342 status
1428 4286 1698 4364 comparantur,
1718 4275 1774 4360 fit,
1795 4301 1875 4348 cum
1891 4303 2016 4370 parum
2032 4284 2110 4354 sani
2125 4310 2192 4376 pro
2207 4311 2287 4359 con·
2313 4297 2314 4352 l

1302 4375 1464 4444 cionibus
1486 4388 1520 4444 ct
1546 4375 1584 4443 in
1616 4375 1756 4445 iudiciis
1778 4401 1926 4469 regnum
1953 4400 2093 4472 gerant,
2127 4401 2168 4458 ut
2195 4391 2314 4464 variet

1301 4489 1513 4570 quassentur
1538 4473 1696 4570 Respub.
1726 4477 1889 4552 Profecto
1922 4485 2030 4556 satius
2065 4501 2140 4559 erat
2171 4493 2285 4562 nullas
2313 4471 2314 4554 Ῠ

1300 4577 1420 4648 literas
1441 4576 1632 4668 attingere,
1663 4603 1768 4674 quam
1794 4577 1861 4652 hoc
1879 4587 1986 4656 modo
2003 4600 2162 4662 tractare.
2216 4593 2287 4664 Diu
2313 4583 2314 4660 l

1300 4693 1400 4751 erant
1426 4681 1527 4770 pueri
1555 4677 1824 4769 Grammaticis,
1857 4681 2059 4760 Dialecticis
2083 4716 2124 4762 ac
2150 4690 2287 4767 Rheto-

1299 4782 1383 4851 ricis
1414 4780 1597 4872 alligandi.
1656 4781 1813 4854 Multum
1839 4791 2006 4880 temporis
2029 4807 2149 4883 postea
2178 4797 2286 4866 collo-

1299 4885 1451 4954 candum
1470 4897 1543 4954 erat
1565 4883 1603 4952 in
1619 4881 1857 4974 Mathemata,
1883 4902 1918 4959 et
1933 4891 2105 4986 reliquam
2123 4891 2287 4968 Philoso·
2313 4921 2314 4932 ¹

1298 4980 1431 5076 phiam.
1485 4984 1558 5058 Ubi
1568 4988 1789 5058 maturuisset
1806 4989 1997 5080 iudicium,
2020 5009 2094 5065 tum
2110 5013 2212 5069 eraut
2227 5001 2286 5069 ad·

1298 5081 1448 5158 bibendi
1465 5089 1507 5176 ad
1524 5110 1581 5158 eas
1596 5101 1706 5174 artes,
1732 5089 1862 5183 quibus
1876 5089 1982 5185 Resp.
2001 5098 2259 5187 gubernantur.
2313 5085 2314 5158 l

1400 5187 1529 5262 Graeci
1550 5189 1741 5279 agricolae,
1771 5217 1850 5262 cum
1872 5194 2033 5270 viderent
2054 5213 2285 5273 maturescere
2313 5237 2314 5286 t

257 5289 360 5382 pueri
392 5291 556 5398 ornandi.
625 5290 750 5362 Postea
779 5287 974 5386 Physicen,
1013 5285 1244 5376 Mathemata,
1296 5305 1427 5382 segetes
1442 5307 1536 5364 certo
1554 5304 1688 5362 tantum
1707 5295 1876 5386 temporis
1888 5299 2023 5388 spacio,
2049 5325 2123 5372 non
2138 5305 2314 5374 colono-r

254 5385 382 5462 Ethica
405 5393 664 5486 percipiebant,
696 5418 762 5466 nec
781 5394 1027 5466 salutabantur
1050 5387 1137 5465 haec
1160 5391 1244 5463 ali·
1296 5417 1376 5466 rum
1408 5417 1534 5489 opere,
1563 5406 1625 5466 aut
1657 5395 1724 5466 soli
1749 5408 1895 5481 natura,
1932 5401 2116 5476 dixemnt:
2154 5401 2314 5484 Annus,
