<?xml version="1.0" encoding="UTF-8"?>
<!DOCTYPE html PUBLIC "-//W3C//DTD XHTML 1.0 Transitional//EN"
    "http://www.w3.org/TR/xhtml1/DTD/xhtml1-transitional.dtd">
<html xmlns="http://www.w3.org/1999/xhtml" xml:lang="en" lang="en">
 <head>
  <title>
</title>
<meta http-equiv="Content-Type" content="text/html;charset=utf-8" />
  <meta name='ocr-system' content='tesseract 3.04.00' />
  <meta name='ocr-capabilities' content='ocr_page ocr_carea ocr_par ocr_line ocrx_word'/>
</head>
<body>
  <div class='ocr_page' id='page_1' title='image "./corpusreformato23melagoog/corpusreformato23melagoog_0311.png"; bbox 0 0 4614 5820; ppageno 0'>
   <div class='ocr_carea' id='block_1_1' title="bbox 203 261 1660 372">
    <p class='ocr_par' dir='ltr' id='par_1_1' title="bbox 203 261 1660 372">
     <span class='ocr_line' id='line_1_1' title="bbox 203 261 1660 372; baseline 0.005 -30"><span class='ocrx_word' id='word_1_1' title='bbox 203 267 278 372; x_wconf 77' lang='lat'>599</span> <span class='ocrx_word' id='word_1_2' title='bbox 720 267 723 274; x_wconf 83' lang='lat'>&#39;</span> <span class='ocrx_word' id='word_1_3' title='bbox 759 263 923 340; x_wconf 81' lang='lat' dir='ltr'><strong>DECL.</strong></span> <span class='ocrx_word' id='word_1_4' title='bbox 970 263 1043 340; x_wconf 80' lang='lat' dir='ltr'>DE</span> <span class='ocrx_word' id='word_1_5' title='bbox 1081 261 1365 340; x_wconf 73' lang='lat' dir='ltr'>uccnnstn</span> <span class='ocrx_word' id='word_1_6' title='bbox 1399 263 1660 350; x_wconf 77' lang='lat' dir='ltr'>CHRISTI.</span> 
     </span>
    </p>
   </div>
   <div class='ocr_carea' id='block_1_2' title="bbox 2064 237 2220 346">
    <p class='ocr_par' dir='ltr' id='par_1_2' title="bbox 2064 237 2294 352">
     <span class='ocr_line' id='line_1_2' title="bbox 2064 237 2220 346; baseline 0.035 -2"><span class='ocrx_word' id='word_1_7' title='bbox 2064 237 2220 346; x_wconf 76' lang='lat'><strong>&#39;600</strong></span> 
     </span>
    </p>
   </div>
   <div class='ocr_carea' id='block_1_3' title="bbox 206 437 2294 530">
    <p class='ocr_par' dir='ltr' id='par_1_3' title="bbox 206 437 2294 530">
     <span class='ocr_line' id='line_1_3' title="bbox 206 437 2294 530; baseline 0.001 -20"><span class='ocrx_word' id='word_1_8' title='bbox 206 442 385 524; x_wconf 90' lang='lat' dir='ltr'>doctrina,</span> <span class='ocrx_word' id='word_1_9' title='bbox 417 439 543 530; x_wconf 89' lang='lat' dir='ltr'>pietate</span> <span class='ocrx_word' id='word_1_10' title='bbox 573 453 606 509; x_wconf 93' lang='lat' dir='ltr'>et</span> <span class='ocrx_word' id='word_1_11' title='bbox 634 439 782 508; x_wconf 84' lang='lat' dir='ltr'>virtute:</span> <span class='ocrx_word' id='word_1_12' title='bbox 817 463 967 524; x_wconf 90' lang='lat' dir='ltr'>quornm</span> <span class='ocrx_word' id='word_1_13' title='bbox 995 441 1195 524; x_wconf 73' lang='lat' dir='ltr'><strong>autoritate,</strong></span> <span class='ocrx_word' id='word_1_14' title='bbox 1244 439 1455 508; x_wconf 79' lang='lat' dir='ltr'>testimoniis</span> <span class='ocrx_word' id='word_1_15' title='bbox 1477 441 1658 510; x_wconf 91' lang='lat' dir='ltr'>doctrinae</span> <span class='ocrx_word' id='word_1_16' title='bbox 1680 440 1823 511; x_wconf 90' lang='lat' dir='ltr'>irruunt</span> <span class='ocrx_word' id='word_1_17' title='bbox 1846 441 1884 511; x_wconf 95' lang='lat' dir='ltr'>in</span> <span class='ocrx_word' id='word_1_18' title='bbox 1905 437 2099 524; x_wconf 79' lang='lat' dir='ltr'>Ecclesias,</span> <span class='ocrx_word' id='word_1_19' title='bbox 2131 457 2164 513; x_wconf 93' lang='lat' dir='ltr'>et</span> <span class='ocrx_word' id='word_1_20' title='bbox 2188 467 2222 512; x_wconf 85' lang='lat' dir='ltr'>ex</span> <span class='ocrx_word' id='word_1_21' title='bbox 2293 465 2294 474; x_wconf 57' lang='lat'>¹</span> 
     </span>
    </p>
   </div>
   <div class='ocr_carea' id='block_1_4' title="bbox 207 541 2156 733">
    <p class='ocr_par' dir='ltr' id='par_1_4' title="bbox 207 541 2156 733">
     <span class='ocr_line' id='line_1_4' title="bbox 208 541 2156 644; baseline 0.002 -33"><span class='ocrx_word' id='word_1_22' title='bbox 208 542 338 626; x_wconf 81' lang='lat' dir='ltr'>officio,</span> <span class='ocrx_word' id='word_1_23' title='bbox 363 555 397 644; x_wconf 76' lang='lat' dir='ltr'>et</span> <span class='ocrx_word' id='word_1_24' title='bbox 410 541 604 628; x_wconf 71' lang='lat' dir='ltr'>diligentia,</span> <span class='ocrx_word' id='word_1_25' title='bbox 631 553 666 609; x_wconf 92' lang='lat' dir='ltr'>et</span> <span class='ocrx_word' id='word_1_26' title='bbox 682 541 939 609; x_wconf 89' lang='lat' dir='ltr'>sanctissimum</span> <span class='ocrx_word' id='word_1_27' title='bbox 957 541 1194 610; x_wconf 90' lang='lat' dir='ltr'>ministerium</span> <span class='ocrx_word' id='word_1_28' title='bbox 1244 563 1316 610; x_wconf 89' lang='lat' dir='ltr'>sese</span> <span class='ocrx_word' id='word_1_29' title='bbox 1330 541 1480 629; x_wconf 89' lang='lat' dir='ltr'>gignunt</span> <span class='ocrx_word' id='word_1_30' title='bbox 1495 565 1535 612; x_wconf 89' lang='lat' dir='ltr'>ac</span> <span class='ocrx_word' id='word_1_31' title='bbox 1548 557 1718 632; x_wconf 86' lang='lat' dir='ltr'>spargunt</span> <span class='ocrx_word' id='word_1_32' title='bbox 1731 543 1919 633; x_wconf 72' lang='lat' dir='ltr'>opiniones</span> <span class='ocrx_word' id='word_1_33' title='bbox 1934 559 1967 614; x_wconf 90' lang='lat' dir='ltr'>et</span> <span class='ocrx_word' id='word_1_34' title='bbox 1984 547 2156 634; x_wconf 87' lang='lat' dir='ltr'>dogmata.</span> 
     </span>
     <span class='ocr_line' id='line_1_5' title="bbox 207 637 1195 733; baseline -0.003 -20"><span class='ocrx_word' id='word_1_35' title='bbox 207 637 402 724; x_wconf 81' lang='lat' dir='ltr'>Ecclesiae,</span> <span class='ocrx_word' id='word_1_36' title='bbox 425 655 459 710; x_wconf 89' lang='lat' dir='ltr'>et</span> <span class='ocrx_word' id='word_1_37' title='bbox 482 642 662 732; x_wconf 91' lang='lat' dir='ltr'>publicum</span> <span class='ocrx_word' id='word_1_38' title='bbox 688 641 874 712; x_wconf 91' lang='lat' dir='ltr'>consilium</span> <span class='ocrx_word' id='word_1_39' title='bbox 890 639 1122 733; x_wconf 81' lang='lat' dir='ltr'>Reipublicae</span> <span class='ocrx_word' id='word_1_40' title='bbox 1137 666 1195 711; x_wconf 91' lang='lat' dir='ltr'>re-</span> 
     </span>
    </p>
   </div>
   <div class='ocr_carea' id='block_1_5' title="bbox 1346 635 2294 739">
    <p class='ocr_par' dir='ltr' id='par_1_5' title="bbox 1346 635 2294 739">
     <span class='ocr_line' id='line_1_6' title="bbox 1346 635 2294 739; baseline 0.005 -31"><span class='ocrx_word' id='word_1_41' title='bbox 1346 639 1421 710; x_wconf 89' lang='lat' dir='ltr'>llae</span> <span class='ocrx_word' id='word_1_42' title='bbox 1442 657 1525 712; x_wconf 91' lang='lat' dir='ltr'>sunt</span> <span class='ocrx_word' id='word_1_43' title='bbox 1547 669 1690 729; x_wconf 87' lang='lat' dir='ltr'>causae,</span> <span class='ocrx_word' id='word_1_44' title='bbox 1715 657 1755 716; x_wconf 89' lang='lat' dir='ltr'>ut</span> <span class='ocrx_word' id='word_1_45' title='bbox 1775 666 1838 734; x_wconf 88' lang='lat' dir='ltr'>ego</span> <span class='ocrx_word' id='word_1_46' title='bbox 1852 645 1998 739; x_wconf 90' lang='lat' dir='ltr'>quidem</span> <span class='ocrx_word' id='word_1_47' title='bbox 2014 645 2152 728; x_wconf 81' lang='lat' dir='ltr'>iudico,</span> <span class='ocrx_word' id='word_1_48' title='bbox 2176 667 2224 713; x_wconf 89' lang='lat' dir='ltr'>sa·</span> <span class='ocrx_word' id='word_1_49' title='bbox 2293 635 2294 706; x_wconf 79' lang='lat' dir='ltr'>l</span> 
     </span>
    </p>
   </div>
   <div class='ocr_carea' id='block_1_6' title="bbox 209 741 2294 838">
    <p class='ocr_par' dir='ltr' id='par_1_6' title="bbox 209 741 2294 838">
     <span class='ocr_line' id='line_1_7' title="bbox 209 741 2294 838; baseline 0.001 -28"><span class='ocrx_word' id='word_1_50' title='bbox 209 744 319 830; x_wconf 91' lang='lat' dir='ltr'>gitur,</span> <span class='ocrx_word' id='word_1_51' title='bbox 345 759 378 813; x_wconf 91' lang='lat' dir='ltr'>et</span> <span class='ocrx_word' id='word_1_52' title='bbox 399 743 540 826; x_wconf 90' lang='lat' dir='ltr'>literae,</span> <span class='ocrx_word' id='word_1_53' title='bbox 566 767 606 811; x_wconf 90' lang='lat' dir='ltr'>ac</span> <span class='ocrx_word' id='word_1_54' title='bbox 627 745 740 812; x_wconf 92' lang='lat' dir='ltr'>bonae</span> <span class='ocrx_word' id='word_1_55' title='bbox 760 757 850 813; x_wconf 87' lang='lat' dir='ltr'>artes</span> <span class='ocrx_word' id='word_1_56' title='bbox 864 767 987 812; x_wconf 86' lang='lat' dir='ltr'>omnes</span> <span class='ocrx_word' id='word_1_57' title='bbox 1001 742 1067 814; x_wconf 90' lang='lat' dir='ltr'>Dei</span> <span class='ocrx_word' id='word_1_58' title='bbox 1086 745 1195 814; x_wconf 89' lang='lat' dir='ltr'>bene·</span> <span class='ocrx_word' id='word_1_59' title='bbox 1244 742 1289 812; x_wconf 91' lang='lat' dir='ltr'>tis</span> <span class='ocrx_word' id='word_1_60' title='bbox 1312 765 1433 830; x_wconf 86' lang='lat' dir='ltr'>graves</span> <span class='ocrx_word' id='word_1_61' title='bbox 1458 758 1491 812; x_wconf 91' lang='lat' dir='ltr'>et</span> <span class='ocrx_word' id='word_1_62' title='bbox 1514 767 1677 834; x_wconf 91' lang='lat' dir='ltr'>magnae,</span> <span class='ocrx_word' id='word_1_63' title='bbox 1703 770 1811 838; x_wconf 87' lang='lat' dir='ltr'>qnare</span> <span class='ocrx_word' id='word_1_64' title='bbox 1834 748 1872 814; x_wconf 92' lang='lat' dir='ltr'>in</span> <span class='ocrx_word' id='word_1_65' title='bbox 1888 743 2056 816; x_wconf 83' lang='lat' dir='ltr'>Ecclesiis</span> <span class='ocrx_word' id='word_1_66' title='bbox 2070 761 2105 815; x_wconf 93' lang='lat' dir='ltr'>et</span> <span class='ocrx_word' id='word_1_67' title='bbox 2121 741 2225 816; x_wconf 91' lang='lat' dir='ltr'>Scho-</span> <span class='ocrx_word' id='word_1_68' title='bbox 2293 779 2294 784; x_wconf 41' lang='lat'>1</span> 
     </span>
    </p>
   </div>
   <div class='ocr_carea' id='block_1_7' title="bbox 208 839 2227 1144">
    <p class='ocr_par' dir='ltr' id='par_1_7' title="bbox 208 839 2227 1144">
     <span class='ocr_line' id='line_1_8' title="bbox 208 839 813 932; baseline 0 -20"><span class='ocrx_word' id='word_1_69' title='bbox 208 845 287 914; x_wconf 88' lang='lat' dir='ltr'>licio</span> <span class='ocrx_word' id='word_1_70' title='bbox 303 857 477 913; x_wconf 89' lang='lat' dir='ltr'>ornantur</span> <span class='ocrx_word' id='word_1_71' title='bbox 494 859 528 914; x_wconf 88' lang='lat' dir='ltr'>et</span> <span class='ocrx_word' id='word_1_72' title='bbox 545 839 813 932; x_wconf 84' lang='lat' dir='ltr'>provehuntur?</span> 
     </span>
     <span class='ocr_line' id='line_1_9' title="bbox 310 939 2227 1040; baseline 0.002 -28"><span class='ocrx_word' id='word_1_73' title='bbox 310 945 382 1014; x_wconf 85' lang='lat' dir='ltr'>Nec</span> <span class='ocrx_word' id='word_1_74' title='bbox 413 946 573 1014; x_wconf 78' lang='lat' dir='ltr'>existimo</span> <span class='ocrx_word' id='word_1_75' title='bbox 603 969 803 1038; x_wconf 81' lang='lat' dir='ltr'>quenquam</span> <span class='ocrx_word' id='word_1_76' title='bbox 833 959 986 1015; x_wconf 90' lang='lat' dir='ltr'>vestrum</span> <span class='ocrx_word' id='word_1_77' title='bbox 1009 969 1102 1029; x_wconf 90' lang='lat' dir='ltr'>esse,</span> <span class='ocrx_word' id='word_1_78' title='bbox 1133 945 1195 1038; x_wconf 93' lang='lat' dir='ltr'>qui</span> <span class='ocrx_word' id='word_1_79' title='bbox 1244 939 1309 1012; x_wconf 89' lang='lat' dir='ltr'>hae</span> <span class='ocrx_word' id='word_1_80' title='bbox 1326 946 1431 1014; x_wconf 90' lang='lat' dir='ltr'>etiam</span> <span class='ocrx_word' id='word_1_81' title='bbox 1449 948 1492 1016; x_wconf 88' lang='lat' dir='ltr'>ad</span> <span class='ocrx_word' id='word_1_82' title='bbox 1511 947 1747 1018; x_wconf 89' lang='lat' dir='ltr'>ministerium</span> <span class='ocrx_word' id='word_1_83' title='bbox 1761 943 1938 1018; x_wconf 84' lang='lat' dir='ltr'>Ecclesiae</span> <span class='ocrx_word' id='word_1_84' title='bbox 1955 950 2154 1040; x_wconf 90' lang='lat' dir='ltr'>pertinent,</span> <span class='ocrx_word' id='word_1_85' title='bbox 2179 949 2227 1014; x_wconf 89' lang='lat' dir='ltr'>vi-</span> 
     </span>
     <span class='ocr_line' id='line_1_10' title="bbox 209 1041 2227 1144; baseline 0 -30"><span class='ocrx_word' id='word_1_86' title='bbox 209 1071 289 1115; x_wconf 89' lang='lat' dir='ltr'>cum</span> <span class='ocrx_word' id='word_1_87' title='bbox 307 1041 362 1114; x_wconf 91' lang='lat' dir='ltr'>his</span> <span class='ocrx_word' id='word_1_88' title='bbox 382 1046 625 1135; x_wconf 88' lang='lat' dir='ltr'>congressibns</span> <span class='ocrx_word' id='word_1_89' title='bbox 643 1047 805 1130; x_wconf 89' lang='lat' dir='ltr'>interest,</span> <span class='ocrx_word' id='word_1_90' title='bbox 830 1071 905 1115; x_wconf 91' lang='lat' dir='ltr'>uon</span> <span class='ocrx_word' id='word_1_91' title='bbox 922 1061 1098 1116; x_wconf 90' lang='lat' dir='ltr'>recreetur</span> <span class='ocrx_word' id='word_1_92' title='bbox 1110 1071 1196 1115; x_wconf 89' lang='lat' dir='ltr'>con·</span> <span class='ocrx_word' id='word_1_93' title='bbox 1245 1046 1371 1114; x_wconf 82' lang='lat' dir='ltr'>delicet</span> <span class='ocrx_word' id='word_1_94' title='bbox 1394 1059 1433 1116; x_wconf 90' lang='lat' dir='ltr'>ut</span> <span class='ocrx_word' id='word_1_95' title='bbox 1457 1047 1494 1116; x_wconf 94' lang='lat' dir='ltr'>in</span> <span class='ocrx_word' id='word_1_96' title='bbox 1518 1043 1575 1116; x_wconf 93' lang='lat' dir='ltr'>his</span> <span class='ocrx_word' id='word_1_97' title='bbox 1598 1049 1831 1119; x_wconf 90' lang='lat' dir='ltr'>instituantur</span> <span class='ocrx_word' id='word_1_98' title='bbox 1855 1045 1913 1134; x_wconf 90' lang='lat' dir='ltr'>hi,</span> <span class='ocrx_word' id='word_1_99' title='bbox 1953 1051 2083 1144; x_wconf 89' lang='lat' dir='ltr'>quibus</span> <span class='ocrx_word' id='word_1_100' title='bbox 2107 1050 2227 1140; x_wconf 88' lang='lat' dir='ltr'>gnber-</span> 
     </span>
    </p>
   </div>
   <div class='ocr_carea' id='block_1_8' title="bbox 1244 844 2294 939">
    <p class='ocr_par' dir='ltr' id='par_1_8' title="bbox 1244 844 2294 939">
     <span class='ocr_line' id='line_1_11' title="bbox 1244 844 2294 939; baseline 0.003 -27"><span class='ocrx_word' id='word_1_101' title='bbox 1244 845 1294 912; x_wconf 90' lang='lat' dir='ltr'>las</span> <span class='ocrx_word' id='word_1_102' title='bbox 1311 844 1456 913; x_wconf 88' lang='lat' dir='ltr'>retineri</span> <span class='ocrx_word' id='word_1_103' title='bbox 1470 869 1509 914; x_wconf 88' lang='lat' dir='ltr'>ac</span> <span class='ocrx_word' id='word_1_104' title='bbox 1524 848 1708 938; x_wconf 88' lang='lat' dir='ltr'>propagari</span> <span class='ocrx_word' id='word_1_105' title='bbox 1723 871 1862 916; x_wconf 87' lang='lat' dir='ltr'>necesse</span> <span class='ocrx_word' id='word_1_106' title='bbox 1875 861 1936 918; x_wconf 85' lang='lat' dir='ltr'>est.</span> <span class='ocrx_word' id='word_1_107' title='bbox 1975 847 2137 917; x_wconf 83' lang='lat' dir='ltr'>Primum</span> <span class='ocrx_word' id='word_1_108' title='bbox 2152 847 2226 939; x_wconf 91' lang='lat' dir='ltr'>quia</span> <span class='ocrx_word' id='word_1_109' title='bbox 2293 847 2294 926; x_wconf 62' lang='grc' dir='ltr'>ἶ</span> 
     </span>
    </p>
   </div>
   <div class='ocr_carea' id='block_1_9' title="bbox 193 1143 2294 1582">
    <p class='ocr_par' dir='ltr' id='par_1_9' title="bbox 193 1143 2294 1582">
     <span class='ocr_line' id='line_1_12' title="bbox 208 1143 2294 1242; baseline 0.001 -26"><span class='ocrx_word' id='word_1_110' title='bbox 208 1163 327 1236; x_wconf 86' lang='lat' dir='ltr'>spectu</span> <span class='ocrx_word' id='word_1_111' title='bbox 342 1147 466 1216; x_wconf 89' lang='lat' dir='ltr'>talium</span> <span class='ocrx_word' id='word_1_112' title='bbox 484 1146 654 1229; x_wconf 88' lang='lat' dir='ltr'>virorum,</span> <span class='ocrx_word' id='word_1_113' title='bbox 676 1148 738 1239; x_wconf 92' lang='lat' dir='ltr'>qui</span> <span class='ocrx_word' id='word_1_114' title='bbox 753 1172 833 1216; x_wconf 89' lang='lat' dir='ltr'>vere</span> <span class='ocrx_word' id='word_1_115' title='bbox 847 1163 940 1232; x_wconf 90' lang='lat' dir='ltr'>sunt,</span> <span class='ocrx_word' id='word_1_116' title='bbox 964 1151 1060 1240; x_wconf 92' lang='lat' dir='ltr'>quod</span> <span class='ocrx_word' id='word_1_117' title='bbox 1076 1169 1195 1236; x_wconf 81' lang='lat' dir='ltr'>graece</span> <span class='ocrx_word' id='word_1_118' title='bbox 1245 1147 1342 1216; x_wconf 91' lang='lat' dir='ltr'>natio</span> <span class='ocrx_word' id='word_1_119' title='bbox 1359 1143 1597 1218; x_wconf 86' lang='lat' dir='ltr'>Ecclesiarum</span> <span class='ocrx_word' id='word_1_120' title='bbox 1621 1149 1871 1220; x_wconf 91' lang='lat' dir='ltr'>committenda</span> <span class='ocrx_word' id='word_1_121' title='bbox 1886 1165 1951 1221; x_wconf 92' lang='lat' dir='ltr'>est:</span> <span class='ocrx_word' id='word_1_122' title='bbox 1979 1153 2127 1236; x_wconf 88' lang='lat' dir='ltr'>deinde,</span> <span class='ocrx_word' id='word_1_123' title='bbox 2153 1151 2227 1242; x_wconf 88' lang='lat' dir='ltr'>qnia</span> <span class='ocrx_word' id='word_1_124' title='bbox 2293 1149 2294 1234; x_wconf 67' lang='grc' dir='ltr'><strong>Ῑ</strong></span> 
     </span>
     <span class='ocr_line' id='line_1_13' title="bbox 193 1239 2294 1346; baseline 0.001 -30"><span class='ocrx_word' id='word_1_125' title='bbox 193 1249 340 1327; x_wconf 85' lang='lat' dir='ltr'>¹dicitur</span> <span class='ocrx_word' id='word_1_126' title='bbox 356 1244 452 1341; x_wconf 80' lang='grc' dir='ltr'><strong><em>ἱερὸς</em></strong></span> <span class='ocrx_word' id='word_1_127' title='bbox 467 1239 609 1331; x_wconf 81' lang='grc' dir='ltr'><strong><em>κύκλος,</em></strong></span> <span class='ocrx_word' id='word_1_128' title='bbox 639 1249 753 1329; x_wconf 91' lang='lat' dir='ltr'>idest,</span> <span class='ocrx_word' id='word_1_129' title='bbox 780 1271 875 1317; x_wconf 88' lang='lat' dir='ltr'>sacer</span> <span class='ocrx_word' id='word_1_130' title='bbox 891 1264 1026 1318; x_wconf 88' lang='lat' dir='ltr'>coetus:</span> <span class='ocrx_word' id='word_1_131' title='bbox 1055 1263 1192 1319; x_wconf 91' lang='lat' dir='ltr'>tantum</span> <span class='ocrx_word' id='word_1_132' title='bbox 1244 1245 1384 1317; x_wconf 90' lang='lat' dir='ltr'>scholae</span> <span class='ocrx_word' id='word_1_133' title='bbox 1413 1251 1655 1320; x_wconf 90' lang='lat' dir='ltr'>testimonium</span> <span class='ocrx_word' id='word_1_134' title='bbox 1683 1253 1769 1320; x_wconf 90' lang='lat' dir='ltr'>dant</span> <span class='ocrx_word' id='word_1_135' title='bbox 1794 1247 1869 1336; x_wconf 89' lang='lat' dir='ltr'>bis,</span> <span class='ocrx_word' id='word_1_136' title='bbox 1900 1253 1963 1346; x_wconf 92' lang='lat' dir='ltr'>qui</span> <span class='ocrx_word' id='word_1_137' title='bbox 1983 1253 2229 1344; x_wconf 85' lang='lat' dir='ltr'>praeficiuntur</span> <span class='ocrx_word' id='word_1_138' title='bbox 2293 1259 2294 1270; x_wconf 56' lang='lat'>³</span> 
     </span>
     <span class='ocr_line' id='line_1_14' title="bbox 210 1343 2294 1445; baseline 0.001 -27"><span class='ocrx_word' id='word_1_139' title='bbox 210 1352 324 1434; x_wconf 88' lang='lat' dir='ltr'>abest,</span> <span class='ocrx_word' id='word_1_140' title='bbox 350 1349 784 1442; x_wconf 90' lang='lat' dir='ltr'>ntiudicemaquoqnam</span> <span class='ocrx_word' id='word_1_141' title='bbox 803 1343 1196 1441; x_wconf 90' lang='lat' dir='ltr'>reprehendiboscon-</span> <span class='ocrx_word' id='word_1_142' title='bbox 1244 1345 1422 1421; x_wconf 77' lang='lat' dir='ltr'>Ecclesiis.</span> <span class='ocrx_word' id='word_1_143' title='bbox 1473 1347 1521 1422; x_wconf 83' lang='lat' dir='ltr'>Et</span> <span class='ocrx_word' id='word_1_144' title='bbox 1536 1354 1901 1445; x_wconf 71' lang='lat' dir='ltr'>utcousteta&#39;qnibus</span> <span class='ocrx_word' id='word_1_145' title='bbox 1916 1355 2124 1424; x_wconf 86' lang='lat' dir='ltr'>doctoribus</span> <span class='ocrx_word' id='word_1_146' title='bbox 2140 1377 2229 1420; x_wconf 91' lang='lat' dir='ltr'>acce·</span> <span class='ocrx_word' id='word_1_147' title='bbox 2293 1359 2294 1438; x_wconf 53' lang='grc' dir='ltr'>ζ</span> 
     </span>
     <span class='ocr_line' id='line_1_15' title="bbox 2293 1453 2294 1492; baseline 0 -5"><span class='ocrx_word' id='word_1_148' title='bbox 2293 1453 2294 1492; x_wconf 80' lang='lat' dir='ltr'>l</span> 
     </span>
     <span class='ocr_line' id='line_1_16' title="bbox 2293 1509 2294 1582; baseline 0 0"><span class='ocrx_word' id='word_1_149' title='bbox 2293 1509 2294 1582; x_wconf 89' lang='lat' dir='ltr'>l</span> 
     </span>
    </p>
   </div>
   <div class='ocr_carea' id='block_1_10' title="bbox 210 1450 2229 1749">
    <p class='ocr_par' dir='ltr' id='par_1_10' title="bbox 210 1450 2229 1749">
     <span class='ocr_line' id='line_1_17' title="bbox 211 1450 2228 1544; baseline 0.001 -26"><span class='ocrx_word' id='word_1_150' title='bbox 211 1473 365 1540; x_wconf 88' lang='lat' dir='ltr'>gressus,</span> <span class='ocrx_word' id='word_1_151' title='bbox 397 1473 485 1542; x_wconf 90' lang='lat' dir='ltr'>qnos</span> <span class='ocrx_word' id='word_1_152' title='bbox 514 1465 649 1520; x_wconf 88' lang='lat' dir='ltr'>constat</span> <span class='ocrx_word' id='word_1_153' title='bbox 679 1475 753 1518; x_wconf 91' lang='lat' dir='ltr'>non</span> <span class='ocrx_word' id='word_1_154' title='bbox 783 1453 827 1520; x_wconf 91' lang='lat' dir='ltr'>ad</span> <span class='ocrx_word' id='word_1_155' title='bbox 856 1452 997 1520; x_wconf 91' lang='lat' dir='ltr'>inanem</span> <span class='ocrx_word' id='word_1_156' title='bbox 1020 1452 1197 1544; x_wconf 80' lang='lat' dir='ltr'>pompam,</span> <span class='ocrx_word' id='word_1_157' title='bbox 1245 1450 1363 1541; x_wconf 89' lang='lat' dir='ltr'>perint</span> <span class='ocrx_word' id='word_1_158' title='bbox 1384 1453 1602 1536; x_wconf 86' lang='lat' dir='ltr'>doctrinam,</span> <span class='ocrx_word' id='word_1_159' title='bbox 1626 1467 1660 1523; x_wconf 93' lang='lat' dir='ltr'>et</span> <span class='ocrx_word' id='word_1_160' title='bbox 1682 1467 1722 1524; x_wconf 89' lang='lat' dir='ltr'>ut</span> <span class='ocrx_word' id='word_1_161' title='bbox 1740 1453 1807 1544; x_wconf 92' lang='lat' dir='ltr'>ipsi</span> <span class='ocrx_word' id='word_1_162' title='bbox 1828 1467 1999 1525; x_wconf 88' lang='lat' dir='ltr'>testentur</span> <span class='ocrx_word' id='word_1_163' title='bbox 2017 1479 2053 1524; x_wconf 92' lang='lat' dir='ltr'>se</span> <span class='ocrx_word' id='word_1_164' title='bbox 2070 1479 2145 1522; x_wconf 92' lang='lat' dir='ltr'>non</span> <span class='ocrx_word' id='word_1_165' title='bbox 2163 1455 2228 1521; x_wconf 88' lang='lat' dir='ltr'>dis-</span> 
     </span>
     <span class='ocr_line' id='line_1_18' title="bbox 211 1550 2228 1643; baseline 0 -23"><span class='ocrx_word' id='word_1_166' title='bbox 211 1565 272 1620; x_wconf 87' lang='lat' dir='ltr'>ant</span> <span class='ocrx_word' id='word_1_167' title='bbox 291 1551 478 1640; x_wconf 81' lang='lat' dir='ltr'>spectaculi</span> <span class='ocrx_word' id='word_1_168' title='bbox 498 1575 621 1633; x_wconf 88' lang='lat' dir='ltr'>causa,</span> <span class='ocrx_word' id='word_1_169' title='bbox 647 1553 705 1619; x_wconf 90' lang='lat' dir='ltr'>sed</span> <span class='ocrx_word' id='word_1_170' title='bbox 722 1552 936 1640; x_wconf 89' lang='lat' dir='ltr'>gravissimis</span> <span class='ocrx_word' id='word_1_171' title='bbox 950 1554 993 1621; x_wconf 95' lang='lat' dir='ltr'>de</span> <span class='ocrx_word' id='word_1_172' title='bbox 1008 1553 1137 1638; x_wconf 89' lang='lat' dir='ltr'>causis,</span> <span class='ocrx_word' id='word_1_173' title='bbox 1163 1565 1197 1622; x_wconf 91' lang='lat' dir='ltr'>et</span> <span class='ocrx_word' id='word_1_174' title='bbox 1245 1556 1367 1622; x_wconf 89' lang='lat' dir='ltr'>cedere</span> <span class='ocrx_word' id='word_1_175' title='bbox 1397 1575 1416 1622; x_wconf 91' lang='lat' dir='ltr'>a</span> <span class='ocrx_word' id='word_1_176' title='bbox 1446 1567 1614 1643; x_wconf 84' lang='lat' dir='ltr'>perpetuo</span> <span class='ocrx_word' id='word_1_177' title='bbox 1644 1569 1678 1624; x_wconf 90' lang='lat' dir='ltr'>et</span> <span class='ocrx_word' id='word_1_178' title='bbox 1712 1578 1795 1624; x_wconf 89' lang='lat' dir='ltr'>vero</span> <span class='ocrx_word' id='word_1_179' title='bbox 1827 1579 2000 1626; x_wconf 84' lang='lat' dir='ltr'>consensu</span> <span class='ocrx_word' id='word_1_180' title='bbox 2032 1550 2228 1626; x_wconf 82' lang='lat' dir='ltr'>Catholicae</span> 
     </span>
     <span class='ocr_line' id='line_1_19' title="bbox 210 1649 2229 1749; baseline 0.002 -29"><span class='ocrx_word' id='word_1_181' title='bbox 210 1653 388 1722; x_wconf 90' lang='lat' dir='ltr'>institutos</span> <span class='ocrx_word' id='word_1_182' title='bbox 412 1675 504 1736; x_wconf 90' lang='lat' dir='ltr'>esse,</span> <span class='ocrx_word' id='word_1_183' title='bbox 529 1667 560 1720; x_wconf 92' lang='lat' dir='ltr'>et</span> <span class='ocrx_word' id='word_1_184' title='bbox 583 1653 722 1722; x_wconf 88' lang='lat' dir='ltr'>anobis</span> <span class='ocrx_word' id='word_1_185' title='bbox 740 1653 896 1722; x_wconf 88' lang='lat' dir='ltr'>retineri.</span> <span class='ocrx_word' id='word_1_186' title='bbox 938 1651 1084 1724; x_wconf 90' lang='lat' dir='ltr'>Constat</span> <span class='ocrx_word' id='word_1_187' title='bbox 1100 1655 1196 1722; x_wconf 86' lang='lat' dir='ltr'>enim</span> <span class='ocrx_word' id='word_1_188' title='bbox 1245 1650 1422 1723; x_wconf 86' lang='lat' dir='ltr'>Ecclesiae</span> <span class='ocrx_word' id='word_1_189' title='bbox 1451 1649 1605 1741; x_wconf 84' lang='lat' dir='ltr'>Christi,</span> <span class='ocrx_word' id='word_1_190' title='bbox 1652 1680 1717 1726; x_wconf 92' lang='lat' dir='ltr'>nec</span> <span class='ocrx_word' id='word_1_191' title='bbox 1753 1657 1914 1728; x_wconf 80' lang='lat' dir='ltr'>assentiri</span> <span class='ocrx_word' id='word_1_192' title='bbox 1946 1657 2062 1749; x_wconf 88' lang='lat' dir='ltr'>pravis</span> <span class='ocrx_word' id='word_1_193' title='bbox 2094 1655 2229 1749; x_wconf 85' lang='lat' dir='ltr'>opiniu-</span> 
     </span>
    </p>
   </div>
   <div class='ocr_carea' id='block_1_11' title="bbox 203 1749 1199 4672">
    <p class='ocr_par' dir='ltr' id='par_1_11' title="bbox 207 1749 1199 2842">
     <span class='ocr_line' id='line_1_20' title="bbox 210 1749 1197 1843; baseline 0 -21"><span class='ocrx_word' id='word_1_194' title='bbox 210 1749 276 1822; x_wconf 87' lang='lat' dir='ltr'>hus</span> <span class='ocrx_word' id='word_1_195' title='bbox 302 1753 390 1822; x_wconf 90' lang='lat' dir='ltr'>ritus</span> <span class='ocrx_word' id='word_1_196' title='bbox 412 1754 675 1842; x_wconf 83' lang='lat' dir='ltr'>promotionum</span> <span class='ocrx_word' id='word_1_197' title='bbox 698 1778 759 1822; x_wconf 91' lang='lat' dir='ltr'>sen</span> <span class='ocrx_word' id='word_1_198' title='bbox 781 1755 971 1843; x_wconf 89' lang='lat' dir='ltr'>graduum,</span> <span class='ocrx_word' id='word_1_199' title='bbox 1003 1769 1044 1824; x_wconf 95' lang='lat' dir='ltr'>ut</span> <span class='ocrx_word' id='word_1_200' title='bbox 1066 1779 1197 1824; x_wconf 86' lang='lat' dir='ltr'>vocan-</span> 
     </span>
     <span class='ocr_line' id='line_1_21' title="bbox 210 1849 1196 1947; baseline 0 -23"><span class='ocrx_word' id='word_1_201' title='bbox 210 1869 289 1936; x_wconf 89' lang='lat' dir='ltr'>tur,</span> <span class='ocrx_word' id='word_1_202' title='bbox 321 1849 414 1922; x_wconf 90' lang='lat' dir='ltr'>nihil</span> <span class='ocrx_word' id='word_1_203' title='bbox 438 1855 647 1938; x_wconf 88' lang='lat' dir='ltr'>aliudesse,</span> <span class='ocrx_word' id='word_1_204' title='bbox 674 1879 779 1947; x_wconf 90' lang='lat' dir='ltr'>quam</span> <span class='ocrx_word' id='word_1_205' title='bbox 803 1855 1107 1925; x_wconf 88' lang='lat' dir='ltr'>renunciationem</span> <span class='ocrx_word' id='word_1_206' title='bbox 1130 1881 1196 1947; x_wconf 93' lang='lat' dir='ltr'>pn-</span> 
     </span>
     <span class='ocr_line' id='line_1_22' title="bbox 211 1955 1199 2043; baseline 0.003 -19"><span class='ocrx_word' id='word_1_207' title='bbox 211 1955 296 2024; x_wconf 91' lang='lat' dir='ltr'>blici</span> <span class='ocrx_word' id='word_1_208' title='bbox 325 1956 534 2037; x_wconf 90' lang='lat' dir='ltr'>testimonii,</span> <span class='ocrx_word' id='word_1_209' title='bbox 568 1957 612 2022; x_wconf 93' lang='lat' dir='ltr'>de</span> <span class='ocrx_word' id='word_1_210' title='bbox 641 1957 802 2024; x_wconf 90' lang='lat' dir='ltr'>doctrina</span> <span class='ocrx_word' id='word_1_211' title='bbox 824 1970 857 2026; x_wconf 93' lang='lat' dir='ltr'>et</span> <span class='ocrx_word' id='word_1_212' title='bbox 881 1957 1041 2026; x_wconf 87' lang='lat' dir='ltr'>moribus</span> <span class='ocrx_word' id='word_1_213' title='bbox 1062 1981 1199 2043; x_wconf 88' lang='lat' dir='ltr'>eorum,</span> 
     </span>
     <span class='ocr_line' id='line_1_23' title="bbox 211 2057 1198 2148; baseline 0.005 -25"><span class='ocrx_word' id='word_1_214' title='bbox 211 2069 383 2126; x_wconf 88' lang='lat' dir='ltr'>vocantur</span> <span class='ocrx_word' id='word_1_215' title='bbox 404 2058 447 2123; x_wconf 91' lang='lat' dir='ltr'>ad</span> <span class='ocrx_word' id='word_1_216' title='bbox 475 2057 618 2148; x_wconf 91' lang='lat' dir='ltr'>aliquod</span> <span class='ocrx_word' id='word_1_217' title='bbox 643 2059 821 2146; x_wconf 91' lang='lat' dir='ltr'>publicum</span> <span class='ocrx_word' id='word_1_218' title='bbox 847 2081 996 2142; x_wconf 88' lang='lat' dir='ltr'>munus,</span> <span class='ocrx_word' id='word_1_219' title='bbox 1019 2074 1058 2130; x_wconf 91' lang='lat' dir='ltr'>ut</span> <span class='ocrx_word' id='word_1_220' title='bbox 1080 2059 1137 2128; x_wconf 87' lang='lat' dir='ltr'>vel</span> <span class='ocrx_word' id='word_1_221' title='bbox 1159 2061 1198 2128; x_wconf 91' lang='lat' dir='ltr'>in</span> 
     </span>
     <span class='ocr_line' id='line_1_24' title="bbox 210 2153 1198 2247; baseline 0.004 -22"><span class='ocrx_word' id='word_1_222' title='bbox 210 2153 366 2226; x_wconf 81' lang='lat' dir='ltr'>Ecclesia</span> <span class='ocrx_word' id='word_1_223' title='bbox 388 2159 554 2236; x_wconf 90' lang='lat' dir='ltr'>doceant,</span> <span class='ocrx_word' id='word_1_224' title='bbox 580 2157 635 2224; x_wconf 92' lang='lat' dir='ltr'>vel</span> <span class='ocrx_word' id='word_1_225' title='bbox 656 2159 693 2225; x_wconf 90' lang='lat' dir='ltr'>in</span> <span class='ocrx_word' id='word_1_226' title='bbox 711 2158 852 2247; x_wconf 84' lang='lat' dir='ltr'>politica</span> <span class='ocrx_word' id='word_1_227' title='bbox 871 2159 1126 2247; x_wconf 82' lang='lat' dir='ltr'>gubernatione</span> <span class='ocrx_word' id='word_1_228' title='bbox 1142 2187 1198 2229; x_wconf 89' lang='lat' dir='ltr'>re-</span> 
     </span>
     <span class='ocr_line' id='line_1_25' title="bbox 211 2257 1197 2346; baseline 0.006 -21"><span class='ocrx_word' id='word_1_229' title='bbox 211 2265 407 2346; x_wconf 88' lang='lat' dir='ltr'>spondeant</span> <span class='ocrx_word' id='word_1_230' title='bbox 422 2259 464 2326; x_wconf 89' lang='lat' dir='ltr'>de</span> <span class='ocrx_word' id='word_1_231' title='bbox 483 2257 623 2346; x_wconf 90' lang='lat' dir='ltr'>publicu</span> <span class='ocrx_word' id='word_1_232' title='bbox 642 2259 736 2342; x_wconf 88' lang='lat' dir='ltr'>iure,</span> <span class='ocrx_word' id='word_1_233' title='bbox 763 2260 817 2326; x_wconf 91' lang='lat' dir='ltr'>vel</span> <span class='ocrx_word' id='word_1_234' title='bbox 835 2260 900 2329; x_wconf 88' lang='lat' dir='ltr'>alia</span> <span class='ocrx_word' id='word_1_235' title='bbox 917 2261 1030 2330; x_wconf 75' lang='lat' dir='ltr'>olfici&#39;a</span> <span class='ocrx_word' id='word_1_236' title='bbox 1044 2263 1197 2330; x_wconf 90' lang='lat' dir='ltr'>admini-</span> 
     </span>
     <span class='ocr_line' id='line_1_26' title="bbox 210 2362 1197 2451; baseline 0.002 -23"><span class='ocrx_word' id='word_1_237' title='bbox 210 2373 340 2443; x_wconf 88' lang='lat' dir='ltr'>strent,</span> <span class='ocrx_word' id='word_1_238' title='bbox 367 2383 456 2451; x_wconf 85' lang='lat' dir='ltr'>qnae</span> <span class='ocrx_word' id='word_1_239' title='bbox 479 2373 561 2427; x_wconf 85' lang='lat' dir='ltr'>srrnt</span> <span class='ocrx_word' id='word_1_240' title='bbox 586 2362 776 2428; x_wconf 88' lang='lat' dir='ltr'>necessaria</span> <span class='ocrx_word' id='word_1_241' title='bbox 794 2365 835 2428; x_wconf 90' lang='lat' dir='ltr'>ad</span> <span class='ocrx_word' id='word_1_242' title='bbox 856 2365 1022 2430; x_wconf 88' lang='lat' dir='ltr'>tuendam</span> <span class='ocrx_word' id='word_1_243' title='bbox 1039 2389 1197 2432; x_wconf 87' lang='lat' dir='ltr'>commu-</span> 
     </span>
     <span class='ocr_line' id='line_1_27' title="bbox 210 2457 1198 2536; baseline 0.004 -8"><span class='ocrx_word' id='word_1_244' title='bbox 210 2483 291 2528; x_wconf 89' lang='lat' dir='ltr'>nem</span> <span class='ocrx_word' id='word_1_245' title='bbox 326 2461 433 2528; x_wconf 87' lang='lat' dir='ltr'>vitam</span> <span class='ocrx_word' id='word_1_246' title='bbox 466 2473 498 2528; x_wconf 91' lang='lat' dir='ltr'>et</span> <span class='ocrx_word' id='word_1_247' title='bbox 525 2460 724 2530; x_wconf 86' lang='lat' dir='ltr'>societatem</span> <span class='ocrx_word' id='word_1_248' title='bbox 758 2457 954 2536; x_wconf 85' lang='lat' dir='ltr'>hominurn.</span> <span class='ocrx_word' id='word_1_249' title='bbox 1006 2461 1053 2534; x_wconf 85' lang='lat' dir='ltr'>Et</span> <span class='ocrx_word' id='word_1_250' title='bbox 1079 2466 1116 2532; x_wconf 91' lang='lat' dir='ltr'>in</span> <span class='ocrx_word' id='word_1_251' title='bbox 1141 2460 1198 2532; x_wconf 89' lang='lat' dir='ltr'>his</span> 
     </span>
     <span class='ocr_line' id='line_1_28' title="bbox 208 2561 1196 2649; baseline 0.003 -20"><span class='ocrx_word' id='word_1_252' title='bbox 208 2561 451 2649; x_wconf 84' lang='lat' dir='ltr'>congressibus</span> <span class='ocrx_word' id='word_1_253' title='bbox 467 2562 511 2628; x_wconf 94' lang='lat' dir='ltr'>de</span> <span class='ocrx_word' id='word_1_254' title='bbox 529 2561 633 2628; x_wconf 91' lang='lat' dir='ltr'>rebus</span> <span class='ocrx_word' id='word_1_255' title='bbox 651 2563 866 2649; x_wconf 89' lang='lat' dir='ltr'>gravissimis</span> <span class='ocrx_word' id='word_1_256' title='bbox 879 2565 921 2630; x_wconf 90' lang='lat' dir='ltr'>ad</span> <span class='ocrx_word' id='word_1_257' title='bbox 938 2567 1196 2632; x_wconf 83' lang='lat' dir='ltr'>admonendam</span> 
     </span>
     <span class='ocr_line' id='line_1_29' title="bbox 208 2659 1197 2750; baseline 0.008 -22"><span class='ocrx_word' id='word_1_258' title='bbox 208 2659 445 2744; x_wconf 89' lang='lat' dir='ltr'>iuventutem,</span> <span class='ocrx_word' id='word_1_259' title='bbox 470 2676 504 2730; x_wconf 93' lang='lat' dir='ltr'>et</span> <span class='ocrx_word' id='word_1_260' title='bbox 524 2661 708 2731; x_wconf 88' lang='lat' dir='ltr'>excitanda</span> <span class='ocrx_word' id='word_1_261' title='bbox 725 2663 840 2734; x_wconf 91' lang='lat' dir='ltr'>studia</span> <span class='ocrx_word' id='word_1_262' title='bbox 858 2665 1090 2750; x_wconf 89' lang='lat' dir='ltr'>discentium,</span> <span class='ocrx_word' id='word_1_263' title='bbox 1117 2691 1197 2735; x_wconf 84' lang='lat' dir='ltr'>ora-</span> 
     </span>
     <span class='ocr_line' id='line_1_30' title="bbox 207 2758 909 2842; baseline -0.003 -10"><span class='ocrx_word' id='word_1_264' title='bbox 207 2758 432 2834; x_wconf 90' lang='lat' dir='ltr'>tiohabetur.</span> <span class='ocrx_word' id='word_1_265' title='bbox 490 2831 493 2842; x_wconf 67' lang='grc'>,</span> <span class='ocrx_word' id='word_1_266' title='bbox 907 2825 909 2830; x_wconf 92' lang='grc'>.</span> 
     </span>
    </p>

    <p class='ocr_par' dir='ltr' id='par_1_12' title="bbox 203 2862 1198 4066">
     <span class='ocr_line' id='line_1_31' title="bbox 310 2862 1196 2956; baseline 0.006 -25"><span class='ocrx_word' id='word_1_267' title='bbox 310 2862 430 2951; x_wconf 83' lang='lat' dir='ltr'>Quare</span> <span class='ocrx_word' id='word_1_268' title='bbox 453 2886 515 2952; x_wconf 90' lang='lat' dir='ltr'>ego</span> <span class='ocrx_word' id='word_1_269' title='bbox 539 2864 682 2956; x_wconf 91' lang='lat' dir='ltr'>quidem</span> <span class='ocrx_word' id='word_1_270' title='bbox 703 2863 964 2954; x_wconf 72' lang='lat' dir='ltr'>sirrgnlarellei</span> <span class='ocrx_word' id='word_1_271' title='bbox 988 2869 1196 2939; x_wconf 87' lang='lat' dir='ltr'>beneficium</span> 
     </span>
     <span class='ocr_line' id='line_1_32' title="bbox 206 2963 1197 3056; baseline 0.006 -24"><span class='ocrx_word' id='word_1_272' title='bbox 206 2989 279 3034; x_wconf 91' lang='lat' dir='ltr'>esse</span> <span class='ocrx_word' id='word_1_273' title='bbox 307 2983 475 3052; x_wconf 89' lang='lat' dir='ltr'>agnosco,</span> <span class='ocrx_word' id='word_1_274' title='bbox 511 2990 550 3033; x_wconf 88' lang='lat' dir='ltr'>ac</span> <span class='ocrx_word' id='word_1_275' title='bbox 578 2963 653 3034; x_wconf 89' lang='lat' dir='ltr'>Deo</span> <span class='ocrx_word' id='word_1_276' title='bbox 688 2970 816 3055; x_wconf 77' lang='lat' dir='ltr'>gratias</span> <span class='ocrx_word' id='word_1_277' title='bbox 847 2992 932 3056; x_wconf 91' lang='lat' dir='ltr'>ago,</span> <span class='ocrx_word' id='word_1_278' title='bbox 967 2973 1062 3056; x_wconf 87' lang='lat' dir='ltr'>quod</span> <span class='ocrx_word' id='word_1_279' title='bbox 1092 2971 1197 3039; x_wconf 89' lang='lat' dir='ltr'>nobis</span> 
     </span>
     <span class='ocr_line' id='line_1_33' title="bbox 206 3060 1196 3141; baseline 0.006 -7"><span class='ocrx_word' id='word_1_280' title='bbox 206 3061 363 3134; x_wconf 89' lang='lat' dir='ltr'>scholam</span> <span class='ocrx_word' id='word_1_281' title='bbox 385 3081 433 3134; x_wconf 84' lang='lat' dir='ltr'>et</span> <span class='ocrx_word' id='word_1_282' title='bbox 468 3060 534 3134; x_wconf 90' lang='lat' dir='ltr'>hos</span> <span class='ocrx_word' id='word_1_283' title='bbox 562 3082 681 3136; x_wconf 86' lang='lat' dir='ltr'>coetus</span> <span class='ocrx_word' id='word_1_284' title='bbox 712 3083 908 3139; x_wconf 85' lang='lat' dir='ltr'>conservat.</span> <span class='ocrx_word' id='word_1_285' title='bbox 966 3069 1116 3138; x_wconf 88' lang='lat' dir='ltr'>Nullum</span> <span class='ocrx_word' id='word_1_286' title='bbox 1146 3085 1196 3141; x_wconf 89' lang='lat' dir='ltr'>est</span> 
     </span>
     <span class='ocr_line' id='line_1_34' title="bbox 205 3165 1197 3262; baseline 0.006 -28"><span class='ocrx_word' id='word_1_287' title='bbox 205 3167 300 3234; x_wconf 91' lang='lat' dir='ltr'>enim</span> <span class='ocrx_word' id='word_1_288' title='bbox 323 3165 483 3234; x_wconf 90' lang='lat' dir='ltr'>interris</span> <span class='ocrx_word' id='word_1_289' title='bbox 505 3167 618 3234; x_wconf 90' lang='lat' dir='ltr'>maius</span> <span class='ocrx_word' id='word_1_290' title='bbox 635 3165 701 3235; x_wconf 89' lang='lat' dir='ltr'>Dei</span> <span class='ocrx_word' id='word_1_291' title='bbox 723 3170 876 3253; x_wconf 87' lang='lat' dir='ltr'>donnm,</span> <span class='ocrx_word' id='word_1_292' title='bbox 902 3195 1008 3262; x_wconf 90' lang='lat' dir='ltr'>qnam</span> <span class='ocrx_word' id='word_1_293' title='bbox 1026 3195 1197 3262; x_wconf 88' lang='lat' dir='ltr'>propaga-</span> 
     </span>
     <span class='ocr_line' id='line_1_35' title="bbox 204 3267 1198 3361; baseline 0.01 -27"><span class='ocrx_word' id='word_1_294' title='bbox 204 3267 255 3335; x_wconf 94' lang='lat' dir='ltr'>tio</span> <span class='ocrx_word' id='word_1_295' title='bbox 271 3267 452 3335; x_wconf 90' lang='lat' dir='ltr'>d-octriuae</span> <span class='ocrx_word' id='word_1_296' title='bbox 467 3267 636 3351; x_wconf 89' lang='lat' dir='ltr'>coelestis,</span> <span class='ocrx_word' id='word_1_297' title='bbox 665 3293 754 3360; x_wconf 88' lang='lat' dir='ltr'>quae</span> <span class='ocrx_word' id='word_1_298' title='bbox 770 3273 968 3340; x_wconf 88' lang='lat' dir='ltr'>conservari</span> <span class='ocrx_word' id='word_1_299' title='bbox 985 3297 1055 3342; x_wconf 89' lang='lat' dir='ltr'>non</span> <span class='ocrx_word' id='word_1_300' title='bbox 1074 3285 1198 3361; x_wconf 84' lang='lat' dir='ltr'>potest,</span> 
     </span>
     <span class='ocr_line' id='line_1_36' title="bbox 207 3363 1194 3459; baseline 0.006 -23"><span class='ocrx_word' id='word_1_301' title='bbox 207 3367 276 3436; x_wconf 91' lang='lat' dir='ltr'>nisi</span> <span class='ocrx_word' id='word_1_302' title='bbox 300 3367 373 3436; x_wconf 92' lang='lat' dir='ltr'>siut</span> <span class='ocrx_word' id='word_1_303' title='bbox 394 3369 531 3459; x_wconf 88' lang='lat' dir='ltr'>aliquae</span> <span class='ocrx_word' id='word_1_304' title='bbox 553 3364 694 3436; x_wconf 87' lang='lat' dir='ltr'>scholae</span> <span class='ocrx_word' id='word_1_305' title='bbox 716 3363 903 3440; x_wconf 86' lang='lat' dir='ltr'>adiunctae</span> <span class='ocrx_word' id='word_1_306' title='bbox 922 3367 1107 3456; x_wconf 84' lang='lat' dir='ltr'>Ecclesiis,</span> <span class='ocrx_word' id='word_1_307' title='bbox 1133 3375 1194 3442; x_wconf 91' lang='lat' dir='ltr'>ubi</span> 
     </span>
     <span class='ocr_line' id='line_1_37' title="bbox 205 3464 1194 3564; baseline 0.005 -27"><span class='ocrx_word' id='word_1_308' title='bbox 205 3469 415 3538; x_wconf 87' lang='lat' dir='ltr'>erudiantur</span> <span class='ocrx_word' id='word_1_309' title='bbox 443 3464 500 3552; x_wconf 90' lang='lat' dir='ltr'>hi,</span> <span class='ocrx_word' id='word_1_310' title='bbox 536 3471 596 3561; x_wconf 92' lang='lat' dir='ltr'>qui</span> <span class='ocrx_word' id='word_1_311' title='bbox 629 3485 712 3538; x_wconf 90' lang='lat' dir='ltr'>sunt</span> <span class='ocrx_word' id='word_1_312' title='bbox 739 3471 931 3564; x_wconf 88' lang='lat' dir='ltr'>aliquando</span> <span class='ocrx_word' id='word_1_313' title='bbox 957 3475 1127 3542; x_wconf 87' lang='lat' dir='ltr'>accessuri</span> <span class='ocrx_word' id='word_1_314' title='bbox 1151 3479 1194 3544; x_wconf 92' lang='lat' dir='ltr'>ad</span> 
     </span>
     <span class='ocr_line' id='line_1_38' title="bbox 204 3569 1197 3658; baseline 0.009 -20"><span class='ocrx_word' id='word_1_315' title='bbox 204 3569 425 3652; x_wconf 88' lang='lat' dir='ltr'>ministeria,</span> <span class='ocrx_word' id='word_1_316' title='bbox 463 3583 524 3640; x_wconf 92' lang='lat' dir='ltr'>aut</span> <span class='ocrx_word' id='word_1_317' title='bbox 554 3571 845 3657; x_wconf 88' lang='lat' dir='ltr'>gubernationem</span> <span class='ocrx_word' id='word_1_318' title='bbox 880 3573 918 3641; x_wconf 92' lang='lat' dir='ltr'>in</span> <span class='ocrx_word' id='word_1_319' title='bbox 947 3571 1123 3658; x_wconf 81' lang='lat' dir='ltr'>Ecclesia,</span> <span class='ocrx_word' id='word_1_320' title='bbox 1156 3591 1197 3647; x_wconf 91' lang='lat' dir='ltr'>ut</span> 
     </span>
     <span class='ocr_line' id='line_1_39' title="bbox 204 3669 1196 3764; baseline 0.008 -25"><span class='ocrx_word' id='word_1_321' title='bbox 204 3669 403 3762; x_wconf 88' lang='lat' dir='ltr'>praeparati</span> <span class='ocrx_word' id='word_1_322' title='bbox 424 3683 459 3739; x_wconf 94' lang='lat' dir='ltr'>et</span> <span class='ocrx_word' id='word_1_323' title='bbox 482 3671 610 3741; x_wconf 89' lang='lat' dir='ltr'>exculti</span> <span class='ocrx_word' id='word_1_324' title='bbox 632 3673 814 3757; x_wconf 80' lang='lat' dir='ltr'>doctrina,</span> <span class='ocrx_word' id='word_1_325' title='bbox 841 3675 950 3764; x_wconf 89' lang='lat' dir='ltr'>magis</span> <span class='ocrx_word' id='word_1_326' title='bbox 971 3675 1092 3746; x_wconf 90' lang='lat' dir='ltr'>idonei</span> <span class='ocrx_word' id='word_1_327' title='bbox 1110 3677 1196 3748; x_wconf 91' lang='lat' dir='ltr'>liant</span> 
     </span>
     <span class='ocr_line' id='line_1_40' title="bbox 205 3773 1195 3866; baseline 0.007 -25"><span class='ocrx_word' id='word_1_328' title='bbox 205 3773 251 3841; x_wconf 92' lang='lat' dir='ltr'>ad</span> <span class='ocrx_word' id='word_1_329' title='bbox 276 3774 396 3840; x_wconf 80' lang='lat' dir='ltr'>dextre</span> <span class='ocrx_word' id='word_1_330' title='bbox 420 3773 627 3840; x_wconf 88' lang='lat' dir='ltr'>tradendam</span> <span class='ocrx_word' id='word_1_331' title='bbox 652 3777 849 3843; x_wconf 88' lang='lat' dir='ltr'>doctrinam</span> <span class='ocrx_word' id='word_1_332' title='bbox 870 3776 1070 3866; x_wconf 89' lang='lat' dir='ltr'>religionis,</span> <span class='ocrx_word' id='word_1_333' title='bbox 1095 3776 1134 3848; x_wconf 80' lang='lat' dir='ltr'>et&#39;</span> <span class='ocrx_word' id='word_1_334' title='bbox 1150 3781 1195 3848; x_wconf 88' lang='lat' dir='ltr'>ad</span> 
     </span>
     <span class='ocr_line' id='line_1_41' title="bbox 203 3871 1195 3964; baseline 0.009 -23"><span class='ocrx_word' id='word_1_335' title='bbox 203 3873 428 3963; x_wconf 87' lang='lat' dir='ltr'>explicandas</span> <span class='ocrx_word' id='word_1_336' title='bbox 452 3875 708 3943; x_wconf 83' lang='lat' dir='ltr'>controversias</span> <span class='ocrx_word' id='word_1_337' title='bbox 733 3877 956 3964; x_wconf 89' lang='lat' dir='ltr'>dogmatum,</span> <span class='ocrx_word' id='word_1_338' title='bbox 982 3891 1016 3946; x_wconf 90' lang='lat' dir='ltr'>et</span> <span class='ocrx_word' id='word_1_339' title='bbox 1039 3880 1083 3946; x_wconf 88' lang='lat' dir='ltr'>ad</span> <span class='ocrx_word' id='word_1_340' title='bbox 1099 3871 1195 3950; x_wconf 82' lang='lat' dir='ltr'>resu-</span> 
     </span>
     <span class='ocr_line' id='line_1_42' title="bbox 204 3977 1101 4066; baseline 0.006 -21"><span class='ocrx_word' id='word_1_341' title='bbox 204 3977 330 4045; x_wconf 89' lang='lat' dir='ltr'>taudos</span> <span class='ocrx_word' id='word_1_342' title='bbox 347 3997 483 4042; x_wconf 87' lang='lat' dir='ltr'>errores</span> <span class='ocrx_word' id='word_1_343' title='bbox 499 3998 538 4042; x_wconf 91' lang='lat' dir='ltr'>ac</span> <span class='ocrx_word' id='word_1_344' title='bbox 553 3977 769 4064; x_wconf 88' lang='lat' dir='ltr'>corruptelas</span> <span class='ocrx_word' id='word_1_345' title='bbox 785 4001 892 4066; x_wconf 90' lang='lat' dir='ltr'>purae</span> <span class='ocrx_word' id='word_1_346' title='bbox 908 3979 1101 4050; x_wconf 83' lang='lat' dir='ltr'>doctrinae.</span> 
     </span>
    </p>

    <p class='ocr_par' dir='ltr' id='par_1_13' title="bbox 203 4069 1196 4672">
     <span class='ocr_line' id='line_1_43' title="bbox 308 4069 1194 4166; baseline 0.009 -23"><span class='ocrx_word' id='word_1_347' title='bbox 308 4070 363 4143; x_wconf 86' lang='lat' dir='ltr'>Ad</span> <span class='ocrx_word' id='word_1_348' title='bbox 379 4069 443 4141; x_wconf 84' lang='lat' dir='ltr'>bas</span> <span class='ocrx_word' id='word_1_349' title='bbox 458 4099 511 4142; x_wconf 89' lang='lat' dir='ltr'>res</span> <span class='ocrx_word' id='word_1_350' title='bbox 527 4089 618 4144; x_wconf 89' lang='lat' dir='ltr'>certe</span> <span class='ocrx_word' id='word_1_351' title='bbox 633 4100 721 4166; x_wconf 87' lang='lat' dir='ltr'>opus</span> <span class='ocrx_word' id='word_1_352' title='bbox 737 4093 787 4146; x_wconf 92' lang='lat' dir='ltr'>est</span> <span class='ocrx_word' id='word_1_353' title='bbox 801 4073 949 4159; x_wconf 88' lang='lat' dir='ltr'>scholis,</span> <span class='ocrx_word' id='word_1_354' title='bbox 976 4080 1066 4152; x_wconf 87' lang='lat' dir='ltr'>sicut</span> <span class='ocrx_word' id='word_1_355' title='bbox 1082 4077 1194 4150; x_wconf 87' lang='lat' dir='ltr'>histo·</span> 
     </span>
     <span class='ocr_line' id='line_1_44' title="bbox 203 4173 1196 4274; baseline 0.008 -32"><span class='ocrx_word' id='word_1_356' title='bbox 203 4173 277 4242; x_wconf 88' lang='lat' dir='ltr'>riae</span> <span class='ocrx_word' id='word_1_357' title='bbox 298 4199 413 4242; x_wconf 89' lang='lat' dir='ltr'>sacrae</span> <span class='ocrx_word' id='word_1_358' title='bbox 436 4189 628 4258; x_wconf 90' lang='lat' dir='ltr'>testantur,</span> <span class='ocrx_word' id='word_1_359' title='bbox 653 4179 736 4245; x_wconf 89' lang='lat' dir='ltr'>inde</span> <span class='ocrx_word' id='word_1_360' title='bbox 749 4203 861 4272; x_wconf 91' lang='lat' dir='ltr'>usqne</span> <span class='ocrx_word' id='word_1_361' title='bbox 878 4181 921 4248; x_wconf 90' lang='lat' dir='ltr'>ab</span> <span class='ocrx_word' id='word_1_362' title='bbox 940 4181 1043 4252; x_wconf 90' lang='lat' dir='ltr'>initio</span> <span class='ocrx_word' id='word_1_363' title='bbox 1059 4205 1196 4274; x_wconf 89' lang='lat' dir='ltr'>semper</span> 
     </span>
     <span class='ocr_line' id='line_1_45' title="bbox 204 4275 1195 4366; baseline 0.013 -26"><span class='ocrx_word' id='word_1_364' title='bbox 204 4275 311 4343; x_wconf 83' lang='lat' dir='ltr'>luisse</span> <span class='ocrx_word' id='word_1_365' title='bbox 325 4275 462 4366; x_wconf 90' lang='lat' dir='ltr'>aliquos</span> <span class='ocrx_word' id='word_1_366' title='bbox 476 4293 594 4344; x_wconf 89' lang='lat' dir='ltr'>coetus</span> <span class='ocrx_word' id='word_1_367' title='bbox 606 4279 817 4348; x_wconf 87' lang='lat' dir='ltr'>discentium</span> <span class='ocrx_word' id='word_1_368' title='bbox 832 4283 1026 4364; x_wconf 88' lang='lat' dir='ltr'>adiunctos,</span> <span class='ocrx_word' id='word_1_369' title='bbox 1048 4286 1195 4353; x_wconf 87' lang='lat' dir='ltr'>summis</span> 
     </span>
     <span class='ocr_line' id='line_1_46' title="bbox 206 4375 1194 4472; baseline 0.013 -30"><span class='ocrx_word' id='word_1_370' title='bbox 206 4376 278 4444; x_wconf 87' lang='lat' dir='ltr'>illis</span> <span class='ocrx_word' id='word_1_371' title='bbox 298 4375 406 4456; x_wconf 89' lang='lat' dir='ltr'>viris,</span> <span class='ocrx_word' id='word_1_372' title='bbox 439 4375 622 4454; x_wconf 82' lang='lat' dir='ltr'>Patribus.</span> <span class='ocrx_word' id='word_1_373' title='bbox 655 4375 843 4470; x_wconf 86' lang='lat' dir='ltr'>Prophetis</span> <span class='ocrx_word' id='word_1_374' title='bbox 867 4395 902 4450; x_wconf 89' lang='lat' dir='ltr'>et</span> <span class='ocrx_word' id='word_1_375' title='bbox 924 4381 1125 4472; x_wconf 72' lang='lat' dir='ltr'>apostolis,</span> <span class='ocrx_word' id='word_1_376' title='bbox 1159 4401 1194 4455; x_wconf 92' lang='lat' dir='ltr'>et</span> 
     </span>
     <span class='ocr_line' id='line_1_47' title="bbox 205 4473 1194 4570; baseline 0.013 -26"><span class='ocrx_word' id='word_1_377' title='bbox 205 4489 326 4562; x_wconf 90' lang='lat' dir='ltr'>postea</span> <span class='ocrx_word' id='word_1_378' title='bbox 339 4477 402 4544; x_wconf 92' lang='lat' dir='ltr'>diu</span> <span class='ocrx_word' id='word_1_379' title='bbox 418 4479 455 4542; x_wconf 91' lang='lat' dir='ltr'>in</span> <span class='ocrx_word' id='word_1_380' title='bbox 471 4473 655 4556; x_wconf 82' lang='lat' dir='ltr'>Ecclesiis‚</span> <span class='ocrx_word' id='word_1_381' title='bbox 681 4497 721 4547; x_wconf 88' lang='lat' dir='ltr'>ut</span> <span class='ocrx_word' id='word_1_382' title='bbox 737 4479 975 4552; x_wconf 81' lang='lat' dir='ltr'>Alexandrina</span> <span class='ocrx_word' id='word_1_383' title='bbox 992 4500 1024 4553; x_wconf 94' lang='lat' dir='ltr'>et</span> <span class='ocrx_word' id='word_1_384' title='bbox 1041 4486 1135 4570; x_wconf 88' lang='lat' dir='ltr'>aliis,</span> <span class='ocrx_word' id='word_1_385' title='bbox 1160 4501 1194 4558; x_wconf 90' lang='lat' dir='ltr'>et</span> 
     </span>
     <span class='ocr_line' id='line_1_48' title="bbox 207 4575 1194 4672; baseline 0.011 -26"><span class='ocrx_word' id='word_1_386' title='bbox 207 4580 246 4646; x_wconf 93' lang='lat' dir='ltr'>in</span> <span class='ocrx_word' id='word_1_387' title='bbox 277 4577 438 4665; x_wconf 88' lang='lat' dir='ltr'>plurimis</span> <span class='ocrx_word' id='word_1_388' title='bbox 468 4579 623 4666; x_wconf 88' lang='lat' dir='ltr'>collegiis</span> <span class='ocrx_word' id='word_1_389' title='bbox 650 4575 789 4650; x_wconf 88' lang='lat' dir='ltr'>scholae</span> <span class='ocrx_word' id='word_1_390' title='bbox 810 4585 1017 4656; x_wconf 89' lang='lat' dir='ltr'>constitutae</span> <span class='ocrx_word' id='word_1_391' title='bbox 1039 4588 1194 4672; x_wconf 84' lang='lat' dir='ltr'>suerunt,</span> 
     </span>
    </p>
   </div>
   <div class='ocr_carea' id='block_1_12' title="bbox 1246 1757 2232 3466">
    <p class='ocr_par' dir='ltr' id='par_1_14' title="bbox 1246 1757 1365 1825">
     <span class='ocr_line' id='line_1_49' title="bbox 1246 1757 1365 1825; baseline 0.042 -5"><span class='ocrx_word' id='word_1_392' title='bbox 1246 1757 1365 1825; x_wconf 83' lang='lat' dir='ltr'>nibus.</span> 
     </span>
    </p>

    <p class='ocr_par' dir='ltr' id='par_1_15' title="bbox 1246 1854 2232 3263">
     <span class='ocr_line' id='line_1_50' title="bbox 1346 1854 2230 1948; baseline 0 -22"><span class='ocrx_word' id='word_1_393' title='bbox 1346 1854 1437 1926; x_wconf 89' lang='lat' dir='ltr'>Cum</span> <span class='ocrx_word' id='word_1_394' title='bbox 1469 1858 1577 1948; x_wconf 88' lang='lat' dir='ltr'>igitur</span> <span class='ocrx_word' id='word_1_395' title='bbox 1598 1856 1695 1930; x_wconf 89' lang='lat' dir='ltr'>Deus</span> <span class='ocrx_word' id='word_1_396' title='bbox 1716 1881 1778 1929; x_wconf 88' lang='lat' dir='ltr'>sua</span> <span class='ocrx_word' id='word_1_397' title='bbox 1800 1859 1970 1930; x_wconf 88' lang='lat' dir='ltr'>immensa</span> <span class='ocrx_word' id='word_1_398' title='bbox 1992 1858 2230 1928; x_wconf 87' lang='lat' dir='ltr'>misericordia</span> 
     </span>
     <span class='ocr_line' id='line_1_51' title="bbox 1247 1955 2230 2049; baseline 0.001 -25"><span class='ocrx_word' id='word_1_399' title='bbox 1247 1958 1349 2026; x_wconf 89' lang='lat' dir='ltr'>uobis</span> <span class='ocrx_word' id='word_1_400' title='bbox 1368 1959 1558 2030; x_wconf 88' lang='lat' dir='ltr'>restituerit</span> <span class='ocrx_word' id='word_1_401' title='bbox 1572 1955 1757 2049; x_wconf 78' lang='lat' dir='ltr'>Evangelii</span> <span class='ocrx_word' id='word_1_402' title='bbox 1776 1961 1907 2046; x_wconf 88' lang='lat' dir='ltr'>lucem,</span> <span class='ocrx_word' id='word_1_403' title='bbox 1931 1976 1964 2031; x_wconf 89' lang='lat' dir='ltr'>et</span> <span class='ocrx_word' id='word_1_404' title='bbox 1981 1961 2019 2030; x_wconf 93' lang='lat' dir='ltr'>in</span> <span class='ocrx_word' id='word_1_405' title='bbox 2032 1956 2102 2029; x_wconf 91' lang='lat' dir='ltr'>hac</span> <span class='ocrx_word' id='word_1_406' title='bbox 2119 1955 2230 2028; x_wconf 89' lang='lat' dir='ltr'>schola</span> 
     </span>
     <span class='ocr_line' id='line_1_52' title="bbox 1247 2060 2231 2151; baseline 0 -25"><span class='ocrx_word' id='word_1_407' title='bbox 1247 2060 1384 2128; x_wconf 72' lang='lat' dir='ltr'>dederit</span> <span class='ocrx_word' id='word_1_408' title='bbox 1406 2063 1658 2150; x_wconf 84' lang='lat' dir='ltr'>gubernatores</span> <span class='ocrx_word' id='word_1_409' title='bbox 1682 2075 1914 2149; x_wconf 78' lang='lat' dir='ltr'>praestantes,</span> <span class='ocrx_word' id='word_1_410' title='bbox 1945 2063 2073 2132; x_wconf 90' lang='lat' dir='ltr'>merito</span> <span class='ocrx_word' id='word_1_411' title='bbox 2097 2061 2231 2151; x_wconf 89' lang='lat' dir='ltr'>praedi-</span> 
     </span>
     <span class='ocr_line' id='line_1_53' title="bbox 1246 2162 2232 2253; baseline 0 -25"><span class='ocrx_word' id='word_1_412' title='bbox 1246 2162 1399 2230; x_wconf 87' lang='lat' dir='ltr'>candum</span> <span class='ocrx_word' id='word_1_413' title='bbox 1428 2177 1461 2232; x_wconf 87' lang='lat' dir='ltr'>et</span> <span class='ocrx_word' id='word_1_414' title='bbox 1489 2163 1749 2253; x_wconf 87' lang='lat' dir='ltr'>agnoscendum</span> <span class='ocrx_word' id='word_1_415' title='bbox 1775 2177 1828 2233; x_wconf 85' lang='lat' dir='ltr'>cst</span> <span class='ocrx_word' id='word_1_416' title='bbox 1847 2163 2174 2246; x_wconf 69' lang='lat' dir='ltr'>Dei‘beneficium,</span> <span class='ocrx_word' id='word_1_417' title='bbox 2203 2171 2232 2228; x_wconf 92' lang='lat' dir='ltr'>et</span> 
     </span>
     <span class='ocr_line' id='line_1_54' title="bbox 1247 2261 2232 2352; baseline 0.002 -24"><span class='ocrx_word' id='word_1_418' title='bbox 1247 2261 1378 2349; x_wconf 87' lang='lat' dir='ltr'>gratiae</span> <span class='ocrx_word' id='word_1_419' title='bbox 1398 2262 1471 2334; x_wconf 89' lang='lat' dir='ltr'>Deo</span> <span class='ocrx_word' id='word_1_420' title='bbox 1493 2267 1647 2352; x_wconf 87' lang='lat' dir='ltr'>agendae</span> <span class='ocrx_word' id='word_1_421' title='bbox 1662 2279 1762 2333; x_wconf 91' lang='lat' dir='ltr'>sunt:</span> <span class='ocrx_word' id='word_1_422' title='bbox 1790 2277 1823 2334; x_wconf 87' lang='lat' dir='ltr'>et</span> <span class='ocrx_word' id='word_1_423' title='bbox 1837 2265 1999 2334; x_wconf 88' lang='lat' dir='ltr'>accedere</span> <span class='ocrx_word' id='word_1_424' title='bbox 2014 2265 2148 2334; x_wconf 89' lang='lat' dir='ltr'>debent</span> <span class='ocrx_word' id='word_1_425' title='bbox 2161 2262 2232 2352; x_wconf 83' lang='lat' dir='ltr'>pio·</span> 
     </span>
     <span class='ocr_line' id='line_1_55' title="bbox 1247 2357 2232 2460; baseline 0.001 -32"><span class='ocrx_word' id='word_1_426' title='bbox 1247 2387 1325 2429; x_wconf 90' lang='lat' dir='ltr'>rum</span> <span class='ocrx_word' id='word_1_427' title='bbox 1343 2377 1442 2444; x_wconf 88' lang='lat' dir='ltr'>vota,</span> <span class='ocrx_word' id='word_1_428' title='bbox 1468 2377 1506 2435; x_wconf 93' lang='lat' dir='ltr'>ut</span> <span class='ocrx_word' id='word_1_429' title='bbox 1523 2359 1710 2434; x_wconf 89' lang='lat' dir='ltr'>nobishoc</span> <span class='ocrx_word' id='word_1_430' title='bbox 1726 2365 1936 2460; x_wconf 80' lang='lat' dir='ltr'>beneficium</span> <span class='ocrx_word' id='word_1_431' title='bbox 1954 2377 2156 2444; x_wconf 90' lang='lat' dir='ltr'>conservet,</span> <span class='ocrx_word' id='word_1_432' title='bbox 2182 2357 2232 2430; x_wconf 89' lang='lat' dir='ltr'>his</span> 
     </span>
     <span class='ocr_line' id='line_1_56' title="bbox 1247 2461 2232 2558; baseline 0 -28"><span class='ocrx_word' id='word_1_433' title='bbox 1247 2465 1410 2552; x_wconf 82' lang='lat' dir='ltr'>precibus</span> <span class='ocrx_word' id='word_1_434' title='bbox 1440 2465 1469 2534; x_wconf 88' lang='lat' dir='ltr'>si</span> <span class='ocrx_word' id='word_1_435' title='bbox 1499 2489 1656 2558; x_wconf 88' lang='lat' dir='ltr'>unquam</span> <span class='ocrx_word' id='word_1_436' title='bbox 1686 2489 1775 2556; x_wconf 89' lang='lat' dir='ltr'>opus</span> <span class='ocrx_word' id='word_1_437' title='bbox 1804 2466 1873 2536; x_wconf 84' lang='lat' dir='ltr'>tuit</span> <span class='ocrx_word' id='word_1_438' title='bbox 1902 2461 2103 2550; x_wconf 83' lang='lat' dir='ltr'>Ecclesiae,</span> <span class='ocrx_word' id='word_1_439' title='bbox 2144 2485 2232 2532; x_wconf 88' lang='lat' dir='ltr'>nnnc</span> 
     </span>
     <span class='ocr_line' id='line_1_57' title="bbox 1246 2566 2231 2656; baseline 0 -24"><span class='ocrx_word' id='word_1_440' title='bbox 1246 2579 1340 2633; x_wconf 90' lang='lat' dir='ltr'>certe</span> <span class='ocrx_word' id='word_1_441' title='bbox 1360 2587 1450 2654; x_wconf 90' lang='lat' dir='ltr'>opus</span> <span class='ocrx_word' id='word_1_442' title='bbox 1469 2582 1539 2652; x_wconf 90' lang='lat' dir='ltr'>est,</span> <span class='ocrx_word' id='word_1_443' title='bbox 1562 2566 1817 2636; x_wconf 84' lang='lat' dir='ltr'>ardentissimis</span> <span class='ocrx_word' id='word_1_444' title='bbox 1839 2567 1931 2636; x_wconf 85' lang='lat' dir='ltr'>votis</span> <span class='ocrx_word' id='word_1_445' title='bbox 1953 2581 1988 2638; x_wconf 87' lang='lat' dir='ltr'>et</span> <span class='ocrx_word' id='word_1_446' title='bbox 2007 2579 2084 2637; x_wconf 88' lang='lat' dir='ltr'>toto</span> <span class='ocrx_word' id='word_1_447' title='bbox 2100 2579 2231 2656; x_wconf 87' lang='lat' dir='ltr'>pectore</span> 
     </span>
     <span class='ocr_line' id='line_1_58' title="bbox 1247 2663 2230 2758; baseline -0.002 -24"><span class='ocrx_word' id='word_1_448' title='bbox 1247 2689 1369 2734; x_wconf 77' lang='lat' dir='ltr'>ocurras</span> <span class='ocrx_word' id='word_1_449' title='bbox 1394 2680 1528 2755; x_wconf 89' lang='lat' dir='ltr'>petere,</span> <span class='ocrx_word' id='word_1_450' title='bbox 1551 2681 1590 2736; x_wconf 93' lang='lat' dir='ltr'>ut</span> <span class='ocrx_word' id='word_1_451' title='bbox 1616 2663 1682 2736; x_wconf 89' lang='lat' dir='ltr'>hoc</span> <span class='ocrx_word' id='word_1_452' title='bbox 1699 2681 1874 2756; x_wconf 86' lang='lat' dir='ltr'>postremo</span> <span class='ocrx_word' id='word_1_453' title='bbox 1890 2682 1923 2736; x_wconf 89' lang='lat' dir='ltr'>et</span> <span class='ocrx_word' id='word_1_454' title='bbox 1938 2665 2230 2758; x_wconf 88' lang='lat' dir='ltr'>periculosissimo</span> 
     </span>
     <span class='ocr_line' id='line_1_59' title="bbox 1247 2769 2232 2859; baseline -0.004 -23"><span class='ocrx_word' id='word_1_455' title='bbox 1247 2783 1419 2856; x_wconf 89' lang='lat' dir='ltr'>tempore,</span> <span class='ocrx_word' id='word_1_456' title='bbox 1452 2769 1545 2837; x_wconf 88' lang='lat' dir='ltr'>inter</span> <span class='ocrx_word' id='word_1_457' title='bbox 1564 2782 1678 2838; x_wconf 89' lang='lat' dir='ltr'>tantas</span> <span class='ocrx_word' id='word_1_458' title='bbox 1693 2781 1920 2858; x_wconf 85' lang='lat' dir='ltr'>tempestates</span> <span class='ocrx_word' id='word_1_459' title='bbox 1945 2769 2124 2859; x_wconf 88' lang='lat' dir='ltr'>publicas,</span> <span class='ocrx_word' id='word_1_460' title='bbox 2150 2789 2232 2859; x_wconf 88' lang='lat' dir='ltr'>qnae</span> 
     </span>
     <span class='ocr_line' id='line_1_60' title="bbox 1246 2865 2232 2958; baseline -0.002 -23"><span class='ocrx_word' id='word_1_461' title='bbox 1246 2871 1429 2937; x_wconf 84' lang='lat' dir='ltr'>minantur</span> <span class='ocrx_word' id='word_1_462' title='bbox 1444 2865 1622 2938; x_wconf 86' lang='lat' dir='ltr'>Ecclesiae</span> <span class='ocrx_word' id='word_1_463' title='bbox 1646 2869 1821 2938; x_wconf 84' lang='lat' dir='ltr'>infinitam</span> <span class='ocrx_word' id='word_1_464' title='bbox 1842 2869 2110 2958; x_wconf 87' lang='lat' dir='ltr'>dissipationem</span> <span class='ocrx_word' id='word_1_465' title='bbox 2129 2883 2163 2938; x_wconf 91' lang='lat' dir='ltr'>et</span> <span class='ocrx_word' id='word_1_466' title='bbox 2177 2891 2232 2934; x_wconf 86' lang='lat' dir='ltr'>va-</span> 
     </span>
     <span class='ocr_line' id='line_1_61' title="bbox 1247 2965 2232 3063; baseline -0.005 -25"><span class='ocrx_word' id='word_1_467' title='bbox 1247 2985 1386 3048; x_wconf 83' lang='lat' dir='ltr'>statem,</span> <span class='ocrx_word' id='word_1_468' title='bbox 1412 2966 1508 3038; x_wconf 89' lang='lat' dir='ltr'>Deus</span> <span class='ocrx_word' id='word_1_469' title='bbox 1530 2993 1591 3040; x_wconf 89' lang='lat' dir='ltr'>sua</span> <span class='ocrx_word' id='word_1_470' title='bbox 1614 2971 1773 3040; x_wconf 89' lang='lat' dir='ltr'>bonitate</span> <span class='ocrx_word' id='word_1_471' title='bbox 1793 2970 1930 3063; x_wconf 89' lang='lat' dir='ltr'>aliquas</span> <span class='ocrx_word' id='word_1_472' title='bbox 1950 2965 2132 3040; x_wconf 81' lang='lat' dir='ltr'>Ecclesiae</span> <span class='ocrx_word' id='word_1_473' title='bbox 2154 2966 2232 3038; x_wconf 88' lang='lat' dir='ltr'>reli-</span> 
     </span>
     <span class='ocr_line' id='line_1_62' title="bbox 1246 3068 2232 3162; baseline -0.001 -25"><span class='ocrx_word' id='word_1_474' title='bbox 1246 3071 1346 3162; x_wconf 89' lang='lat' dir='ltr'>quias</span> <span class='ocrx_word' id='word_1_475' title='bbox 1361 3087 1556 3156; x_wconf 89' lang='lat' dir='ltr'>conservet,</span> <span class='ocrx_word' id='word_1_476' title='bbox 1580 3071 1671 3143; x_wconf 86' lang='lat' dir='ltr'>sicut</span> <span class='ocrx_word' id='word_1_477' title='bbox 1685 3069 1786 3142; x_wconf 90' lang='lat' dir='ltr'>Pauli</span> <span class='ocrx_word' id='word_1_478' title='bbox 1801 3072 1922 3140; x_wconf 88' lang='lat' dir='ltr'>navim</span> <span class='ocrx_word' id='word_1_479' title='bbox 1937 3069 2104 3142; x_wconf 89' lang='lat' dir='ltr'>iactatam</span> <span class='ocrx_word' id='word_1_480' title='bbox 2121 3068 2232 3152; x_wconf 89' lang='lat' dir='ltr'>undis,</span> 
     </span>
     <span class='ocr_line' id='line_1_63' title="bbox 1247 3171 2066 3263; baseline 0.006 -22"><span class='ocrx_word' id='word_1_481' title='bbox 1247 3195 1469 3256; x_wconf 87' lang='lat' dir='ltr'>concussam,</span> <span class='ocrx_word' id='word_1_482' title='bbox 1495 3196 1534 3252; x_wconf 85' lang='lat' dir='ltr'>ac</span> <span class='ocrx_word' id='word_1_483' title='bbox 1552 3195 1642 3263; x_wconf 89' lang='lat' dir='ltr'>pene</span> <span class='ocrx_word' id='word_1_484' title='bbox 1659 3171 1728 3242; x_wconf 90' lang='lat' dir='ltr'>iam</span> <span class='ocrx_word' id='word_1_485' title='bbox 1744 3173 1889 3242; x_wconf 83' lang='lat' dir='ltr'>fractam</span> <span class='ocrx_word' id='word_1_486' title='bbox 1904 3173 2066 3246; x_wconf 82' lang='lat' dir='ltr'>servavit.</span> 
     </span>
    </p>

    <p class='ocr_par' dir='ltr' id='par_1_16' title="bbox 1248 3267 2231 3466">
     <span class='ocr_line' id='line_1_64' title="bbox 1350 3267 2231 3363; baseline -0.003 -22"><span class='ocrx_word' id='word_1_487' title='bbox 1350 3269 1441 3360; x_wconf 89' lang='lat' dir='ltr'>Quis</span> <span class='ocrx_word' id='word_1_488' title='bbox 1457 3273 1537 3363; x_wconf 93' lang='lat' dir='ltr'>pius</span> <span class='ocrx_word' id='word_1_489' title='bbox 1553 3297 1626 3342; x_wconf 90' lang='lat' dir='ltr'>non</span> <span class='ocrx_word' id='word_1_490' title='bbox 1643 3287 1717 3344; x_wconf 90' lang='lat' dir='ltr'>toto</span> <span class='ocrx_word' id='word_1_491' title='bbox 1734 3295 1881 3363; x_wconf 88' lang='lat' dir='ltr'>corpore</span> <span class='ocrx_word' id='word_1_492' title='bbox 1896 3267 2132 3356; x_wconf 82' lang='lat' dir='ltr'>cohorrescat,</span> <span class='ocrx_word' id='word_1_493' title='bbox 2158 3295 2231 3342; x_wconf 89' lang='lat' dir='ltr'>curn</span> 
     </span>
     <span class='ocr_line' id='line_1_65' title="bbox 1248 3369 2231 3466; baseline -0.001 -25"><span class='ocrx_word' id='word_1_494' title='bbox 1248 3374 1404 3443; x_wconf 88' lang='lat' dir='ltr'>intuetur</span> <span class='ocrx_word' id='word_1_495' title='bbox 1441 3369 1570 3443; x_wconf 90' lang='lat' dir='ltr'>horum</span> <span class='ocrx_word' id='word_1_496' title='bbox 1597 3388 1796 3464; x_wconf 87' lang='lat' dir='ltr'>temporum</span> <span class='ocrx_word' id='word_1_497' title='bbox 1828 3373 2006 3466; x_wconf 86' lang='lat' dir='ltr'>pericula?</span> <span class='ocrx_word' id='word_1_498' title='bbox 2065 3372 2231 3442; x_wconf 79' lang='lat' dir='ltr'>Videmus</span> 
     </span>
    </p>
   </div>
   <div class='ocr_carea' id='block_1_13' title="bbox 1248 3471 2294 3566">
    <p class='ocr_par' dir='ltr' id='par_1_17' title="bbox 1248 3471 2294 3566">
     <span class='ocr_line' id='line_1_66' title="bbox 1248 3471 2294 3566; baseline -0.002 -24"><span class='ocrx_word' id='word_1_499' title='bbox 1248 3476 1451 3563; x_wconf 89' lang='lat' dir='ltr'>impendere</span> <span class='ocrx_word' id='word_1_500' title='bbox 1488 3500 1678 3564; x_wconf 90' lang='lat' dir='ltr'>regnorum</span> <span class='ocrx_word' id='word_1_501' title='bbox 1714 3475 1945 3544; x_wconf 87' lang='lat' dir='ltr'>mutationem</span> <span class='ocrx_word' id='word_1_502' title='bbox 1975 3499 2016 3544; x_wconf 91' lang='lat' dir='ltr'>ac</span> <span class='ocrx_word' id='word_1_503' title='bbox 2048 3497 2251 3566; x_wconf 82' lang='lat' dir='ltr'>propemo·¹</span> <span class='ocrx_word' id='word_1_504' title='bbox 2293 3471 2294 3494; x_wconf 65' lang='lat'>¹</span> 
     </span>
    </p>
   </div>
   <div class='ocr_carea' id='block_1_14' title="bbox 1247 3569 2230 3770">
    <p class='ocr_par' dir='ltr' id='par_1_18' title="bbox 1247 3569 2230 3770">
     <span class='ocr_line' id='line_1_67' title="bbox 1247 3569 2230 3666; baseline -0.003 -23"><span class='ocrx_word' id='word_1_505' title='bbox 1247 3577 1333 3643; x_wconf 91' lang='lat' dir='ltr'>dum</span> <span class='ocrx_word' id='word_1_506' title='bbox 1355 3575 1538 3646; x_wconf 89' lang='lat' dir='ltr'>interitum</span> <span class='ocrx_word' id='word_1_507' title='bbox 1560 3577 1744 3646; x_wconf 89' lang='lat' dir='ltr'>universae</span> <span class='ocrx_word' id='word_1_508' title='bbox 1759 3571 1991 3666; x_wconf 87' lang='lat' dir='ltr'>Reipublicae</span> <span class='ocrx_word' id='word_1_509' title='bbox 2015 3569 2230 3646; x_wconf 88' lang='lat' dir='ltr'>horribilem.</span> 
     </span>
     <span class='ocr_line' id='line_1_68' title="bbox 1247 3675 2230 3770; baseline 0 -28"><span class='ocrx_word' id='word_1_510' title='bbox 1247 3677 1365 3764; x_wconf 57' lang='lat' dir='ltr'>(inam</span> <span class='ocrx_word' id='word_1_511' title='bbox 1390 3677 1458 3746; x_wconf 89' lang='lat' dir='ltr'>late</span> <span class='ocrx_word' id='word_1_512' title='bbox 1480 3691 1677 3767; x_wconf 88' lang='lat' dir='ltr'>grassatur,</span> <span class='ocrx_word' id='word_1_513' title='bbox 1708 3691 1876 3770; x_wconf 89' lang='lat' dir='ltr'>quantam</span> <span class='ocrx_word' id='word_1_514' title='bbox 1900 3676 2132 3747; x_wconf 83' lang='lat' dir='ltr'>vastationem</span> <span class='ocrx_word' id='word_1_515' title='bbox 2155 3675 2230 3743; x_wconf 86' lang='lat' dir='ltr'>sarit</span> 
     </span>
    </p>
   </div>
   <div class='ocr_carea' id='block_1_15' title="bbox 1246 3773 2294 3950">
    <p class='ocr_par' dir='ltr' id='par_1_19' title="bbox 1246 3773 2294 3950">
     <span class='ocr_line' id='line_1_69' title="bbox 1246 3773 2294 3862; baseline 0.006 -18"><span class='ocrx_word' id='word_1_516' title='bbox 1246 3775 1398 3847; x_wconf 68' lang='lat' dir='ltr'>&#39;l&#39;urcica</span> <span class='ocrx_word' id='word_1_517' title='bbox 1421 3775 1639 3862; x_wconf 85' lang='lat' dir='ltr'>immanitas,</span> <span class='ocrx_word' id='word_1_518' title='bbox 1670 3779 1739 3846; x_wconf 90' lang='lat' dir='ltr'>iam</span> <span class='ocrx_word' id='word_1_519' title='bbox 1761 3778 1867 3846; x_wconf 91' lang='lat' dir='ltr'>etiam</span> <span class='ocrx_word' id='word_1_520' title='bbox 1888 3777 2020 3848; x_wconf 89' lang='lat' dir='ltr'>nostris</span> <span class='ocrx_word' id='word_1_521' title='bbox 2041 3777 2230 3847; x_wconf 86' lang='lat' dir='ltr'>cervicibus</span> <span class='ocrx_word' id='word_1_522' title='bbox 2293 3773 2294 3850; x_wconf 71' lang='lat' dir='ltr'>l</span> 
     </span>
     <span class='ocr_line' id='line_1_70' title="bbox 1246 3869 2294 3950; baseline -0.002 -5"><span class='ocrx_word' id='word_1_523' title='bbox 1246 3876 1462 3946; x_wconf 81' lang='lat' dir='ltr'>imminens?</span> <span class='ocrx_word' id='word_1_524' title='bbox 1510 3877 1567 3948; x_wconf 86' lang='lat' dir='ltr'>Ad</span> <span class='ocrx_word' id='word_1_525' title='bbox 1589 3873 1676 3948; x_wconf 90' lang='lat' dir='ltr'>haec</span> <span class='ocrx_word' id='word_1_526' title='bbox 1699 3881 1870 3949; x_wconf 87' lang='lat' dir='ltr'>accedunt</span> <span class='ocrx_word' id='word_1_527' title='bbox 1892 3879 2142 3950; x_wconf 89' lang='lat' dir='ltr'>intestinorum</span> <span class='ocrx_word' id='word_1_528' title='bbox 2158 3901 2229 3944; x_wconf 88' lang='lat' dir='ltr'>mo-</span> <span class='ocrx_word' id='word_1_529' title='bbox 2293 3869 2294 3906; x_wconf 61' lang='lat'><strong>³</strong></span> 
     </span>
    </p>
   </div>
   <div class='ocr_carea' id='block_1_16' title="bbox 1245 3979 2229 4679">
    <p class='ocr_par' dir='ltr' id='par_1_20' title="bbox 1245 3979 2229 4679">
     <span class='ocr_line' id='line_1_71' title="bbox 1246 3979 2229 4071; baseline -0.005 -22"><span class='ocrx_word' id='word_1_530' title='bbox 1246 3993 1347 4049; x_wconf 87' lang='lat' dir='ltr'>tuum</span> <span class='ocrx_word' id='word_1_531' title='bbox 1371 3993 1503 4062; x_wconf 89' lang='lat' dir='ltr'>metus,</span> <span class='ocrx_word' id='word_1_532' title='bbox 1540 3993 1580 4050; x_wconf 92' lang='lat' dir='ltr'>ut</span> <span class='ocrx_word' id='word_1_533' title='bbox 1601 3995 1732 4050; x_wconf 88' lang='lat' dir='ltr'>taceam</span> <span class='ocrx_word' id='word_1_534' title='bbox 1756 3981 1824 4048; x_wconf 89' lang='lat' dir='ltr'>alia</span> <span class='ocrx_word' id='word_1_535' title='bbox 1846 3979 1999 4070; x_wconf 86' lang='lat' dir='ltr'>pericula</span> <span class='ocrx_word' id='word_1_536' title='bbox 2022 3979 2229 4071; x_wconf 89' lang='lat' dir='ltr'>persecutio-</span> 
     </span>
     <span class='ocr_line' id='line_1_72' title="bbox 1246 4078 2228 4174; baseline -0.002 -28"><span class='ocrx_word' id='word_1_537' title='bbox 1246 4103 1353 4163; x_wconf 91' lang='lat' dir='ltr'>num,</span> <span class='ocrx_word' id='word_1_538' title='bbox 1377 4093 1412 4149; x_wconf 90' lang='lat' dir='ltr'>et</span> <span class='ocrx_word' id='word_1_539' title='bbox 1431 4083 1658 4151; x_wconf 80' lang='lat' dir='ltr'>acerbitatum</span> <span class='ocrx_word' id='word_1_540' title='bbox 1682 4081 1798 4150; x_wconf 90' lang='lat' dir='ltr'>omnis</span> <span class='ocrx_word' id='word_1_541' title='bbox 1813 4083 1969 4170; x_wconf 88' lang='lat' dir='ltr'>generis,</span> <span class='ocrx_word' id='word_1_542' title='bbox 1991 4081 2122 4174; x_wconf 89' lang='lat' dir='ltr'>quibus</span> <span class='ocrx_word' id='word_1_543' title='bbox 2137 4078 2228 4150; x_wconf 91' lang='lat' dir='ltr'>duri-</span> 
     </span>
     <span class='ocr_line' id='line_1_73' title="bbox 1246 4178 2225 4275; baseline -0.003 -26"><span class='ocrx_word' id='word_1_544' title='bbox 1246 4193 1300 4249; x_wconf 85' lang='lat' dir='ltr'>ter</span> <span class='ocrx_word' id='word_1_545' title='bbox 1314 4179 1692 4252; x_wconf 87' lang='lat' dir='ltr'>concutitancclesia.</span> <span class='ocrx_word' id='word_1_546' title='bbox 1746 4179 1787 4250; x_wconf 93' lang='lat' dir='ltr'>ln</span> <span class='ocrx_word' id='word_1_547' title='bbox 1803 4178 1857 4249; x_wconf 91' lang='lat' dir='ltr'>his</span> <span class='ocrx_word' id='word_1_548' title='bbox 1871 4183 1973 4251; x_wconf 91' lang='lat' dir='ltr'>malis</span> <span class='ocrx_word' id='word_1_549' title='bbox 1987 4183 2074 4275; x_wconf 91' lang='lat' dir='ltr'>quid</span> <span class='ocrx_word' id='word_1_550' title='bbox 2086 4203 2225 4273; x_wconf 90' lang='lat' dir='ltr'>usquam</span> 
     </span>
     <span class='ocr_line' id='line_1_74' title="bbox 1248 4278 2225 4376; baseline -0.003 -27"><span class='ocrx_word' id='word_1_551' title='bbox 1248 4281 1448 4354; x_wconf 89' lang='lat' dir='ltr'>ostenditur</span> <span class='ocrx_word' id='word_1_552' title='bbox 1479 4278 1684 4353; x_wconf 85' lang='lat' dir='ltr'>humanitus</span> <span class='ocrx_word' id='word_1_553' title='bbox 1709 4283 1858 4353; x_wconf 84' lang='lat' dir='ltr'>anxilii?</span> <span class='ocrx_word' id='word_1_554' title='bbox 1891 4297 1952 4354; x_wconf 93' lang='lat' dir='ltr'>aut</span> <span class='ocrx_word' id='word_1_555' title='bbox 1981 4307 2072 4376; x_wconf 91' lang='lat' dir='ltr'>quae</span> <span class='ocrx_word' id='word_1_556' title='bbox 2092 4286 2225 4353; x_wconf 89' lang='lat' dir='ltr'>tandem</span> 
     </span>
     <span class='ocr_line' id='line_1_75' title="bbox 1246 4380 2226 4476; baseline -0.006 -23"><span class='ocrx_word' id='word_1_557' title='bbox 1246 4383 1469 4453; x_wconf 87' lang='lat' dir='ltr'>consolatio?</span> <span class='ocrx_word' id='word_1_558' title='bbox 1502 4385 1570 4453; x_wconf 91' lang='lat' dir='ltr'>nisi</span> <span class='ocrx_word' id='word_1_559' title='bbox 1599 4380 1684 4454; x_wconf 90' lang='lat' dir='ltr'>haec</span> <span class='ocrx_word' id='word_1_560' title='bbox 1710 4407 1801 4467; x_wconf 89' lang='lat' dir='ltr'>una,</span> <span class='ocrx_word' id='word_1_561' title='bbox 1833 4399 2002 4476; x_wconf 89' lang='lat' dir='ltr'>tanquam</span> <span class='ocrx_word' id='word_1_562' title='bbox 2028 4397 2178 4453; x_wconf 85' lang='lat' dir='ltr'>extrema</span> <span class='ocrx_word' id='word_1_563' title='bbox 2197 4393 2226 4447; x_wconf 89' lang='lat' dir='ltr'>et</span> 
     </span>
     <span class='ocr_line' id='line_1_76' title="bbox 1246 4479 2225 4573; baseline -0.005 -19"><span class='ocrx_word' id='word_1_564' title='bbox 1246 4508 1340 4554; x_wconf 88' lang='lat' dir='ltr'>sacra</span> <span class='ocrx_word' id='word_1_565' title='bbox 1371 4479 1524 4553; x_wconf 89' lang='lat' dir='ltr'>anchora</span> <span class='ocrx_word' id='word_1_566' title='bbox 1553 4485 1700 4555; x_wconf 82' lang='lat' dir='ltr'>salutis?</span> <span class='ocrx_word' id='word_1_567' title='bbox 1751 4482 1858 4573; x_wconf 88' lang='lat' dir='ltr'>Quod</span> <span class='ocrx_word' id='word_1_568' title='bbox 1885 4483 1981 4555; x_wconf 89' lang='lat' dir='ltr'>Dens</span> <span class='ocrx_word' id='word_1_569' title='bbox 2005 4499 2124 4555; x_wconf 87' lang='lat' dir='ltr'>tamen</span> <span class='ocrx_word' id='word_1_570' title='bbox 2148 4505 2225 4552; x_wconf 93' lang='lat' dir='ltr'>con·</span> 
     </span>
     <span class='ocr_line' id='line_1_77' title="bbox 1245 4581 2224 4679; baseline -0.007 -23"><span class='ocrx_word' id='word_1_571' title='bbox 1245 4600 1447 4656; x_wconf 86' lang='lat' dir='ltr'>servaturus</span> <span class='ocrx_word' id='word_1_572' title='bbox 1470 4587 1515 4655; x_wconf 88' lang='lat' dir='ltr'>sit</span> <span class='ocrx_word' id='word_1_573' title='bbox 1537 4587 1692 4679; x_wconf 77' lang='lat' dir='ltr'>atiquan</span> <span class='ocrx_word' id='word_1_574' title='bbox 1714 4581 1926 4671; x_wconf 87' lang='lat' dir='ltr'>Ecclesiam,</span> <span class='ocrx_word' id='word_1_575' title='bbox 1951 4587 2041 4656; x_wconf 89' lang='lat' dir='ltr'>sicut</span> <span class='ocrx_word' id='word_1_576' title='bbox 2063 4597 2224 4658; x_wconf 85' lang='lat' dir='ltr'>testantur</span> 
     </span>
    </p>
   </div>
   <div class='ocr_carea' id='block_1_17' title="bbox 204 4679 2250 5182">
    <p class='ocr_par' dir='ltr' id='par_1_21' title="bbox 205 4679 2223 4980">
     <span class='ocr_line' id='line_1_78' title="bbox 206 4679 2223 4781; baseline 0.002 -31"><span class='ocrx_word' id='word_1_577' title='bbox 206 4695 245 4750; x_wconf 92' lang='lat' dir='ltr'>ut</span> <span class='ocrx_word' id='word_1_578' title='bbox 267 4680 351 4748; x_wconf 91' lang='lat' dir='ltr'>inde</span> <span class='ocrx_word' id='word_1_579' title='bbox 370 4694 593 4748; x_wconf 89' lang='lat' dir='ltr'>sumerentur</span> <span class='ocrx_word' id='word_1_580' title='bbox 607 4679 775 4750; x_wconf 88' lang='lat' dir='ltr'>Doctores</span> <span class='ocrx_word' id='word_1_581' title='bbox 795 4699 825 4752; x_wconf 90' lang='lat' dir='ltr'>et</span> <span class='ocrx_word' id='word_1_582' title='bbox 843 4683 1002 4756; x_wconf 89' lang='lat' dir='ltr'>Pastores</span> <span class='ocrx_word' id='word_1_583' title='bbox 1017 4685 1193 4758; x_wconf 87' lang='lat' dir='ltr'>Ecclesia·</span> <span class='ocrx_word' id='word_1_584' title='bbox 1245 4687 1511 4778; x_wconf 89' lang='lat' dir='ltr'>promissiones:</span> <span class='ocrx_word' id='word_1_585' title='bbox 1545 4685 1623 4776; x_wconf 85' lang='lat' dir='ltr'>Ego</span> <span class='ocrx_word' id='word_1_586' title='bbox 1643 4687 1825 4756; x_wconf 88' lang='lat' dir='ltr'>vobiscum</span> <span class='ocrx_word' id='word_1_587' title='bbox 1851 4709 1928 4756; x_wconf 89' lang='lat' dir='ltr'>sum</span> <span class='ocrx_word' id='word_1_588' title='bbox 1952 4711 2066 4781; x_wconf 89' lang='lat' dir='ltr'>nsque</span> <span class='ocrx_word' id='word_1_589' title='bbox 2088 4688 2223 4756; x_wconf 87' lang='lat' dir='ltr'>adcon·</span> 
     </span>
     <span class='ocr_line' id='line_1_79' title="bbox 206 4775 2223 4882; baseline 0 -32"><span class='ocrx_word' id='word_1_590' title='bbox 206 4805 298 4850; x_wconf 87' lang='lat' dir='ltr'>rum.</span> <span class='ocrx_word' id='word_1_591' title='bbox 352 4778 427 4847; x_wconf 89' lang='lat' dir='ltr'>lmo</span> <span class='ocrx_word' id='word_1_592' title='bbox 441 4795 474 4849; x_wconf 89' lang='lat' dir='ltr'>et</span> <span class='ocrx_word' id='word_1_593' title='bbox 489 4775 650 4849; x_wconf 90' lang='lat' dir='ltr'>Christus</span> <span class='ocrx_word' id='word_1_594' title='bbox 668 4781 746 4852; x_wconf 91' lang='lat' dir='ltr'>ideo</span> <span class='ocrx_word' id='word_1_595' title='bbox 763 4786 822 4852; x_wconf 91' lang='lat' dir='ltr'>dat</span> <span class='ocrx_word' id='word_1_596' title='bbox 836 4781 1013 4857; x_wconf 83' lang='lat' dir='ltr'>Ecclesiae</span> <span class='ocrx_word' id='word_1_597' title='bbox 1029 4805 1193 4872; x_wconf 86' lang='lat' dir='ltr'>snac,nt</span> <span class='ocrx_word' id='word_1_598' title='bbox 1244 4787 1516 4858; x_wconf 87' lang='lat' dir='ltr'>summationem</span> <span class='ocrx_word' id='word_1_599' title='bbox 1539 4790 1658 4862; x_wconf 90' lang='lat' dir='ltr'>seculi.</span> <span class='ocrx_word' id='word_1_600' title='bbox 1711 4785 1815 4856; x_wconf 90' lang='lat' dir='ltr'>ltem:</span> <span class='ocrx_word' id='word_1_601' title='bbox 1847 4787 1930 4858; x_wconf 90' lang='lat' dir='ltr'>Non</span> <span class='ocrx_word' id='word_1_602' title='bbox 1951 4791 2149 4882; x_wconf 82' lang='lat' dir='ltr'>relinquam</span> <span class='ocrx_word' id='word_1_603' title='bbox 2168 4807 2223 4852; x_wconf 80' lang='lat' dir='ltr'>vos</span> 
     </span>
     <span class='ocr_line' id='line_1_80' title="bbox 205 4879 1532 4980; baseline 0.01 -31"><span class='ocrx_word' id='word_1_604' title='bbox 205 4881 256 4950; x_wconf 90' lang='lat' dir='ltr'>ait</span> <span class='ocrx_word' id='word_1_605' title='bbox 279 4879 488 4971; x_wconf 89' lang='lat' dir='ltr'>Apostolus,</span> <span class='ocrx_word' id='word_1_606' title='bbox 516 4879 696 4966; x_wconf 89' lang='lat' dir='ltr'>Pastores,</span> <span class='ocrx_word' id='word_1_607' title='bbox 728 4881 921 4970; x_wconf 87' lang='lat' dir='ltr'>Prophetas</span> <span class='ocrx_word' id='word_1_608' title='bbox 949 4903 983 4958; x_wconf 91' lang='lat' dir='ltr'>et</span> <span class='ocrx_word' id='word_1_609' title='bbox 1009 4887 1190 4975; x_wconf 91' lang='lat' dir='ltr'>Doctores,</span> <span class='ocrx_word' id='word_1_610' title='bbox 1245 4884 1443 4980; x_wconf 88' lang='lat' dir='ltr'>orphanos,</span> <span class='ocrx_word' id='word_1_611' title='bbox 1468 4903 1532 4962; x_wconf 88' lang='lat' dir='ltr'>etr.</span> 
     </span>
    </p>

    <p class='ocr_par' dir='ltr' id='par_1_22' title="bbox 204 4977 2250 5182">
     <span class='ocr_line' id='line_1_81' title="bbox 205 4977 2222 5080; baseline 0.001 -30"><span class='ocrx_word' id='word_1_612' title='bbox 205 4982 286 5073; x_wconf 90' lang='lat' dir='ltr'>quia</span> <span class='ocrx_word' id='word_1_613' title='bbox 305 4983 381 5052; x_wconf 89' lang='lat' dir='ltr'>vult</span> <span class='ocrx_word' id='word_1_614' title='bbox 399 4984 443 5050; x_wconf 89' lang='lat' dir='ltr'>ab</span> <span class='ocrx_word' id='word_1_615' title='bbox 462 4977 517 5049; x_wconf 89' lang='lat' dir='ltr'>his</span> <span class='ocrx_word' id='word_1_616' title='bbox 532 4977 724 5052; x_wconf 86' lang='lat' dir='ltr'>Ecclesiam</span> <span class='ocrx_word' id='word_1_617' title='bbox 742 4985 880 5057; x_wconf 85' lang='lat' dir='ltr'>institui</span> <span class='ocrx_word' id='word_1_618' title='bbox 896 5011 935 5056; x_wconf 89' lang='lat' dir='ltr'>ac</span> <span class='ocrx_word' id='word_1_619' title='bbox 952 4991 1088 5073; x_wconf 89' lang='lat' dir='ltr'>doceri,</span> <span class='ocrx_word' id='word_1_620' title='bbox 1115 4994 1193 5062; x_wconf 90' lang='lat' dir='ltr'>vult</span> <span class='ocrx_word' id='word_1_621' title='bbox 1346 4987 1416 5060; x_wconf 90' lang='lat' dir='ltr'>Sed</span> <span class='ocrx_word' id='word_1_622' title='bbox 1438 5017 1517 5060; x_wconf 92' lang='lat' dir='ltr'>cum</span> <span class='ocrx_word' id='word_1_623' title='bbox 1542 4985 1632 5058; x_wconf 90' lang='lat' dir='ltr'>mihi</span> <span class='ocrx_word' id='word_1_624' title='bbox 1649 4993 1814 5060; x_wconf 90' lang='lat' dir='ltr'>mandato</span> <span class='ocrx_word' id='word_1_625' title='bbox 1832 4991 2053 5080; x_wconf 83' lang='lat' dir='ltr'>superiorum</span> <span class='ocrx_word' id='word_1_626' title='bbox 2072 4987 2222 5080; x_wconf 91' lang='lat' dir='ltr'>imposita</span> 
     </span>
     <span class='ocr_line' id='line_1_82' title="bbox 204 5083 2250 5182; baseline 0.004 -33"><span class='ocrx_word' id='word_1_627' title='bbox 204 5084 495 5172; x_wconf 87' lang='lat' dir='ltr'>praepararieos,</span> <span class='ocrx_word' id='word_1_628' title='bbox 521 5083 583 5175; x_wconf 89' lang='lat' dir='ltr'>qui</span> <span class='ocrx_word' id='word_1_629' title='bbox 601 5085 822 5172; x_wconf 88' lang='lat' dir='ltr'>praeficiendi</span> <span class='ocrx_word' id='word_1_630' title='bbox 839 5103 921 5159; x_wconf 89' lang='lat' dir='ltr'>sunt</span> <span class='ocrx_word' id='word_1_631' title='bbox 935 5087 1121 5176; x_wconf 86' lang='lat' dir='ltr'>Ecclesiis,</span> <span class='ocrx_word' id='word_1_632' title='bbox 1146 5117 1192 5162; x_wconf 92' lang='lat' dir='ltr'>ne</span> <span class='ocrx_word' id='word_1_633' title='bbox 1244 5091 1288 5159; x_wconf 90' lang='lat' dir='ltr'>sit</span> <span class='ocrx_word' id='word_1_634' title='bbox 1310 5092 1495 5160; x_wconf 89' lang='lat' dir='ltr'>necessitas</span> <span class='ocrx_word' id='word_1_635' title='bbox 1518 5088 1685 5160; x_wconf 90' lang='lat' dir='ltr'>hocloco</span> <span class='ocrx_word' id='word_1_636' title='bbox 1709 5092 1871 5174; x_wconf 89' lang='lat' dir='ltr'>dicendi,</span> <span class='ocrx_word' id='word_1_637' title='bbox 1897 5115 1962 5160; x_wconf 92' lang='lat' dir='ltr'>nec</span> <span class='ocrx_word' id='word_1_638' title='bbox 1987 5093 2091 5162; x_wconf 81' lang='lat' dir='ltr'>liceat</span> <span class='ocrx_word' id='word_1_639' title='bbox 2114 5087 2222 5182; x_wconf 89' lang='lat' dir='ltr'>publi·</span> <span class='ocrx_word' id='word_1_640' title='bbox 2249 5171 2250 5176; x_wconf 5' lang='grc' dir='ltr'>ἵ</span> 
     </span>
    </p>
   </div>
   <div class='ocr_carea' id='block_1_18' title="bbox 81 5185 2221 5286">
    <p class='ocr_par' dir='ltr' id='par_1_23' title="bbox 81 5185 2221 5286">
     <span class='ocr_line' id='line_1_83' title="bbox 81 5185 2221 5286; baseline 0.003 -36"><span class='ocrx_word' id='word_1_641' title='bbox 81 5193 87 5208; x_wconf 85' lang='grc'><em>·</em></span> <span class='ocrx_word' id='word_1_642' title='bbox 206 5185 372 5254; x_wconf 89' lang='lat' dir='ltr'>accedant</span> <span class='ocrx_word' id='word_1_643' title='bbox 399 5207 543 5274; x_wconf 87' lang='lat' dir='ltr'>prorsus</span> <span class='ocrx_word' id='word_1_644' title='bbox 572 5185 706 5254; x_wconf 90' lang='lat' dir='ltr'>indocti</span> <span class='ocrx_word' id='word_1_645' title='bbox 736 5201 796 5256; x_wconf 91' lang='lat' dir='ltr'>aut</span> <span class='ocrx_word' id='word_1_646' title='bbox 820 5189 992 5278; x_wconf 85' lang='lat' dir='ltr'>imperiti,</span> <span class='ocrx_word' id='word_1_647' title='bbox 1025 5193 1086 5284; x_wconf 91' lang='lat' dir='ltr'>qui</span> <span class='ocrx_word' id='word_1_648' title='bbox 1111 5217 1190 5262; x_wconf 89' lang='lat' dir='ltr'>cnm</span> <span class='ocrx_word' id='word_1_649' title='bbox 1244 5191 1568 5268; x_wconf 84' lang='lat' dir='ltr'>camautoritatem</span> <span class='ocrx_word' id='word_1_650' title='bbox 1593 5195 1796 5262; x_wconf 89' lang='lat' dir='ltr'>detrectare.</span> <span class='ocrx_word' id='word_1_651' title='bbox 1851 5190 2221 5286; x_wconf 78' lang='lat' dir='ltr'>Etsiundiqueargn·</span> 
     </span>
    </p>
   </div>
   <div class='ocr_carea' id='block_1_19' title="bbox 206 5285 2219 5487">
    <p class='ocr_par' dir='ltr' id='par_1_24' title="bbox 206 5285 2219 5487">
     <span class='ocr_line' id='line_1_84' title="bbox 207 5285 2219 5387; baseline 0.006 -36"><span class='ocrx_word' id='word_1_652' title='bbox 207 5305 272 5351; x_wconf 90' lang='lat' dir='ltr'>nec</span> <span class='ocrx_word' id='word_1_653' title='bbox 287 5285 375 5353; x_wconf 89' lang='lat' dir='ltr'>alios</span> <span class='ocrx_word' id='word_1_654' title='bbox 390 5286 585 5370; x_wconf 85' lang='lat' dir='ltr'>audierint,</span> <span class='ocrx_word' id='word_1_655' title='bbox 610 5299 643 5356; x_wconf 91' lang='lat' dir='ltr'>et</span> <span class='ocrx_word' id='word_1_656' title='bbox 656 5287 728 5355; x_wconf 92' lang='lat' dir='ltr'>sint</span> <span class='ocrx_word' id='word_1_657' title='bbox 742 5288 818 5357; x_wconf 89' lang='lat' dir='ltr'>sine</span> <span class='ocrx_word' id='word_1_658' title='bbox 832 5291 906 5359; x_wconf 93' lang='lat' dir='ltr'>ullo</span> <span class='ocrx_word' id='word_1_659' title='bbox 923 5315 990 5360; x_wconf 91' lang='lat' dir='ltr'>usu</span> <span class='ocrx_word' id='word_1_660' title='bbox 1005 5294 1192 5384; x_wconf 89' lang='lat' dir='ltr'>spirituali,</span> <span class='ocrx_word' id='word_1_661' title='bbox 1243 5303 1403 5360; x_wconf 89' lang='lat' dir='ltr'>mentum</span> <span class='ocrx_word' id='word_1_662' title='bbox 1418 5317 1567 5384; x_wconf 90' lang='lat' dir='ltr'>quaero,</span> <span class='ocrx_word' id='word_1_663' title='bbox 1590 5305 1707 5363; x_wconf 86' lang='lat' dir='ltr'>tamen</span> <span class='ocrx_word' id='word_1_664' title='bbox 1724 5317 1936 5387; x_wconf 91' lang='lat' dir='ltr'>quocunque</span> <span class='ocrx_word' id='word_1_665' title='bbox 1952 5319 2006 5364; x_wconf 88' lang='lat' dir='ltr'>me</span> <span class='ocrx_word' id='word_1_666' title='bbox 2020 5309 2130 5374; x_wconf 81' lang='lat' dir='ltr'>verto,</span> <span class='ocrx_word' id='word_1_667' title='bbox 2154 5311 2219 5358; x_wconf 81' lang='lat' dir='ltr'>non</span> 
     </span>
     <span class='ocr_line' id='line_1_85' title="bbox 206 5381 2218 5487; baseline 0.003 -34"><span class='ocrx_word' id='word_1_668' title='bbox 206 5396 326 5453; x_wconf 67' lang='lat' dir='ltr'>umen</span> <span class='ocrx_word' id='word_1_669' title='bbox 344 5381 415 5451; x_wconf 90' lang='lat' dir='ltr'>sibi</span> <span class='ocrx_word' id='word_1_670' title='bbox 431 5385 599 5456; x_wconf 85' lang='lat' dir='ltr'>videntur</span> <span class='ocrx_word' id='word_1_671' title='bbox 613 5383 895 5476; x_wconf 75' lang='lat' dir='ltr'>ericodt&#39;dotxcot,</span> <span class='ocrx_word' id='word_1_672' title='bbox 922 5407 956 5462; x_wconf 87' lang='lat' dir='ltr'>et</span> <span class='ocrx_word' id='word_1_673' title='bbox 970 5405 1101 5463; x_wconf 90' lang='lat' dir='ltr'>temere</span> <span class='ocrx_word' id='word_1_674' title='bbox 1115 5397 1191 5464; x_wconf 90' lang='lat' dir='ltr'>sine</span> <span class='ocrx_word' id='word_1_675' title='bbox 1213 5387 1220 5485; x_wconf 76' lang='lat' dir='ltr'>l</span> <span class='ocrx_word' id='word_1_676' title='bbox 1243 5401 1386 5486; x_wconf 79' lang='lat' dir='ltr'>possum</span> <span class='ocrx_word' id='word_1_677' title='bbox 1410 5395 1568 5466; x_wconf 90' lang='lat' dir='ltr'>animum</span> <span class='ocrx_word' id='word_1_678' title='bbox 1590 5409 1625 5466; x_wconf 93' lang='lat' dir='ltr'>et</span> <span class='ocrx_word' id='word_1_679' title='bbox 1646 5397 1892 5487; x_wconf 89' lang='lat' dir='ltr'>cogitationem</span> <span class='ocrx_word' id='word_1_680' title='bbox 1910 5396 2084 5467; x_wconf 88' lang='lat' dir='ltr'>abducere</span> <span class='ocrx_word' id='word_1_681' title='bbox 2101 5396 2143 5466; x_wconf 89' lang='lat' dir='ltr'>ab</span> <span class='ocrx_word' id='word_1_682' title='bbox 2158 5387 2218 5460; x_wconf 80' lang='lat' dir='ltr'>Ec-</span> 
     </span>
    </p>
   </div>
   <div class='ocr_carea' id='block_1_20' title="bbox 0 0 2312 5813">
    <p class='ocr_par' dir='ltr' id='par_1_25' title="bbox 0 0 2312 5813">
     <span class='ocr_line' id='line_1_86' title="bbox 0 0 2312 5813; baseline 0 0"><span class='ocrx_word' id='word_1_683' title='bbox 0 0 2312 5813; x_wconf 95' lang='lat' dir='ltr'> </span> 
     </span>
    </p>
   </div>
  </div>
 </body>
</html>
