4614 5820
83 261 145 344 ur
553 245 712 327 nucu.
743 243 819 324 ou
852 234 1256 324 ruruauronu
1286 223 1549 354 orrouu'
1569 241 1597 316 r.
2017 231 2094 326 sta

81 433 186 520 cessit,
215 428 293 506 Rex
319 423 536 502 Germaniae
564 437 618 496 est
652 421 881 504 constitutus,
923 420 1053 494 deinde
1104 417 1148 488 ad
1166 405 1337 488 Ottouem
1354 415 1505 486 delatam
1521 417 1564 486 ad
1580 437 1617 486 se
1633 400 1810 508 pertinere
1825 417 2095 510 arbitrarentur,

80 552 186 610 nactus
200 552 343 605 uxorem
357 527 585 620 Imperatoris
599 523 819 600 Graecorum
835 523 1051 596 Ioannisso-
1103 513 1232 591 Ottoni
1260 541 1335 586 non
1371 531 1472 587 erant
1501 517 1617 589 amici.
1678 515 1773 590 Hinc
1796 521 1927 591 lactum
1951 537 2020 605 est,
2053 537 2094 596 ut

79 661 179 710 rorem
203 627 485 724 Theophaniam.
548 627 665 700 Taceo
688 626 845 722 reliquos
856 623 1052 717 Principes,
1101 644 1181 692 eum
1198 612 1366 688 Bohemis
1381 619 1584 712 quindecim
1598 642 1711 688 annos
1722 621 1944 693 continenter
1958 625 2091 696 bellum

78 759 214 833 quorum
230 732 478 828 propinquitas
501 730 615 804 multa
633 723 763 800 Ottoni
786 730 830 800 ad
853 729 991 820 copiam
1017 738 1053 796 et
1101 721 1263 813 gesserit,
1308 734 1454 813 propter
1500 721 1770 811 amplitudinem
1815 723 2092 822 gravitatemque

77 844 115 912 ad
131 861 209 910 usus
229 835 455 928 largiebatur.
1101 823 1253 894 civitatis
1274 819 1467 892 Bobemiae
1488 823 1620 907 multo,
1645 847 1749 917 quam
1765 849 1860 896 nunc
1881 839 1952 912 est,
1976 832 2092 902 maio.

164 931 610 1030 Imperatorllomanorum
627 927 946 1011 etGermanorum‚
967 951 1053 1020 pro-
1101 949 1187 996 rem.
1226 921 1317 994 Cum
1332 921 1484 1014 Ungaris
1499 923 1687 996 Saxoniaru
1703 926 1968 1019 stipendiariam
1978 931 2091 1002 laetu-

77 1058 143 1135 pter
155 1041 325 1131 insignem
340 1034 482 1106 vinutis
495 1033 722 1127 opinionem,
743 1031 858 1102 dictus
872 1044 957 1103 esta
974 1055 1052 1099 rno-
1102 1027 1169 1111 ris,
1194 1026 1290 1118 quod
1314 1025 1448 1094 inimici
1474 1025 1611 1118 imperii
1629 1024 1784 1098 Romani
1805 1054 1884 1099 cum
1909 1027 2006 1120 patre
2021 1029 2092 1104 Ot-

77 1146 176 1214 rituro
198 1153 297 1234 patre
321 1135 490 1208 Henrieo.
547 1133 734 1228 Quotquot
761 1133 860 1221 ,enim
884 1131 1052 1203 Carolum
1102 1124 1367 1200 tonisHenrico
1386 1127 1507 1196 eadem
1531 1130 1575 1196 de
1598 1151 1698 1198 causa
1722 1132 2088 1224 armisquoqueeon-
2201 1185 2203 1192 ·

77 1243 234 1334 Magnum
250 1250 530 1326 antecesserunt,
556 1250 590 1308 et
606 1235 714 1306 secuti
730 1248 813 1306 sunt
828 1234 916 1304 boni
935 1233 1050 1324 Impe-
1103 1227 1317 1312 tendissent,
1351 1227 1473 1298 diuet
1504 1229 1631 1300 acriter
1657 1231 1916 1326 decertaverit,
1957 1233 2089 1325 Magna

77 1359 321 1436 ratoresusque
343 1343 387 1410 ad
402 1353 561 1430 tempora
580 1333 726 1410 Ottonis
747 1336 860 1422 tertii,
885 1359 959 1404 non
977 1358 1052 1403 am·
1102 1332 1208 1401 etiam
1231 1331 1324 1420 apud
1349 1353 1472 1398 omnes
1496 1325 1602 1399 hodie
1622 1331 1791 1402 autoritas
1816 1347 1867 1404 est
1891 1334 1965 1406 eius
1991 1339 2090 1423 belli,

77 1448 198 1518 bitione
220 1442 278 1539 (ut
300 1441 460 1536 plerique
476 1441 709 1530 Imperatores
735 1435 880 1533 Graeci)
897 1439 955 1506 sed
973 1434 1053 1525 opi·
1103 1433 1141 1501 in
1158 1455 1228 1524 quo
1245 1431 1389 1520 triginta
1404 1433 1541 1500 duabus
1556 1432 1754 1521 legionibus
1768 1459 1808 1503 ex
1824 1436 1921 1504 omni
1936 1435 2090 1510 Saxonia

78 1543 376 1634 nionesingularis
393 1541 620 1634 prudentiae,
652 1539 828 1624 iustitiae,
852 1551 1053 1630 temperan-
1103 1532 1249 1618 coactis,
1283 1557 1363 1602 cum
1386 1529 1538 1622 Hugone
1566 1531 1752 1604 Gallorum
1783 1537 1887 1618 duce,
1917 1561 2089 1610 novarum

78 1650 152 1732 tiae,
175 1646 364 1737 imperium
387 1644 464 1714 sine
480 1642 667 1714 autoritate
688 1637 869 1710 Pontificis
885 1639 1053 1709 obtinue-
1102 1657 1240 1718 rerum,
1261 1647 1295 1705 et
1311 1634 1427 1723 magni
1447 1633 1586 1725 imperii
1604 1631 1661 1731 (ut
1676 1649 1728 1706 est
1743 1635 1936 1731 Gallorum
1948 1639 2091 1738 natura)

77 1763 161 1824 mnt,
209 1746 327 1836 Quam
351 1745 495 1838 quidem
510 1740 800 1814 consuetudinem
817 1741 879 1810 etsi
901 1740 1054 1830 accepis-
1102 1734 1332 1828 cupidissimo
1348 1735 1517 1810 conilixit.
1908 1735 1911 1742 “

79 1865 153 1922 seta
168 1848 363 1918 maioribus
379 1841 490 1928 Ouo,
513 1858 652 1928 tamen,
677 1844 773 1936 quod
788 1855 967 1912 vereretur
979 1841 1054 1908 lor·
1202 1835 1283 1906 Non
1296 1839 1414 1914 minus
1435 1837 1629 1926 etiamrem
1652 1842 1696 1908 ad
1712 1863 1807 1908 arma
1824 1841 1952 1912 deduci
1971 1845 2090 1916 stude-

79 1965 157 2022 tasse
183 1947 478 2028 existimationem
518 1945 731 2030 multorum,
770 1943 901 2036 quibus
933 1963 1053 2012 errore
1104 1939 1191 2008 bant
1207 1931 1353 2008 Ottonis
1368 1939 1573 2024 necessarii,
1601 1939 1637 2006 in
1656 1941 1784 2034 quibus
1802 1943 1970 2014 maiorem
1986 1948 2090 2017 Iidem

78 2053 216 2145 quodam
243 2061 489 2140 persuaserant
519 2045 618 2130 Itali,
655 2067 730 2114 non
765 2038 948 2114 habendos
981 2062 1055 2111 esse
1104 2062 1178 2108 esse
1206 2039 1374 2128 oportuit.
1441 2039 1530 2109 Nam
1560 2041 1654 2133 quod
1682 2041 1876 2135 Imperator
1906 2044 2092 2118 Conradus

13 2147 15 2166 '
78 2175 212 2222 numero
236 2149 484 2222 Romanorum
505 2145 762 2238 Imperatorum
788 2158 922 2238 patrem
946 2140 1054 2214 Otto·
1104 2141 1258 2232 primus,
1284 2139 1459 2226 Francus,
1485 2141 1700 2212 discessurus
1716 2145 1967 2235 Imperatorem
1982 2151 2091 2219 dixis-

79 2254 141 2336 uis,
161 2250 357 2320 Henricum
375 2249 551 2340 primum,
576 2259 630 2332 ct,
655 2247 718 2341 qui
737 2240 834 2316 huuc
858 2245 1054 2329 antecessit,
1105 2256 1175 2326 set,
1207 2263 1280 2310 non
1315 2243 1459 2311 fratrem
1497 2239 1747 2314 Evcrhardum
1778 2245 1998 2332 Palatinum,
2031 2253 2092 2321 sed

78 2351 270 2424 Conradum
293 2349 488 2430 Frentum,
521 2349 605 2442 quia
632 2347 856 2432 autoritatem
879 2345 1055 2440 pontilicis
1105 2341 1299 2413 Henricum
1317 2343 1490 2433 primum,
1517 2357 1649 2434 patrem
1667 2341 1813 2416 Ottonis
1829 2350 1954 2440 primi,
1980 2353 2042 2422 diu
2057 2367 2092 2424 et
2165 2419 2169 2431 ,

79 2454 317 2544 neglexissent,
350 2450 609 2542 cumprimum
636 2462 738 2540 pater
761 2445 937 2519 Henrieus
959 2470 1057 2516 mor·
1105 2444 1233 2514 acriter
1253 2457 1446 2534 pugnatum
1468 2457 1519 2514 est
1540 2447 1707 2516 adversus
1729 2443 1900 2518 Ottonem
1918 2453 1963 2522 ab
1979 2450 2091 2534 Ever-

13 2617 14 2630 ,
80 2570 149 2626 tuus
160 2569 268 2636 esset,
292 2565 481 2623 coronatus
501 2545 591 2622 Otto
605 2571 625 2619 a
640 2572 778 2620 summo
794 2548 1055 2620 Germanorum
1106 2541 1218 2614 hardu
1241 2557 1275 2614 et
1289 2539 1435 2615 Ottouis
1449 2545 1557 2615 fratre
1573 2544 1749 2632 IIeurieo,
1774 2550 1835 2641 qui
1852 2565 1973 2643 captus
1993 2569 2027 2625 et
2050 2579 2091 2625 ex

80 2657 232 2748 pontifice
258 2652 473 2744 Magontino
493 2649 702 2722 Hildeberto
725 2645 917 2735 monacho,
943 2649 1056 2718 excel·
1107 2643 1297 2718 Germanis
1318 2645 1489 2716 abductus
1511 2671 1530 2715 a
1555 2645 1689 2731 Gallis,
1722 2667 1946 2725 consenserat
1966 2657 2092 2726 adver-

79 2758 154 2828 Ienti
170 2755 332 2828 doctrina
347 2753 525 2846 praedito,
543 2749 777 2845 Aquisgrani‚
803 2749 939 2822 Romae
950 2751 1056 2820 ctiam
1106 2771 1166 2818 sus
1181 2748 1324 2816 fratrem
1342 2771 1421 2816 eum
1442 2743 1625 2835 hostibus,
1657 2775 1840 2841 persuasus
1856 2779 1930 2824 non
1949 2758 2092 2828 difficile

80 2881 233 2929 coronam
251 2855 395 2946 imperii
415 2853 548 2944 accepit
569 2875 588 2922 a
607 2851 728 2922 Leone
743 2865 880 2922 octavo.
1107 2871 1198 2934 esse,
1222 2847 1376 2917 obtineri
1392 2871 1409 2916 a
1425 2873 1461 2918 se
1477 2849 1681 2940 imperium,
1706 2849 1840 2925 Ottone
1855 2857 1962 2928 fratre
1975 2861 2092 2952 pulso.

168 2957 375 3029 Declaratus
403 2978 488 3025 vero
520 2953 715 3045 Imperator
735 2975 897 3044 regnasse
928 2951 1058 3024 dieitur
1107 2947 1278 3042 Reliquas
1300 2944 1482 3035 historias,
1513 2975 1558 3019 ne
1575 2953 1716 3042 longius
1733 2957 1778 3025 ab
1792 2956 1955 3030 instituto
1971 2961 2094 3033 videar

80 3081 200 3130 annum
219 3057 438 3128 tricesimum
460 3067 606 3128 sextum.
665 3053 787 3145 Longe
803 3055 841 3124 in
862 3049 930 3124 hoc
947 3053 1058 3143 magi·
1108 3053 1281 3148 digressus
1298 3073 1385 3135 esse,
1410 3064 1601 3142 praetereo.
1655 3052 1753 3125 Galli
1767 3072 1874 3144 certe,
1900 3065 1995 3154 quod
2010 3065 2093 3134 nul-

80 3174 179 3230 stratu
200 3159 380 3252 principes
414 3177 559 3234 suorum
588 3168 787 3246 temporum
816 3155 980 3226 excelluit
1001 3156 1059 3222 iu·
1107 3153 1142 3222 la
1165 3175 1267 3222 causa
1293 3149 1498 3244 Imperatori
1516 3155 1647 3224 bellum
1670 3158 1849 3243 iecissent,
1883 3165 2008 3235 merito
2029 3187 2092 3236 suo

13 3261 14 3264 ’
81 3261 161 3351 signi
176 3262 327 3353 pietate,
350 3257 486 3348 egregie
508 3255 620 3326 animi
644 3257 890 3348 magnitudine
914 3269 950 3326 et
972 3267 1059 3324 con·
1109 3256 1145 3322 in
1163 3249 1219 3322 his
1241 3253 1343 3322 bellis
1360 3255 1471 3324 multo
1486 3249 1694 3328 humiliores
1717 3260 1996 3358 infirmioresque
2011 3281 2094 3339 scrut

81 3363 217 3447 stantia,
250 3361 342 3430 mira
370 3358 555 3429 severitate
592 3358 685 3428 vitae
712 3359 846 3448 regiae,
875 3355 1060 3426 excellenti
1110 3355 1242 3438 effecti,
1266 3369 1338 3423 non
1364 3370 1481 3425 tamen
1507 3373 1648 3448 propter
1663 3361 1883 3432 clementiam
1899 3363 2093 3458 Imperato-

82 3463 232 3534 acumioe
261 3460 408 3540 mentis,
441 3458 631 3550 sapientia,
664 3459 821 3544 iusticia,
857 3459 1060 3543 clementia,
1108 3455 1158 3524 ris
1175 3450 1321 3524 Ottonis
1338 3459 1474 3525 redacta
1494 3455 1612 3527 Gallia
1636 3462 1673 3529 in
1698 3465 1937 3552 provinciam,
1961 3491 2026 3538 nec
2043 3469 2095 3540 ci-

83 3565 201 3655 quibus
225 3561 430 3632 uirtutibus
460 3553 545 3628 hinc
572 3561 688 3630 maior
721 3559 862 3636 accessit
890 3559 1061 3630 autoritas
1109 3556 1277 3627 vitatibus
1298 3557 1462 3646 imposito
1484 3558 1677 3650 stipendio,
1703 3587 1781 3632 eum
1807 3565 1861 3634 ius
1877 3567 1961 3636 belli
1977 3569 2095 3656 suerit,

13 3717 14 3720 ,
83 3665 196 3751 etiam,
224 3665 325 3757 quod
350 3662 461 3732 moles
482 3661 639 3752 corporis
666 3662 703 3730 iu
731 3656 867 3732 Ottonc
895 3683 935 3731 ea
961 3673 1060 3741 esset,
1109 3670 1151 3728 ut
1171 3657 1233 3752 qui
1253 3657 1437 3742 vicissent,
1463 3659 1526 3744 iis,
1552 3685 1639 3753 quos
1660 3657 1840 3750 vicissent,
1866 3671 2095 3760 quemadmo-

82 3789 162 3860 quae
190 3765 324 3854 regiam
352 3763 504 3832 maxime
531 3762 688 3834 decuerit
708 3763 933 3852 dignitatem,
965 3763 1061 3856 quod
1111 3762 1196 3829 dum
1209 3759 1355 3844 vellent,
1378 3759 1602 3851 imperarent.
1655 3763 1734 3854 Qua
1750 3769 1892 3859 quidem
1908 3771 2094 3844 clementia

83 3863 190 3957 capilli
205 3866 316 3950 cani,
328 3863 500 3956 prolixior
525 3864 652 3945 barba,
685 3859 826 3934 habitus
845 3863 998 3960 patrius,
1021 3876 1062 3934 ut
1110 3881 1195 3932 usus
1209 3873 1326 3950 postea
1343 3874 1394 3931 est
1409 3885 1487 3950 erga
1503 3859 1686 3936 Romanos
1707 3868 1830 3954 etiam,
1857 3895 2007 3964 quorum
2026 3873 2096 3946 Ita-

83 3969 135 4059 qui
152 3989 336 4060 nunquam
352 3965 398 4036 sit
413 3964 599 4056 peregrino
615 3987 709 4039 usus.
763 4033 766 4046 ,
1111 3963 1197 4032 liam
1218 3957 1313 4033 haud
1341 3965 1449 4032 dubie
1469 3965 1670 4055 vectigalem
1693 3969 1848 4056 lecisset,
1875 3987 1913 4043 ut
1938 3971 2095 4046 Galliam

177 4068 340 4138 Versavit
353 4063 449 4143 hune
465 4061 655 4150 Ottonem,
677 4080 859 4158 postquam
874 4067 1060 4156 imperium
1112 4062 1301 4154 potuisset,
1324 4064 1353 4133 si
1370 4059 1462 4132 nihil
1477 4080 1597 4136 corrtra
1615 4067 1788 4138 iusticiam
1806 4073 1926 4146 luisset
1940 4077 2096 4148 facturus
2114 4103 2117 4108 ’

84 4171 222 4261 adeptus
237 4181 343 4253 esset,
367 4167 406 4235 in
420 4166 527 4237 tantis
544 4167 833 4238 contentionibus
850 4181 884 4236 et
900 4166 1063 4256 certami-
1112 4164 1304 4253 redigendo
1324 4167 1390 4234 sub
1411 4166 1599 4256 imperium
1614 4191 1716 4240 suum
1735 4168 1883 4244 Italiam.
1936 4174 1984 4248 Ut
2001 4179 2095 4248 enim

85 4271 183 4340 nibus
213 4271 376 4354 fortuna,
406 4281 448 4340 ut
472 4281 616 4358 propter
640 4291 757 4338 rerum
781 4291 800 4336 a
830 4289 866 4336 se
888 4281 1064 4355 gestarum
1113 4264 1262 4359 quisque
1277 4266 1426 4335 maxime
1440 4279 1562 4357 potens
1576 4282 1645 4354 est,
1667 4271 1714 4341 ita
1731 4297 1810 4342 euru
1826 4277 1894 4346 late
1909 4279 2100 4350 dominan-

85 4372 378 4462 magnitudinem,
402 4370 590 4459 agnomine
607 4369 721 4440 dictus
736 4369 781 4440 sit
796 4365 884 4440 Otto
902 4367 1065 4458 Magnus,
1115 4367 1153 4434 di
1168 4367 1341 4457 cupiditas
1362 4368 1459 4456 angit
1479 4369 1671 4459 plurimum
1698 4387 1731 4444 et
1755 4376 1877 4465 agitat:
1923 4377 2019 4449 Tum
2034 4405 2098 4451 ne-

86 4469 315 4556 Uuiversalis,
347 4467 538 4560 Augustus.
599 4466 647 4540 Et
667 4469 795 4541 accidit
818 4465 1066 4554 certeOttoni,
1115 4491 1176 4537 mo
1197 4467 1320 4548 facile,
1354 4473 1448 4562 quod
1475 4471 1597 4558 sciam,
1631 4471 1946 4569 exprincipibusa
1969 4495 2100 4552 conatu

86 4577 173 4666 quod
196 4575 272 4644 lieri
294 4593 434 4642 necesse
451 4571 519 4642 luit
537 4571 575 4640 in
597 4571 705 4642 tantis
720 4571 976 4642 calamitatibus
989 4567 1063 4643 Ro-
1116 4569 1353 4660 amplificandi
1377 4571 1517 4661 imperii
1540 4587 1591 4644 est
1613 4575 1814 4662 deterritus,
1848 4582 1943 4674 quod
1967 4599 2026 4654 aut
2044 4585 2101 4652 ta»

85 4675 175 4744 mani
189 4674 351 4766 imperii,
375 4673 483 4746 illatis
497 4674 542 4742 ab
555 4671 724 4761 Ungaris,
747 4671 948 4756 Saracenis,
969 4671 1067 4742 Lou—
1102 4670 1243 4754 minis,
1265 4685 1327 4742 aut
1342 4691 1485 4754 manus,
1511 4687 1571 4743 aut
1588 4676 1774 4764 crurisaut
1788 4681 1931 4751 alterius
1950 4683 2101 4754 membri

88 4777 264 4864 gobardis,
297 4773 430 4855 Gallis,
463 4771 650 4858 Vandalis,
678 4775 818 4844 nullum
839 4774 946 4842 finem
971 4773 1068 4842 iniu-
1119 4773 1290 4842 iaeturam
1311 4772 1457 4844 lecisset
1516 4771 1616 4844 Talis
1638 4791 1688 4848 cst
1707 4779 1778 4849 fere
1800 4783 1960 4852 omnium
1979 4807 2101 4874 regum

87 4877 145 4946 riis
160 4873 297 4948 Ottone
320 4877 389 4946 iam
416 4873 632 4966 Imperatore
648 4875 806 4944 iaotmis:
833 4871 974 4944 llorum
995 4873 1069 4954 alii,
1119 4875 1282 4944 voluntas
1289 4923 1301 4958 ,
1327 4874 1390 4945 etsi
1406 4899 1480 4944 non
1497 4877 1657 4946 omnium
1674 4879 1753 4950 talis
1767 4883 1813 4954 sit
1827 4883 1984 4956 audacia.
2032 4884 2104 4954 Ve-

89 4981 177 5070 quod
198 4978 348 5071 imperio
374 4975 541 5048 Romano
570 4999 669 5049 suam
694 4975 888 5068 potentiam
916 4973 1070 5045 diminui
1120 4999 1200 5046 rum
1226 4969 1317 5046 Otto
1334 4970 1388 5046 Iris
1412 4978 1534 5062 rebus,
1559 4991 1634 5050 turn
1658 4981 1808 5054 aliorum
1828 5008 1970 5078 quoque
1988 5009 2105 5056 exem-

90 5080 263 5166 viderent,
296 5079 496 5161 fortunam,
529 5101 759 5170 quaeeunque
790 5077 978 5157 accideret,
1012 5099 1072 5146 er·
1121 5076 1208 5170 plis,
1239 5076 1321 5169 qui,
1349 5079 1475 5166 egressi
1498 5077 1635 5151 Italiam
1659 5093 1694 5154 et
1712 5081 1873 5170 Gallias,
1892 5085 1978 5156 belli
1992 5087 2107 5160 sortu-

91 5181 192 5270 periri
209 5182 432 5265 maluerunt,
456 5203 561 5272 quam
570 5175 817 5250 Ilomanorom
833 5178 980 5268 imperia
997 5199 1071 5248 sus—
1123 5199 1206 5247 uam
1221 5193 1341 5248 contra
1354 5180 1527 5252 iusticiam
1542 5182 1580 5250 in
1596 5180 1787 5255 Germania
1803 5199 2015 5276 tentassent,
2037 5189 2108 5260 mi-

92 5281 209 5354 tiuere.
272 5279 367 5366 Alii,
398 5303 551 5374 quonam
574 5279 736 5372 plerique
762 5280 948 5353 necessarii
974 5290 1075 5348 eram
1124 5281 1221 5374 nime
1242 5293 1379 5372 motus,
1409 5283 1569 5354 iusticiae
1589 5304 1672 5354 suae
1694 5297 1729 5357 et
1745 5287 1942 5361 autoritatis
1957 5290 2109 5362 multum

93 5397 123 5454 et
145 5383 397 5474 consanguinei
417 5375 582 5466 Ottonis,
619 5383 715 5473 quod
737 5403 912 5492 sommam
935 5379 1076 5472 imperii
1125 5380 1296 5453 iudicavit
1332 5382 1516 5522 iuterespe,
1552 5385 1760 5476 dignitatem
1787 5387 1944 5464 Romani
1970 5391 2112 5486 imperii
