4614 5820
226 277 301 352 aas
679 263 835 342 nucu.
881 261 956 338 ua
989 261 1155 338 nono
1186 261 1799 344 rnraaranrarronra
2177 239 2244 348 au

122 439 129 458 ’
228 461 381 520 catorem
397 447 469 514 irae
484 457 574 526 tuae,
599 441 710 510 lilium
727 453 828 510 tuum
843 461 882 508 ac
897 429 1120 532 ἱλαστήριον,
1144 431 1212 506 hoc
1262 435 1503 508 testimonium
1515 433 1690 508 citabatur
1703 439 1871 511 adversus
1878 437 2072 528 Christum,
2097 441 2156 514 bic
2170 469 2246 514 eon-

228 559 418 642 praeeuntc
439 545 635 622 sacerdote,
661 541 745 610 iussi
767 541 829 609 abs
845 552 879 609 tc
895 539 1045 630 petimus
1060 553 1093 608 et
1109 561 1214 627 expe·
1263 560 1384 608 sensus
1405 533 1601 622 Ecclesiae,
1630 551 1670 608 ut
1691 561 1788 608 nunc
1810 566 1937 612 vocare
1958 547 2087 614 solent.
2145 545 2196 615 lta
2215 561 2243 618 et

229 665 362 720 ctamus
376 646 525 728 veniam,
548 655 583 712 et
597 641 833 712 calamitatum
848 639 1114 729 mitigationem.
1154 637 1214 708 Tu
1264 639 1368 708 nobis
1395 661 1585 708 consensus
1607 637 1801 710 multorum
1825 643 2023 714 seculorum
2049 659 2083 715 et
2102 669 2245 734 magnac

226 749 408 842 pollicitus
428 759 496 829 est,
520 757 554 814 te
577 743 681 811 etiam
706 753 942 812 senescentem
955 737 1149 810 Ecclesiam
1174 739 1214 806 in
1263 738 1505 810 multitudinis
1518 739 1722 832 opponitur.
1768 739 1939 814 Necvero
1953 747 2114 816 ullusest
2129 748 2244 816 durior

228 852 309 920 alvo
339 862 399 917 tuo
431 859 645 935 gestaturum
675 865 757 916 esse.
810 837 931 930 Quare
960 863 1027 910 nos
1054 841 1093 908 in
1118 852 1214 910 tanta
1266 853 1454 934 tyrannus,
1486 863 1592 932 quam
1622 864 1742 924 error,
1773 845 1835 934 qui
1865 859 2010 936 propter
2034 847 2243 916 diuturnita-

228 949 433 1021 coniusione
452 945 704 1034 imperiorum,
729 945 767 1011 in
781 955 877 1012 tanta
892 941 1133 1012 imbecillitate
1147 963 1215 1008 no-
1264 954 1334 1012 tem
1359 941 1546 1030 temporis,
1571 940 1643 1010 iam
1664 941 1734 1012 alte
1754 945 1891 1014 radices
1905 948 1976 1035 egit
1990 948 2029 1014 in
2044 948 2173 1016 animis
2187 943 2248 1016 ho-

229 1066 320 1134 stra,
347 1063 380 1119 et
403 1049 499 1117 inter
521 1045 655 1115 diaboli
679 1039 901 1114 horribiliter
920 1043 1107 1132 grassantia
1125 1040 1214 1110 insi·
1265 1041 1421 1124 minum,
1444 1055 1479 1110 et
1496 1041 1737 1115 multitudinis
1750 1049 2007 1118 asseveratione
2024 1049 2231 1121 defenditur.

229 1152 325 1230 dias,
357 1149 550 1218 clementer
571 1159 711 1237 protege
733 1158 767 1216 et
787 1145 954 1234 guberna.
1012 1141 1110 1214 Haec
1134 1155 1215 1211 vota
1365 1141 1526 1212 Pericula
1556 1141 1666 1230 igitur
1697 1143 1736 1212 in
1764 1159 1914 1238 utraque
1947 1163 2043 1238 parte
2072 1149 2248 1238 adparent,

228 1251 389 1347 quotidie
414 1249 601 1340 repetenda
625 1260 727 1329 sunt,
759 1269 823 1313 nec
847 1244 1090 1313 existimentur
1109 1243 1217 1310 inane
1265 1243 1338 1314 sive
1360 1238 1524 1312 detrahas
1544 1243 1840 1331 gubernatoribus
1854 1244 2033 1318 Ecclesiae
2048 1265 2246 1340 potestatem

136 1425 141 1434 ,
229 1374 393 1422 murmur
418 1371 502 1422 esse.
562 1345 696 1416 Perfert
724 1346 819 1414 enim
843 1355 983 1414 nostros
1001 1343 1149 1434 gemitus
1170 1345 1215 1412 ad
1265 1344 1577 1434 interpretationis,
1597 1343 1671 1414 sive
1686 1347 1870 1416 attribuas.
1902 1345 1993 1418 Cum
2008 1365 2125 1422 autem
2140 1346 2247 1444 ἄναρ-

228 1465 362 1544 patrem
378 1443 743 1529 aeternnmChristus,
770 1447 932 1515 sacerdos
946 1457 1075 1516 noster.
1116 1441 1213 1512 Haec
1262 1440 1328 1536 χία
1359 1445 1521 1514 videatur
1549 1443 1828 1517 maius'malum
1853 1471 1946 1528 esse,
1980 1466 2016 1520 et
2041 1452 2248 1540 petulantiae

229 1553 335 1621 initio
358 1551 533 1641 praelatus
556 1571 632 1617 sum
653 1547 693 1614 in
715 1541 782 1615 hoc
802 1569 1008 1634 congressu,
1035 1546 1129 1638 quod
1148 1540 1214 1612 hae
1265 1545 1363 1634 vulgi
1383 1545 1493 1633 magis
1509 1545 1752 1614 obsistendum
1770 1549 1951 1634 videatur,
1977 1551 2115 1640 politici
2133 1551 2201 1618 viri
2215 1564 2249 1620 ut

228 1651 515 1722 renunciationes
533 1647 816 1718 testimoniorum
837 1649 880 1716 de
897 1647 1024 1716 studiis
1038 1641 1214 1732 theologi·
1263 1647 1302 1714 in
1325 1647 1504 1736 imperiis,
1529 1647 1577 1714 ita
1600 1647 1640 1714 in
1656 1642 1815 1718 Ecclesia
1833 1673 1971 1719 armare
1987 1653 2248 1740 gubernatores:

122 1837 126 1844 ⁴
229 1745 332 1848 cis')
354 1752 541 1842 praecipue
561 1771 627 1817 nos
650 1751 694 1817 de
717 1747 883 1816 omnibus
899 1745 1078 1817 Ecclesiae
1098 1745 1230 1832 bonis,.
1265 1761 1299 1815 et
1319 1747 1459 1816 munire
1482 1770 1599 1816 rerum
1613 1747 1848 1818 iudicatarum
1865 1754 2089 1822 autoritatem
2104 1753 2249 1821 student

229 1855 273 1923 de
301 1853 468 1922 omnibus
496 1850 662 1942 periculis
688 1862 722 1919 et
748 1847 999 1918 certaminibus
1023 1849 1216 1915 admonere
1264 1847 1324 1916 Sic
1346 1845 1533 1916 Sadolctus
1561 1847 1666 1936 longa
1689 1849 1859 1918 concione
1879 1852 2036 1932 disserit,
2069 1875 2146 1920 non
2169 1875 2248 1942 opus

229 1955 371 2024 debent.
421 1949 512 2021 Cum
542 1963 660 2020 autem
689 1948 825 2040 aliquid
857 1943 916 2016 hic
948 1947 1053 2018 etiam
1079 1947 1124 2015 de
1148 1947 1215 2014 do-
1265 1970 1337 2016 esse
1361 1942 1429 2016 hoc
1453 1961 1611 2038 tempore
1632 1971 1724 2017 nova
1747 1951 1929 2020 doctrinae
1951 1953 2175 2042 cognitione,
2200 1975 2247 2020 res
2294 2029 2295 2038 χ

228 2055 342 2124 ctrina
365 2052 552 2121 dicendum
574 2051 640 2134 sit,
661 2063 695 2120 et
716 2044 784 2118 hoc
800 2063 957 2138 tempore
971 2048 1081 2118 multa
1098 2047 1141 2116 de
1157 2047 1213 2115 iu·
1263 2049 1435 2116 iudicatas
1454 2070 1527 2116 esse
1550 2047 1589 2116 in
1612 2050 1758 2120 vetustis
1773 2048 1948 2143 Synodis,
1974 2048 2101 2120 harum
2121 2053 2248 2122 autori·
2294 2073 2295 2138 j

228 2155 331 2225 dictis
345 2155 548 2242 dogmatum
562 2177 603 2220 ac
614 2150 769 2244 Synodis
783 2150 1024 2239 disputentur,
1047 2170 1214 2242 quaeram
1263 2161 1369 2218 tatem
1392 2171 1468 2218 non
1490 2170 1564 2218 esse
1585 2171 1678 2218 nova
1701 2150 1941 2240 disputatione
1963 2153 2247 2226 labefactandam.
2294 2169 2295 2232 l

228 2259 273 2326 de
296 2267 466 2346 potestate
485 2251 785 2343 interpretationis
801 2251 837 2317 in
854 2245 1031 2334 Ecclesia,
1057 2273 1102 2316 an
1119 2262 1160 2317 ut
1176 2249 1214 2314 in
1263 2249 1301 2318 Si
1316 2251 1515 2338 exemplum
1531 2250 1637 2319 semel
1653 2251 1844 2319 admissum
1859 2252 1966 2322 suerit
1980 2255 2024 2322 de
2038 2253 2144 2322 rebus
2159 2253 2245 2322 iudi·
2294 2299 2295 2340 3

211 2355 407 2447 imperiis,
429 2367 580 2444 potestas
603 2352 648 2420 sit
663 2351 757 2439 regia
774 2373 833 2418 sen
850 2350 1022 2440 praetoria
1040 2350 1214 2438 interpre-
1263 2351 1350 2418 catis
1374 2350 1590 2418 disserendi:
1620 2350 1760 2418 nullum
1783 2352 1889 2420 linem
1913 2354 1964 2422 ait
1984 2355 2060 2422 fore
2082 2353 2244 2422 dissidio-

227 2457 327 2526 tandi
343 2457 490 2524 obscura
506 2455 598 2522 dicta
612 2453 649 2520 in
660 2451 798 2542 scriptis
806 2445 1062 2541 Prophetarum
1074 2445 1214 2538 ctApo-
1262 2475 1362 2534 rurn,
1386 2463 1420 2520 ct
1435 2449 1624 2520 monstrari
1637 2451 1739 2518 malis
1753 2451 1907 2538 ingeniis
1920 2454 2014 2521 viam
2028 2453 2246 2544 dissipandae

132 2573 135 2580 ’
227 2558 423 2638 stolorum,
446 2555 586 2642 alligata
609 2567 704 2622 certo
719 2551 855 2630 ordini,
881 2573 943 2619 seu
958 2551 1051 2619 loco.
1102 2547 1215 2638 Saepe
1263 2547 1441 2620 Ecclesiae
1454 2549 1621 2620 omnibus
1634 2553 1862 2640 temporibus.

226 2657 267 2726 in
288 2651 386 2724 hunc
405 2656 589 2744 scopulum
609 2674 789 2720 sermones
802 2652 997 2742 sapientum
1015 2650 1217 2732 incurrunt,
1364 2647 1473 2720 Nulla
1509 2663 1561 2720 cst
1603 2653 1696 2740 apud
1734 2675 1833 2740 reges
1867 2653 2092 2744 plausibilior
2129 2653 2250 2730 oratio,

227 2771 411 2848 propterca
433 2756 530 2846 quod
551 2753 649 2822 nulla
673 2752 887 2822 indiciorum
904 2751 1072 2820 autoritas
1089 2749 1126 2816 in
1143 2743 1214 2818 Ec·
1263 2773 1370 2845 quam
1394 2746 1498 2833 haec,
1522 2751 1606 2842 quia
1627 2751 1832 2821 servitutem
1849 2754 1974 2843 populi
1991 2755 2195 2836 confirmat,
2219 2767 2248 2822 et

228 2857 332 2927 clesia
356 2879 430 2924 esse
448 2855 608 2937 videtur,
631 2852 662 2920 si
682 2851 963 2943 interpretationi
979 2851 1137 2932 iudicum
1155 2871 1213 2917 re·
1263 2850 1362 2919 iubet
1383 2873 1504 2940 regum
1526 2851 1710 2920 sententiis
1729 2875 1791 2922 seu
1814 2854 1908 2922 veris
1929 2877 1990 2923 seu
2005 2855 2107 2922 salsis
2122 2877 2249 2943 parere·

229 2957 382 3028 clamare
410 2955 510 3026 licet:
540 2967 577 3024 et
605 2953 796 3043 petulantia
824 2951 1048 3039 ingeniorum
1073 2950 1215 3018 nullum
1264 2949 1485 3021 Demetrium
1506 2972 1643 3038 regern,
1669 2951 1772 3021 cuius
1790 2955 1979 3026 etlortuna
1996 2955 2094 3024 'varia
2109 2955 2196 3038 suit,
2219 2967 2248 3022 et

227 3054 393 3128 habitura
415 3071 467 3126 est
487 3057 649 3135 frenum,
668 3053 698 3120 si
720 3053 929 3121 labefactare
952 3052 1106 3120 iudicata
1128 3072 1215 3117 con·
1263 3050 1446 3139 ingenium
1463 3050 1624 3133 varium,
1646 3075 1726 3120 cum
1744 3053 1807 3122 din
1820 3053 2029 3124 antecellere
2043 3055 2186 3144 regibus
2200 3053 2248 3120 vi·

228 3157 378 3228 ceditur.
428 3153 500 3224 Nec
528 3157 649 3241 ignota
677 3166 761 3222 sunt
788 3152 945 3239 exempla
974 3164 1050 3220 turn
1083 3163 1215 3232 vetera,
1264 3150 1356 3220 cinis
1376 3151 1415 3218 in
1431 3146 1577 3241 Europa
1599 3163 1634 3220 et
1656 3151 1696 3220 in
1713 3147 1821 3236 Asia,
1844 3148 2081 3224 Athenienses
2105 3155 2247 3224 delinire

228 3271 309 3328 turn
335 3257 500 3328 recentia.
559 3251 603 3322 ln
624 3247 847 3322 Antiocheno
873 3249 1021 3344 Synodo
1047 3251 1215 3320 adversus
1263 3251 1431 3320 omnibus
1446 3251 1651 3320 artibciiset
1666 3251 1805 3322 infinita
1822 3254 2237 3324 adulationcstudebant.

228 3356 496 3429 samosatenum
519 3353 801 3445 pronunciarunt
818 3351 886 3418 viri
903 3351 998 3420 docti
1015 3363 1048 3418 et
1062 3351 1128 3440 pii,
1154 3341 1214 3419 λό-
1367 3349 1416 3422 Ut
1429 3351 1806 3439 igitursignibcarent‚
1830 3348 1978 3424 sebunc
1991 3355 2247 3424 iudicaresum·
2293 3403 2294 3406 ,

227 3482 299 3556 pov
321 3457 472 3546 intelligi
488 3477 694 3545 personam,
716 3451 780 3521 ubi
798 3451 946 3521 loannes
961 3452 1028 3520 ait:
1055 3449 1098 3518 ln
1116 3450 1212 3539 prin·
1263 3473 1363 3520 mum
1393 3472 1469 3520 esse
1498 3473 1641 3541 repam,
1680 3466 1715 3522 et
1746 3453 1864 3524 colere
1890 3454 2023 3524 divinis
2047 3449 2249 3533 honoribus,

228 3559 322 3649 cipio
346 3571 420 3626 erat
443 3553 605 3630 uerbum.
661 3553 730 3624 Sed
757 3577 822 3622 nec
848 3551 1098 3622 Samosatcnus
1117 3564 1217 3630 tunc,
1263 3553 1457 3644 pinremnt
1479 3575 1561 3622 cum
1582 3552 1680 3622 coelo
1698 3553 1933 3638 insidentem,
1957 3569 1992 3625 et
2007 3555 2186 3626 decretum
2200 3555 2246 3622 ic·

226 3683 294 3729 nec
313 3671 431 3749 postea
445 3653 625 3728 Photinus
643 3654 682 3722 in
699 3651 840 3746 Syrmio
859 3653 1042 3744 amplexus
1056 3666 1106 3722 est
1121 3645 1215 3720 hanc
1264 3665 1407 3722 cenant:
1441 3650 1630 3744 Quidquid
1646 3653 1724 3722 vult
1738 3676 1799 3722 rer
1813 3651 2038 3746 Demetrius,
2059 3656 2105 3745 tid
2123 3653 2247 3747 populo

227 3758 566 3849 interpretationem
616 3751 690 3825 Diu
714 3753 826 3843 igitur
849 3767 995 3844 propter
1017 3747 1111 3822 hanc
1128 3775 1215 3822 con·
1263 3747 1476 3822 Atheniensi
1498 3751 1597 3842 pium
1621 3763 1655 3822 et
1676 3752 1810 3826 iustum
1832 3755 1958 3826 videri.
2009 3753 2051 3826 si
2068 3757 2173 3826 talem
2189 3779 2245 3844 po-

228 3859 434 3930 troversiam
447 3853 626 3929 Ecclesiae
638 3855 845 3924 dilaceratae
860 3866 955 3924 sunt.
1263 3853 1408 3923 tentiam
1431 3851 1620 3924 Sadolctus
1643 3865 1679 3922 et
1706 3853 1839 3924 similes
1863 3856 2160 3944 gubernatoribus
2182 3851 2246 3924 Ec·

331 3989 487 4062 Rconm
515 4015 601 4060 mo
631 3985 792 4081 tymni,
817 3985 1016 4071 mmm„
1050 3987 1082 4058 ,ἰ
1103 3987 1214 4056 resfa,
1263 3954 1391 4068 plesiae
1409 3953 1520 4024 tribui
1536 3951 1683 4038 volunt,
1708 3977 1859 4042 reguum
1873 3956 2095 4028 constituunt
2110 3973 2249 4049 prorsus

229 4093 303 4183 gari
324 4091 606 4182 interpretationi
627 4101 686 4158 aut
708 4087 858 4157 decretis
876 4101 1060 4176 potentum
1078 4111 1153 4156 non
1169 4089 1214 4156 li·
1257 4067 1423 4160 ,mmmm
1440 4049 1649 4143 Emss‘liffi

229 4207 301 4278 cet,
324 4205 365 4262 ut
386 4215 487 4282 saepe
511 4204 657 4282 propter
677 4201 831 4278 receptas
851 4188 954 4257 salsas
971 4189 1216 4280 persuasiones
1284 4255 1294 4271 ,

228 4295 267 4362 in
290 4315 426 4384 paucos*
439 4307 472 4363 et
496 4292 689 4361 imbecilles
707 4303 799 4360 recte
819 4289 1011 4359 sentientes
1023 4290 1216 4360 crudeliter

229 4395 400 4463 saevitum
430 4407 491 4464 est
541 4386 728 4463 Pontifices
752 4401 786 4458 et
812 4411 936 4477 magna
960 4391 1064 4460 turba
1088 4389 1214 4461 Sacer·
1301 4456 1312 4473 ,
1431 4457 1439 4473 ,
1794 4449 1796 4463 Ι
1897 4459 1907 4475 ·
2148 4458 2156 4475 ·

229 4497 354 4564 dotum
367 4507 400 4564 et
409 4489 658 4562 Phariseorum
673 4492 887 4558 damnarunt
895 4487 1121 4574 Zachariam,
1141 4487 1214 4558 Ba·
1261 4478 1341 4526 ¹⁸¹⁸·
1392 4453 1462 4526 ΗΝ
1485 4456 1575 4524 ⁰¹d⁰
1595 4467 1629 4526 ⁰²
1646 4468 1793 4528 ”³²⁰¹st
1808 4453 1996 4528 hminum
2011 4473 2188 4548 confirmi,
2209 4465 2237 4522 el

227 4596 389 4686 ptistam,
413 4590 614 4676 Christum,
640 4591 850 4680 Apostolos,
875 4605 1021 4682 propter
1037 4591 1212 4681 interpre-
1260 4556 1424 4628 “Imm
1444 4567 1497 4626 ⁰⁸²
1517 4555 1781 4648 mquam&
1838 4555 1942 4628 Hm
1964 4559 2102 4642 idfflm’
2138 4573 2174 4629 ⁰²
2196 4555 2235 4624 ili

227 4697 395 4766 tationem
410 4695 692 4783 discrepantiam.
743 4689 800 4758 llli
815 4689 980 4762 Messiam
995 4691 1211 4782 sculpserunt
1260 4657 1465 4740 minema
1497 4657 1714 4774 mmffflflfl
1734 4657 1870 4776 pplitici
1890 4659 1958 4728 llll
1979 4661 2025 4730 ad
2043 4656 2236 4777 Ecclesiam,

1393 4758 1520 4828 volunt
1546 4753 1715 4827 humanas
1734 4759 1890 4830 vrnculrs
1907 4773 1942 4829 et
1965 4774 2094 4850 septas,
2119 4772 2158 4830 ut
2177 4779 2237 4824 rnr-

1406 4858 1647 4941 circumdare,
1678 4881 1760 4928 cum
1787 4872 1905 4930 tamen
1926 4861 1964 4928 in
1985 4855 2051 4932 hac
2072 4862 2234 4950 guberna·

1260 4957 1357 5030 tione
1372 4959 1440 5030 alia
1455 4959 1528 5030 sint
1544 4958 1679 5048 potiora
1696 4959 1857 5030 ducenda
1871 4954 2041 5031 humanis
2051 4961 2191 5049 legibus.

1359 5058 1488 5132 Narrat
1496 5057 1737 5146 Hermogenes
1747 5059 1903 5130 fabulam
1917 5064 1961 5132 de
1975 5062 2088 5132 sinriis
2101 5064 2137 5130 in
2153 5054 2233 5128 banc

1259 5160 1481 5235 sententiam.
1531 5157 1704 5231 Viderunt
1720 5159 1844 5230 simiae
1859 5164 1984 5244 urbes,
2008 5176 2043 5233 et
2058 5163 2232 5232 utilitatem

256 5329 602 5400 „Mrmmmffl
615 5356 652 5371 -
667 5323 841 5392 mmmm
866 5321 940 5380 Haec
953 5323 1122 5380 inaestuas
1139 5341 1211 5394 ⁸5⁰·
1258 5261 1597 5378 animadverterant,
1628 5262 1725 5352 quod
1752 5273 1841 5332 tecta
1871 5278 2030 5336 arcerent
2051 5263 2230 5381 pluvisset

295 5397 374 5453 οὔθ·
386 5397 441 5453 ¹³⁶2
459 5400 652 5450 hemmam
664 5398 764 5450 πουτί.
1256 5361 1409 5452 ingara,
1436 5373 1588 5454 parietes
1606 5361 1830 5434 excluderent
1850 5363 1966 5450 sures,
1995 5387 2134 5473 mocnra
2152 5362 2231 5430 laras

1261 4355 1349 4426 mati
1371 4368 1470 4438 sunt,
1495 4355 1588 4442 lege,
1612 4368 1781 4444 potestate
1796 4357 2117 4447 interpretationis,
2142 4370 2174 4428 ct
2188 4375 2238 4424 ar·

229 4819 269 4866 ex
291 4797 395 4866 dictis
417 4789 639 4884 Propheticis
663 4793 790 4876 talem,
829 4792 890 4884 qui
912 4792 1059 4884 imperia
1083 4793 1211 4860 mundi
1261 4781 1367 4875 (ΙΨ

227 4911 260 4967 et
283 4921 366 4988 opes
388 4899 538 4967 daturus
558 4909 644 4965 esset
665 4893 814 4962 civibus.
876 4889 982 4962 Hanc
1004 4892 1211 4984 opinionem
1259 4881 1377 4948 lma

227 4999 390 5087 suffragia
415 5019 633 5066 summorum
657 4994 930 5078 confirmabant,
959 5007 993 5064 et
1018 4994 1210 5084 adplaude-

225 5099 286 5167 bat
301 5098 500 5189 promiscua
514 5097 718 5170 multitudo.
750 5093 924 5185 Magnum
938 5093 1093 5185 igituret
1106 5115 1212 5184 grave

226 5256 432 5274 *nu-

1368 4153 1468 4224 l'alet
1498 4154 1535 4222 iu
1559 4153 1688 4224 animis
1706 4149 1895 4227 hominum
1919 4155 2118 4228 similitudo
2140 4157 2241 4246 impe-
2293 4133 2294 4152 ἶ

1262 4279 1421 4336 reorum,
1452 4254 1489 4322 in
1509 4253 1640 4346 quibus
1658 4256 1910 4343 gubernatores
1930 4259 2047 4330 tribus
2067 4259 2172 4328 rebus
2189 4278 2239 4324 ar·
2293 4317 2294 4321 ,
