4614 5820
90 243 156 322 549
645 243 807 322 DECL.
847 242 925 322 DE
958 237 1116 320 outo
1151 235 1558 320 SOPlllSTlCES.
2045 267 2123 354 550

88 431 179 504 nant,
208 419 249 490 ut
273 413 516 492 Theramenes
541 439 621 492 cum
647 416 792 514 quidem
817 417 968 490 subinde
985 416 1074 494 Rei·
1124 427 1281 486 vestwffl
1297 413 1453 506 ffldfflfia
1470 418 1665 528 femina
1681 423 1827 500 Venient
1845 440 2118 532 setaspattuas

86 524 162 616 pub.
191 521 341 592 formam
370 522 550 608 mutabat,
584 533 702 594 tamen
731 521 870 616 quoties
898 521 1074 592 labescere
1124 515 1190 599 sit,
1222 541 1313 612 quae
1342 517 1414 587 iarn
1437 519 1556 589 animo
1590 523 1769 600 intuentes
1790 536 1958 608 omnibus
1982 541 2116 636 ingenii

85 639 210 718 partem
228 645 328 694 suam
351 621 465 710 vidit,
499 621 687 694 inclinavit
705 623 750 694 ad
772 622 944 706 alteram,
979 636 1073 695 etse
1123 619 1259 689 viribus
1271 642 1312 690 ac
1328 619 1446 689 nervis
1462 625 1680 722 contendite,
1706 643 1743 700 ut
1765 631 1929 710 instructi
1947 655 1980 712 et
2000 651 2115 738 parati

84 740 149 796 arte
170 749 211 793 er
241 723 408 816 periculis
435 723 587 812 evolvit,
619 739 660 797 ut
689 725 776 798 dicit
797 721 1071 818 Aristophanes:
1120 721 1165 790 ad
1182 719 1415 792 maximarum
1431 745 1549 794 rerum
1568 727 1836 820 explicationem
1859 753 1893 811 et
1908 763 2114 841 propugna.

83 825 202 900 Subito
219 821 520 920 proChiocoum,
546 827 671 914 idest,
696 827 895 900 utiuludo
916 829 1071 900 talorum
1120 823 1253 893 tionem
1284 823 1469 896 accedatis.
1528 821 1576 898 Et
1607 823 1698 902 hanc
1727 858 1847 908 curam
1879 845 2114 926 memineritis

82 929 215 1014 dicitur,
238 951 303 1020 pro
312 929 467 1000 monade
481 927 666 1002 senionem
681 917 845 1016 extitisse,
870 925 1072 1017 πέπτωκεν,
1117 921 1195 996 Deo
1216 925 1354 1018 placere
1379 939 1413 998 et
1433 939 1570 1016 gratum
1598 931 1806 1008 sacrificium
1832 965 1925 1030 esse,
1952 951 2014 1042 qui
2031 956 2113 1050 quc

81 1029 209 1126 inquit,
232 1027 302 1114 ἔξω
318 1033 397 1104 τῶν
413 1034 562 1124 κακῶν,
588 1025 715 1126 οὗχίος
728 1025 822 1104 ἀλλὰ
837 1035 946 1114 χῶος,
1118 1028 1199 1096 dem
1222 1041 1256 1097 et
1281 1027 1398 1100 studia
1421 1029 1575 1116 iuvabit,
1609 1034 1654 1101 ad
1680 1029 1775 1109 hunc
1800 1041 1933 1118 directa
1956 1051 2062 1124 finem
2079 1071 2114 1131 et

172 1129 336 1228 Denique
357 1155 423 1204 suo
452 1131 531 1204 ocio
556 1133 750 1206 consulunt
779 1157 853 1205 non
878 1131 1070 1217 Ecclesiae,
1118 1151 1277 1222 scopum.
1328 1128 1402 1202 Nec
1417 1153 1500 1222 ego,
1526 1157 1606 1204 curn
1622 1135 2112 1232 fucosasconciliationesde.

79 1233 135 1328 qui
156 1233 378 1326 applaudunt
399 1227 457 1304 his
480 1230 771 1328 sophismatibus.
830 1233 874 1308 ln
900 1231 965 1308 hos
987 1258 1069 1306 vere
1117 1241 1244 1316 testor,
1278 1245 1462 1326 propterea
1496 1237 1675 1308 moderata
1717 1245 1883 1336 consilia,
1915 1260 2112 1334 moderatas

79 1335 236 1426 competit
271 1335 334 1406 illa
366 1337 590 1408 acerbissima
624 1337 768 1432 querela
800 1331 1068 1410 Andromaches
1116 1333 1309 1404 sententias
1335 1334 1518 1428 improbo,
1554 1339 1614 1408 sed
1638 1347 1857 1436 corruptelas
1874 1355 1990 1426 caveri
2018 1363 2111 1451 volo,
2226 1355 2233 1368 '

79 1439 162 1528 apud
180 1431 411 1530 Euripidem,
441 1463 549 1534 quana
572 1441 740 1512 scelerate
756 1437 945 1512 Menelaus
965 1439 1068 1507 dece·
1116 1457 1254 1530 semper
1267 1449 1317 1507 est
1333 1438 1675 1528 moderatissimum,
1701 1450 1796 1538 quod
1819 1465 1870 1524 est
1885 1479 2028 1548 verum,
2053 1489 2111 1536 rc.

78 1551 180 1631 perat.
232 1533 325 1610 Cum
340 1539 438 1610 enim
453 1541 669 1633 confugisset
684 1543 731 1612 ad
745 1564 862 1628 aram,
887 1566 933 1613 ne
949 1565 969 1612 a
986 1538 1068 1610 Me-
1115 1549 1188 1622 cte,
1213 1539 1376 1632 proprie,
1402 1541 1584 1634 perspicue
1602 1556 1636 1614 et
1652 1543 1780 1619 diserte
1795 1553 1976 1634 traditum.

78 1641 172 1710 nelao
203 1639 483 1730 interficeretur,
514 1643 613 1718 iubet
643 1643 705 1714 ille
737 1644 870 1716 adferri
895 1643 1066 1714 infantem
1216 1636 1350 1712 Notum
1366 1653 1419 1712 cst
1434 1641 1524 1712 illud
1543 1639 1744 1718 Aristotelis
1760 1651 1845 1725 scite
1860 1655 2012 1736 dictum:
2037 1661 2119 1746 Aa.
2141 1739 2177 1755 ,Γ

79 1741 181 1812 filium
205 1737 336 1840 Pyrrhi
358 1756 394 1816 et
414 1737 705 1832 Andromaches,
738 1769 886 1842 caroque
908 1747 1007 1816 iubet
1021 1743 1067 1814 ab
1115 1753 1168 1812 tes
1178 1763 1302 1812 ornnes
1319 1743 1594 1814 mediocritatem
1604 1751 1783 1842 quandam
1800 1779 1988 1852 quaerere,
2013 1759 2122 1862 quod
2161 1782 2164 1790 '

78 1867 131 1914 ara
147 1843 386 1916 discedentem
402 1845 519 1918 redire
541 1871 582 1918 ac
595 1870 854 1940 percussorem,
880 1845 1065 1944 quodnisi
1115 1855 1208 1914 certe
1232 1867 1306 1914 non
1331 1845 1376 1914 de
1396 1846 1514 1937 pravis
1537 1860 1571 1918 ct
1591 1852 1768 1944 corruptis
1785 1859 1914 1934 artium
1930 1870 2111 1961 operibus,

78 1944 188 2029 faciat,
214 1945 374 2019 minatur
388 1969 425 2018 se
440 1945 553 2018 fdiurn
569 1947 681 2041 ipsius
694 1949 966 2024 interfecturum
980 1969 1065 2023 esse.
1113 1947 1175 2016 sed
1191 1946 1284 2016 veris
1299 1945 1570 2038 intelligendum
1584 1963 1646 2022 est.
1699 1949 1741 2025 ln
1757 1951 1814 2028 his
1826 1975 1879 2036 est
1891 1989 1954 2038 sua
1968 1983 2002 2042 et
2016 1975 2109 2045 veris

77 2043 138 2118 Hic
150 2069 318 2138 generosa
332 2061 446 2120 mater
458 2049 525 2119 filii
536 2051 687 2124 salutem
700 2053 887 2144 anteponit
900 2075 1004 2140 suae,
1025 2073 1065 2122 ac
1114 2047 1309 2142 praeceptis
1337 2050 1553 2121 conveniens
1580 2055 1827 2146 mediocritas,
1857 2079 1892 2138 et
1914 2079 1953 2140 ut
1979 2073 2108 2164 dicam,

77 2149 222 2220 descedit
238 2149 285 2220 ab
298 2173 370 2224 ara.
423 2147 617 2246 Postquam
633 2153 744 2244 igitur
757 2157 803 2226 ad
822 2175 1064 2246 percussorem
1113 2163 1194 2242 apta
1211 2146 1409 2226 harmonia.
1461 2149 1509 2224 Et
1524 2177 1603 2224 cum
1621 2155 1659 2225 in
1672 2163 1855 2241 sententiis
1871 2177 2108 2250 constantiam

77 2252 174 2336 redit,
205 2250 358 2324 insultat
384 2249 574 2327 Menelaus
595 2256 762 2346 deceptae
786 2255 940 2328 mulieri.
1000 2252 1065 2338 Te,
1114 2252 1242 2334 lando,
1267 2275 1343 2324 non
1367 2255 1539 2324 confirmo
1563 2258 1738 2330 malorum
1764 2267 2013 2364 pertinaciam,
2045 2295 2107 2356 aut

77 2349 200 2445 inquit,
226 2375 291 2444 ego
310 2354 454 2448 quidem
470 2354 698 2442 interficiam,
723 2357 785 2428 sed
803 2356 976 2435 infantem
990 2355 1064 2428 lilia
1111 2353 1339 2444 ingeniorum
1367 2356 1611 2447 petulantiam.
1669 2359 1882 2442 Retineatur
1903 2373 1965 2447 illa
1990 2377 2109 2456 aPla-
2190 2378 2196 2388 ’

77 2477 143 2522 mea
164 2456 298 2548 perdet
356 2451 426 2526 Hic
449 2455 511 2526 illa
534 2457 628 2530 iusto
651 2471 686 2529 et
706 2457 842 2549 ingenti
859 2459 983 2532 dolore
999 2459 1065 2530 ad·
1113 2469 1198 2528 tone
1217 2455 1358 2528 laudata
1380 2459 1539 2528 coelestis
1561 2461 1801 2556 mediocritas,
1834 2471 1998 2551 videlicet
2024 2506 2110 2572 geo-

76 2553 154 2626 iecta
177 2557 369 2627 exclamat:
404 2549 441 2628 O
469 2557 671 2648 dignissimi
698 2561 782 2632 odio
811 2559 996 2652 Spartani,
1029 2573 1064 2632 et
1112 2557 1277 2643 metrice,
1301 2581 1392 2654 quae
1413 2574 1509 2632 arcet
1534 2565 1760 2658 tyrannidem
1776 2583 1811 2642 et
1833 2573 1974 2650 frenum
1990 2581 2108 2662 iniicit

76 2659 253 2728 execrandi
274 2659 319 2728 ab
343 2659 512 2730 omnibus
536 2655 765 2748 horninibus,
795 2663 930 2748 dolosi,
962 2685 1064 2734 men·
1112 2660 1242 2749 vulgo,
1269 2659 1369 2732 iubet
1390 2685 1463 2732 esse
1479 2662 1628 2736 idoneos
1648 2666 1781 2742 iudices
1796 2686 1830 2746 et
1843 2681 2108 2767 gubernatores.

76 2759 248 2831 deciorum
264 2753 467 2846 architecti,
489 2761 673 2852 insidiosi,
706 2763 915 2858 flexiloquas
939 2764 1063 2852 amba7
1113 2758 1219 2832 Tales
1237 2776 1449 2852 cognoscant
1472 2765 1653 2854 dogmata,
1678 2793 1718 2840 ac
1733 2773 1930 2854 diiudicent
1950 2809 1992 2856 ex
2005 2790 2107 2882 veris,

75 2881 126 2948 ges
146 2873 344 2956 captantes,
379 2861 478 2934 aliud
503 2863 708 2958 loquentes,
741 2865 839 2938 aliud
859 2865 1062 2946 sentientes,
1112 2861 1217 2933 certis
1237 2875 1272 2934 et
1295 2887 1370 2933 non
1396 2865 1615 2939 calumniose
1630 2873 1777 2946 detortis
1795 2881 2023 2975 testimoniis,
2049 2917 2106 2964 re.

76 2961 333 3056 malepereatis.
386 2960 470 3054 Quo
485 2979 636 3058 possum
647 2967 786 3040 veriore
803 2967 918 3058 elogio
929 2965 1062 3038 descri-
1111 2963 1270 3058 primant
1307 2977 1497 3060 tyrannos,
1539 2969 1680 3046 frenent
1720 2979 1916 3067 petulantia
1947 2987 2105 3082 ingenis:

74 3062 106 3132 bi
121 3057 223 3136 huius
244 3063 413 3158 temporis
433 3061 630 3160 sophistae,
655 3091 763 3164 quarn
784 3063 842 3140 his
857 3067 1062 3140 Androma-
1112 3065 1266 3160 deniqne
1286 3081 1412 3139 curent
1426 3067 1465 3137 in
1479 3065 1636 3142 Ecclesia
1653 3087 1771 3148 extare
1792 3107 1910 3156 veram
1926 3103 1959 3162 et
1975 3110 2106 3170 certam

74 3157 149 3235 chae
169 3165 315 3238 verbis?
366 3163 467 3258 Quid
489 3171 626 3262 precari
649 3169 777 3242 iustius
801 3184 873 3254 cst,
894 3195 1002 3266 quam
1021 3180 1063 3242 ut
1111 3169 1332 3253 doctrinam,
1363 3171 1507 3261 proprie
1532 3186 1567 3244 et
1589 3175 1746 3249 dilucide
1773 3187 1998 3281 explicatam,
2030 3223 2105 3271 non

74 3282 295 3341 conservetur
316 3268 499 3340 doctrinae
523 3271 680 3362 puritas,
716 3273 830 3344 deleta
854 3287 888 3344 ct
907 3269 1061 3345 extincta
1111 3269 1261 3338 dilutam
1286 3267 1499 3362 sophistica..
1556 3273 1635 3348 Hoc
1666 3293 1741 3352 toto
1767 3299 1916 3376 pectore
1931 3312 2107 3390 optamus,

74 3361 131 3438 luc
149 3363 355 3466 sophistica.
407 3365 457 3444 Et
470 3385 511 3443 ut
524 3367 779 3446 Andromache
793 3374 872 3446 dira
887 3373 1061 3467 impreca-
1111 3383 1153 3440 ut
1178 3370 1350 3441 tollentur
1377 3397 1417 3442 cx
1443 3369 1598 3446 Ecclesia
1623 3377 1907 3479 εἰδωλομανίαι,
1938 3409 1973 3468 et
1992 3401 2105 3478 heus

75 3481 124 3538 tur
142 3471 414 3566 impostoribus:
440 3471 489 3544 ita
512 3473 696 3546 minantur
712 3475 763 3546 eis
780 3499 912 3569 poenas
936 3475 1060 3546 divina
1110 3469 1218 3542 Pater
1232 3471 1434 3568 liberatoris
1448 3478 1560 3547 nostri
1578 3475 1656 3552 lesu
1672 3479 1806 3558 Christi
1825 3516 1904 3564 vere
1920 3497 2105 3578 invocetur

73 3574 202 3644 oracula
221 3573 319 3665 apud
333 3567 500 3660 Esaiam,
529 3571 600 3648 Vae
614 3575 677 3662 iis,
697 3575 760 3671 qui
782 3577 917 3648 malum
935 3575 1061 3648 dicunt
1110 3585 1146 3643 et
1167 3573 1323 3660 colatur,
1356 3585 1396 3646 ut
1415 3575 1547 3667 fulgeat
1563 3575 1696 3655 Christi
1720 3587 1850 3678 gloria,
1876 3610 1916 3668 ut
1937 3603 2042 3675 multi
2057 3609 2103 3678 ad

72 3671 215 3756 bouum.
251 3677 415 3746 tenebras
444 3675 571 3752 lucem.
629 3675 727 3750 Haec
746 3678 899 3752 fulmine
923 3677 1060 3752 exusci-
1110 3675 1276 3766 pictatem
1299 3689 1334 3747 et
1353 3677 1502 3750 salntem
1518 3680 1727 3762 invitentur.
1780 3687 1996 3794 Haeeopto,
2021 3725 2103 3780 cum

73 3785 139 3846 tent
154 3801 218 3848 nos
236 3778 282 3846 ad
298 3801 456 3848 amorem
471 3775 651 3862 veritatis,
677 3793 713 3854 et
733 3793 773 3852 ut
793 3803 917 3852 carere
934 3772 1060 3873 sophi·
1108 3775 1248 3848 fucosas
1267 3777 1535 3852 conciliationes
1558 3783 1744 3876 fugiendas
1766 3817 1908 3870 censeo:
1941 3826 1981 3875 ac
2003 3809 2103 3900 prius
2123 3887 2128 3894 ,

71 3876 170 3948 sticeu
187 3878 384 3970 possimus,
409 3878 543 3950 maiore
559 3905 643 3954 cura
658 3881 961 3954 incumbamusiu
982 3894 1059 3956 stu·
1109 3871 1291 3950 dehiwere
1311 3877 1403 3952 mihi
1427 3893 1556 3956 terram
1579 3889 1704 3978 velim,
1737 3919 1842 3988 quam
1863 3900 1908 3970 ab
1931 3897 1996 3980 hac
2021 3933 2103 3984 sen.

72 3976 123 4046 dia
138 3973 246 4052 verae
257 3981 462 4066 doctrinae,
483 3994 517 4054 ct
534 3980 753 4056 instruamus
775 4008 817 4054 ac
832 3984 1059 4078 praemunia-
1109 3980 1220 4052 tentia
1239 3983 1404 4058 deducar.
1455 3983 1529 4058 Nec
1546 4012 1668 4061 moror
1682 4007 1742 4066 aut
1764 3992 2014 4091 Theramenis,
2040 4029 2102 4089 sut

72 4101 142 4148 mus
154 4083 292 4152 animos
309 4083 413 4156 rectis
428 4085 623 4158 sententiis.
1108 4082 1280 4154 similium
1295 4083 1445 4172 iudicia,
1472 4089 1534 4182 qui
1548 4089 1729 4166 clamitant
1742 4093 1970 4178 scholasticos
1983 4113 2102 4190 alieno

164 4182 349 4274 Quantum
369 4183 519 4278 periculi
541 4199 612 4272 cst,
639 4186 670 4256 si
695 4186 842 4258 inermis
865 4210 947 4258 cum
971 4185 1056 4280 lupo
1108 4183 1268 4276 periculo
1285 4185 1393 4256 fortes
1415 4211 1520 4272 esse,
1535 4192 1597 4282 qui
1621 4194 1651 4262 si
1670 4221 1743 4268 non
1760 4219 1878 4276 amant
1896 4203 1964 4282 hoc
1980 4218 2100 4304 decus,

72 4285 229 4374 congredi
256 4284 364 4366 velis,
397 4298 537 4360 tantum
570 4287 719 4379 periculi
739 4312 813 4360 esse
839 4287 993 4372 credite,
1025 4287 1056 4358 si
1108 4298 1149 4356 ut
1164 4308 1229 4378 pro
1244 4285 1417 4384 religione
1437 4289 1593 4382 pericula
1613 4311 1648 4368 et
1662 4297 1802 4372 labores
1818 4309 1995 4396 perferant
2002 4367 2015 4402 ,
2041 4320 2101 4392 in-

72 4381 140 4454 sine
169 4371 504 4459 solida'ensditione
531 4403 665 4460 astutos
696 4391 778 4462 illos
807 4403 843 4462 ct
866 4388 1057 4460 insidiosos
1108 4385 1208 4478 digni
1221 4387 1407 4460 iudicandi
1422 4406 1523 4478 sunt,
1549 4396 1688 4488 quinos
1702 4415 1882 4482 tueantur.
1932 4411 2014 4492 Erit
2027 4418 2100 4496 Ec.

72 4477 314 4578 Antagouistas
329 4489 555 4564 adoriamini.
605 4485 653 4564 Et
668 4487 850 4578 Christus,
880 4490 944 4562 etsi
958 4491 1058 4562 iubet
1107 4488 1211 4560 clesia
1235 4485 1313 4562 Deo
1335 4517 1460 4576 curae,
1488 4494 1626 4568 etiamsi
1647 4503 1693 4573 ab
1708 4503 1794 4596 ipsis
1814 4511 1948 4586 deserta
1965 4534 2000 4592 et
2014 4547 2099 4614 pro.

72 4583 192 4658 imitari
213 4589 438 4682 simplicitate
453 4591 653 4678 columbas,
679 4587 749 4664 hoc
772 4609 842 4680 est,
868 4593 965 4664 iubet
982 4615 1056 4664 esse
1107 4590 1196 4662 iecta
1226 4591 1355 4680 fuerit,
1395 4619 1502 4690 quarn
1529 4599 1672 4692 quidem
1699 4602 1796 4680 Deus
1825 4613 1902 4686 sine
1933 4613 2099 4700 humanis

72 4687 140 4758 sine
163 4691 371 4780 virulentia,
403 4708 523 4766 tamen
547 4687 729 4778 bortatur,
764 4709 802 4766 ut
833 4697 944 4765 simus
968 4719 1055 4787 pru·
1106 4691 1291 4786 praesidiis
1307 4697 1559 4776 servaresolet.
1609 4701 1704 4778 Dixi.

73 4787 184 4862 dentes
205 4793 296 4866 sicut
317 4811 517 4890 serpentes,
549 4789 617 4867 hoc
635 4809 707 4880 est,
732 4796 842 4868 simus
868 4797 997 4868 intenti
1015 4797 1054 4866 in
1693 4887 1696 4894 Ι

72 4879 198 4964 hostem
213 4910 248 4970 ct
269 4897 385 4984 carati,
408 4913 447 4970 ut
468 4922 613 4992 serpeus
635 4898 766 4970 dicitur
783 4897 956 4990 singulari
970 4911 1056 4985 arte,
1871 4947 1873 4952 .
2019 4915 2098 4935 ““

73 5009 167 5083 caput
188 5011 303 5090 tegere
328 4998 366 5068 in
389 4999 633 5074 dimicatione.
686 4997 797 5072 Porro
815 5003 860 5070 ad
883 5002 1056 5070 cavendas
1119 4999 1189 5072 No.
1205 4999 1268 5072 68.
1932 5057 1982 5098 η,
2001 5039 2096 5108 1542,

74 5087 229 5182 insidias,
254 5099 456 5174 eruditione
480 5125 571 5194 opus
591 5116 662 5187 est,
696 5116 738 5176 ut
758 5097 1056 5196 pseudographiss
1113 5095 1287 5128 Μ
1918 5124 2092 5159 ’⁹⁸‘

74 5189 105 5261 in
129 5202 280 5272 ilumeris
301 5227 406 5274 uerno
429 5204 587 5276 iudicare
610 5217 741 5296 potest,
769 5204 994 5286 nisiartifex,
1021 5217 1055 5274 et
1230 5199 1306 5290 De
1336 5205 1571 5318 aequitate
1600 5223 1647 5297 et
1677 5217 1776 5306 iure
1803 5226 1976 5316 mmo·

75 5292 337 5415 itaodogmatum
351 5305 622 5398 depravationes
638 5306 784 5425 refutari
807 5331 881 5426 nou
898 5319 1056 5424 possunt,
1177 5363 1209 5420 ¹·
1227 5365 1379 5424 Mena.
1397 5365 1432 5424 T·
1448 5369 1469 5426 Ι.
1484 5387 1514 5442 P·
1525 5371 1602 5440 mu
1628 5375 1656 5432 pn
1675 5375 1794 5440 serven
1813 5385 1836 5446 1,
1853 5403 1881 5458 p.
1894 5389 1954 5448 m
1980 5405 2040 5452 m
2079 5403 2098 5457 d

75 5416 136 5468 urst
149 5425 169 5472 a
183 5405 314 5496 peritis.
364 5403 438 5478 Nec
456 5433 539 5478 vero
560 5404 738 5496 dubitate,
770 5434 858 5502 qutn
880 5410 1055 5504 plerisque
1209 5433 1337 5494 Rietna.
1351 5436 1386 5492 tt.
1404 5453 1432 5508 p.
1445 5439 1506 5494 sos.
2042 5419 2076 5471 ¹³¹¹

1413 5509 1498 5582 35*
