4704 5826
121 279 221 358 1025

119 476 193 546 quo
214 464 333 544 postea
357 451 461 544 plura
485 449 612 520 dicam.
665 447 733 522 Sed
754 462 876 522 narrat
890 450 983 542 ipse,
1011 460 1111 520 tuto-

118 577 178 624 res
203 549 442 644 prohibuisse,
475 553 622 622 latinam
650 553 809 642 linguam
839 553 957 622 doceri
989 551 1111 622 adole-

119 668 294 740 scentem,
316 653 474 726 fortassis
488 678 534 724 nc
552 655 614 726 diu
630 655 669 724 in
685 653 811 726 studiis
829 653 1009 748 literarum
1024 652 1111 722 reti-

118 771 283 840 neretur,
308 781 348 826 ac
369 756 492 826 scribit
513 753 727 840 Nauclerus,
752 777 853 846 saepe
872 749 1111 833 Ebcrardum,

120 881 202 927 cum
224 873 342 950 postea
358 869 553 930 conventus
568 857 726 949 imperii,
750 868 935 926 sterteres
950 854 1111 925 nationes

120 960 255 1044 adiret,
287 984 368 1030 curn
389 958 521 1050 insigni
541 957 797 1048 significatione
820 956 956 1025 doloris
975 957 1111 1048 impro-

119 1059 223 1130 basse
244 1055 331 1130 haec
352 1060 516 1132 mandata
533 1073 713 1144 tutorum,
739 1081 779 1128 ac
801 1057 949 1138 dixisse,
974 1056 1110 1126 nemini

119 1162 233 1252 magis
264 1186 352 1254 opus
379 1183 453 1231 esse
482 1159 684 1249 cognitione
708 1159 891 1230 doctrinae
915 1171 949 1228 et
970 1157 1111 1247 lingua-

120 1285 222 1347 rum,
243 1287 349 1354 quarn
366 1261 537 1352 Principi.
586 1257 636 1332 Et
654 1274 773 1352 postea
796 1259 865 1329 sibi
888 1259 1110 1331 doctissimos

120 1357 285 1432 homines
309 1362 490 1446 adiunxit,
525 1385 544 1432 a
567 1363 699 1456 quibus
720 1375 755 1431 et
774 1359 953 1432 Ecclesiae
967 1359 1110 1430 ‘doctri-

120 1485 205 1530 nam
222 1463 377 1554 integre,
402 1475 576 1556 quantum
592 1477 728 1554 posset,
752 1463 918 1541 disceret,
946 1475 980 1533 et
994 1462 1110 1532 fontes

119 1563 302 1635 doctrinae
318 1563 410 1636 Iuris
430 1578 465 1637 at
483 1559 648 1637 historias
664 1577 906 1656 cognosceret,
924 1575 966 1634 ut
981 1563 1110 1634 deinde

119 1665 247 1739 dicam.

220 1779 393 1876 Egressus
407 1809 448 1858 er
462 1784 715 1874 adolescentia,
738 1786 777 1858 in
801 1786 886 1880 ipsis
907 1785 1020 1856 initiis
1045 1808 1110 1878 gu-

118 1885 339 1958 bernationis
368 1911 452 1958 suae
481 1891 665 1981 profectus·
686 1903 738 1960 est
767 1889 1036 1984 lerosolymam,
1075 1901 1111 1958 et

120 1991 205 2082 quia
231 1987 348 2060 studio
380 1991 568 2062 tenebatur
595 1989 742 2060 videndi
771 1988 916 2080 vestigia
942 1989 1008 2059 lilii
1030 1986 1109 2070 Dei,

117 2091 288 2184 impressa
310 2091 363 2160 illi
386 2092 541 2182 regioni,
565 2090 604 2162 in
625 2088 755 2186 quibus
776 2087 930 2163 illustria
950 2089 1106 2162 testimo-

117 2192 361 2264 niaeoelestis
382 2193 563 2266 doctrinae
584 2195 678 2266 edita
698 2209 801 2280 sunt,
826 2208 861 2266 et
879 2189 971 2289 quta·
985 2211 1109 2288 respu-

116 2295 228 2365 blicas
259 2296 365 2382 alibi,
386 2310 442 2368 .et
466 2296 661 2390 peritorum
685 2290 873 2366 hominum
896 2319 1037 2381 sensus,
1075 2311 1110 2368 ct

116 2419 237 2468 mores
261 2420 469 2488 cognoscere
484 2399 657 2490 cupiebat.
709 2396 752 2467 Iu
769 2421 809 2469 ea
825 2398 1108 2490 peregrinatione

117 2511 156 2567 et
175 2499 286 2570 multa
309 2501 452 2587 didicit,
477 2513 512 2571 et
531 2501 645 2571 virtus
667 2501 744 2571 eius
763 2501 801 2569 in
825 2499 993 2590 periculis
1009 2513 1044 2571 et
1056 2500 1108 2570 la-

114 2601 267 2672 boribus
283 2602 502 2692 perferendis
516 2603 637 2688 crevit,
663 2616 696 2673 et
711 2627 791 2672 cum
804 2601 846 2684 in
864 2601 1029 2671 omnibus
1045 2603 1108 2672 de-

115 2701 391 2773 liberationibus
432 2715 467 2772 et
498 2704 697 2775 actionibus
731 2703 800 2772 iam
834 2703 1040 2790 diligentior
1073 2716 1108 2774 et

117 2805 262 2894 gravior
276 2805 390 2876 factus
406 2816 512 2889 esset,
536 2827 718 2875 reversum
733 2803 1049 2896 magisadmirari,
1073 2819 1108 2876 et

115 2904 267 2996 diligere
283 2905 432 2998 patriam
452 2906 580 2997 eoepit.
854 2977 857 2984 ,

207 3022 414 3094 Inciderunt
427 3037 544 3095 autem
559 3023 700 3096 exordia
716 3023 983 3115 gubernationis
998 3022 1108 3116 ipsius

114 3125 157 3194 in
182 3138 341 3217 tempora
364 3126 449 3196 satis
469 3127 592 3201 tristia.
650 3125 811 3215 Agnatus
831 3149 948 3196 comes
965 3123 1108 3197 Ulricus

114 3227 224 3318 gessit
238 3227 372 3297 bellom
389 3227 537 3297 infoelix
553 3249 633 3297 cum
648 3224 829 3297 Friderico
840 3223 1025 3312 Palatino,
1051 3227 1108 3294 in-

117 3329 247 3398 citatus
262 3330 307 3398 ab
323 3324 473 3399 Alberto
487 3323 716 3412 Marehionc,
741 3351 761 3398 a
777 3328 878 3398 cuius
892 3329 980 3399 belli
996 3327 1109 3398 socie-

115 3444 189 3500 tate
213 3445 254 3502 ut
277 3430 470 3508 abstineret
489 3425 715 3514 Eberardus,
745 3441 858 3499 mater
879 3430 1042 3522 perfecit,
1068 3429 1107 3498 in

117 3554 188 3626 qua
200 3545 276 3602 erat
291 3531 462 3602 excellens
479 3529 670 3621 prudentia
693 3544 726 3602 et
743 3530 867 3604 virtus.
919 3530 1057 3604 Interea
1074 3543 1109 3601 et

115 3629 268 3702 Carolus
284 3631 501 3724 Burgundus
517 3630 748 3702 Germaniam
770 3633 954 3718 turbabat,
977 3645 1011 3702 et
1024 3629 1108 3700 Ma·

115 3729 285 3804 humatus
308 3745 408 3825 capta
426 3733 742 3825 Constantinopoli
763 3745 797 3804 ct
812 3747 945 3804 vastata
957 3731 1106 3804 Graecia

115 3835 252 3904 bellum
275 3837 505 3906 transferebat
526 3836 566 3904 in
588 3833 833 3922 Pannoniam,
867 3848 901 3905 ot
923 3835 1106 3927 aliquanto

115 3951 198 4028 post
214 3935 482 4007 Maximilianus
498 3937 634 4028 gallicis
649 3937 807 4006 artificiis
819 3952 939 4029 captus
955 3949 1018 4014 est,

221 4067 264 4140 ln
285 4065 341 4140 his
353 4071 504 4162 publicis
519 4071 658 4163 imperii
674 4069 841 4165 periculis
857 4096 930 4142 non
945 4072 1107 4142 adiunxit

115 4197 154 4244 se
167 4171 488 4244 ullisfactionibus.
539 4170 610 4243 Sed
624 4167 709 4242 haec
730 4175 802 4244 duo
822 4175 1008 4265 praecipua
1033 4193 1115 4244 esse,

115 4273 296 4366 Principis
316 4273 431 4344 officia
454 4273 543 4344 dixit
562 4273 654 4366 ipse:
681 4273 841 4344 Primum
860 4275 1052 4364 adiungere
1069 4298 1107 4344 se

116 4378 164 4446 ad
188 4373 442 4468 Imperatorem
466 4377 567 4444 etad
591 4375 733 4468 imperii
756 4389 936 4460 senatum,
970 4389 1004 4446 et
1024 4400 1105 4446 cum

115 4473 176 4546 his
191 4479 282 4548 velle
297 4477 388 4549 tueri
408 4499 633 4547 communem
660 4477 793 4567 patriae
816 4477 982 4560 salutem,
1007 4491 1046 4549 ut
1066 4477 1106 4546 in

114 4578 360 4650 animantibus
385 4579 524 4671 singula
553 4578 711 4670 membra
742 4576 808 4648 toti
837 4579 977 4670 corpori
1001 4603 1105 4672 opem

112 4683 210 4750 ferre
226 4692 411 4755 conantur.
461 4679 600 4752 Deinde
615 4679 799 4750 consulere
813 4693 847 4750 ct
860 4681 965 4750 saluti
982 4681 1107 4752 subdi-

114 4796 248 4854 torum.
308 4779 428 4870 Quare
449 4783 579 4852 auxilia
604 4779 813 4872 Imperatori
836 4779 1035 4867 Friderico,
1072 4796 1107 4854 et

115 4885 246 4954 deinde
265 4881 516 4954 Maximiliano
540 4883 691 4953 fideliter
712 4882 827 4966 misit,
858 4881 959 4953 duxit
979 4883 1107 4976 etipse

13 5049 14 5054 ,
115 4985 309 5057 exercitum
335 4985 374 5054 in
394 4983 577 5074 Belgicum
603 5007 732 5076 magno
756 4995 900 5074 sumptu
923 4985 969 5054 ad
988 4984 1106 5055 Maxi-

114 5087 306 5158 milianum
328 5087 572 5156 liberandum:
599 5097 634 5156 et
652 5111 731 5158 cum
748 5083 894 5175 frugalis
908 5102 1014 5169 esset,
1041 5083 1106 5159 hos

115 5203 278 5282 sumptus
292 5188 369 5259 sine
382 5187 520 5279 magnis
536 5187 811 5279 expilationibus
826 5187 1006 5264 sustinuit.

218 5321 387 5396 Liberato
403 5321 654 5392 Maximiliauo
678 5345 757 5393 cum
774 5321 847 5390 iam
862 5319 1050 5392 mediocris
1066 5318 1106 5388 iu

115 5419 310 5496 Germania
335 5424 576 5520 tranquillitas
597 5436 705 5508 esset,
731 5436 766 5494 et
786 5423 914 5511 ineo,
939 5434 1050 5496 aetate
1071 5435 1107 5494 et

167 5523 355 5597 Meum.
383 5533 489 5599 Oeen.
515 5531 600 5599 vos.
626 5529 689 5598 xl.

526 281 688 362 DECL.
738 282 815 362 ott
847 280 1216 366 EBERHARDO
1249 281 1402 360 DUCE
1436 281 1765 364 WUIITEMB.
1871 287 1872 292 ‘

2058 301 2154 373 1026

1162 473 1230 518 usu
1259 472 1377 520 rerum
1404 449 1595 540 prudentia
1624 453 1811 546 crevisset,
1856 469 1891 528 et
1923 473 2003 550 post
2031 463 2151 553 agnati

1162 566 1312 622 mortem
1329 551 1525 620 comitatus
1555 565 1741 648 utramque
1773 571 1908 648 partem
1933 585 2052 652 regere
2071 589 2150 634 coe-

1162 651 1289 742 pisset,
1316 652 1501 743 praecipue
1522 647 1589 724 hoc
1610 655 1698 745 egit,
1721 671 1761 726 ut
1778 658 1847 730 sibi
1863 660 1959 734 viros
1976 665 2149 756 sapientes

1163 767 1196 823 et
1220 752 1377 824 eruditos
1399 754 1623 843 adiungeret,
1658 781 1811 850 quorum
1841 763 1981 834 audiret
2001 769 2150 838 consilia

1163 855 1219 922 de·
1229 854 1391 924 maximis
1410 856 1527 925 rebus.
1580 855 1726 928 Viderat
1748 861 1844 931 enim
1867 875 1899 933 et
1923 862 2150 958 Imperatoris

1162 955 1301 1040 aulam,
1324 967 1359 1024 et
1373 953 1543 1026 Venetam
1560 958 1872 1050 gubernationem,
1905 978 1940 1034 et
1956 969 2055 1038 aulas
2072 970 2150 1042 Du-

1162 1080 1237 1125 cem
1261 1055 1453 1141 Saxooiae,
1479 1055 1623 1128 Ernesti
1647 1073 1682 1131 et
1698 1057 1859 1151 Alherti,
1884 1067 1948 1136 ubi
1973 1072 2018 1138 ad
2040 1094 2150 1162 nego·

1163 1157 1215 1226 cia
1240 1157 1335 1226 docti
1360 1151 1521 1227 homines
1545 1155 1819 1240 adhibebantur.
1871 1165 1990 1254 Quare
2014 1187 2050 1242 et
2075 1174 2149 1264 ipse

1164 1259 1247 1332 viris
1262 1258 1445 1328 nobilibus
1460 1260 1595 1332 addidit
1610 1259 1798 1344 Doctores,
1824 1267 1919 1337 inter
1934 1295 2023 1362 quos
2038 1277 2150 1344 excel-

1162 1360 1306 1430 luerunt
1329 1358 1454 1430 Petrus
1478 1361 1689 1434 Arlunensis
1714 1379 1749 1436 et
1772 1365 1920 1439 loannes
1944 1370 2150 1462 Nauclerns,

1162 1476 1198 1532 et
1214 1475 1293 1555 post
1309 1456 1375 1531 hos
1390 1459 1541 1553 Capnio.

1263 1610 1317 1688 Ac
1330 1629 1372 1688 ut
1385 1627 1457 1688 tota
1474 1615 1570 1708 regio
1588 1635 1775 1694 ornaretur
1797 1624 1977 1713 doctrina,
2003 1643 2037 1700 et
2053 1629 2150 1701 fieret

1162 1716 1310 1804 cultior,
1344 1733 1379 1790 ct
1401 1720 1440 1788 in
1460 1715 1626 1793 Ecclesiis
1646 1726 1760 1795 maior
1778 1727 1839 1796 lux
1861 1743 1948 1800 esset
1969 1732 2150 1802 doctrinae

1162 1819 1206 1888 de
1229 1817 1324 1902 Deo,
1358 1815 1584 1892 Academiam
1606 1827 1790 1898 constituit
1812 1827 2017 1920 Tubingae,
2055 1857 2149 1904 anuo

1161 1919 1350 1992 millesimo
1385 1924 1732 2016 quadringentesimo
1759 1933 2014 2020 septuagesimo
2041 1936 2151 2026 septi-

1161 2045 1241 2104 rno,
1280 2021 1451 2117 inquam
1478 2026 1660 2098 accersivit
1683 2031 1814 2098 multos
1840 2031 1962 2103 doctos
1987 2035 2084 2104 viros
2112 2037 2150 2104 in

1161 2124 1323 2196 doctrina
1337 2123 1533 2210 Ecclesiae,
1562 2127 1641 2196 lure
1657 2141 1691 2198 et
1707 2131 1786 2200 aliis
1802 2131 1950 2206 artibus.
1989 2132 2151 2216 Fuerunt

1161 2225 1214 2296 ibi
1230 2225 1321 2297 luris
1335 2229 1486 2298 consulti
1499 2226 1671 2314 Uranius,
1696 2231 1756 2323 qui
1775 2231 1879 2302 etiam
1896 2235 2045 2306 exltalia
2061 2261 2150 2308 con-

1161 2329 1358 2410 sulebatur,
1383 2327 1577 2419 Gregorius
1589 2328 2149 2425 LamparterlruperatoriMaxi·

1160 2431 1307 2500 miliano
1322 2432 1513 2500 admodum
1528 2432 1725 2505 familiaris.
1777 2430 1956 2526 Theologi
1970 2439 2056 2508 clari
2072 2441 2151 2514 fue-

1159 2545 1263 2616 runt,
1290 2529 1437 2602 Gabriel
1452 2530 1550 2618 Biel,
1570 2530 1835 2622 Summcnhart,
1858 2537 2150 2614 etWendelinus

1159 2633 1222 2727 qui
1245 2629 1338 2704 Duci
1362 2631 1546 2704 Eberardo
1575 2636 1869 2738 familiarissimus
1896 2641 1976 2715 fuit.
2034 2639 2150 2716 Erant

1158 2748 1275 2804 autem
1296 2729 1425 2804 horum
1449 2737 1609 2807 omnium
1627 2763 1743 2810 mores
1760 2744 1845 2812 casti
1869 2757 1902 2814 et
1926 2745 2049 2818 sancti.
2101 2743 2150 2818 Et

1162 2833 1425 2917 Wendelinus,
1451 2863 1530 2908 cum
1549 2839 1716 2912 adsiduus
1732 2843 1843 2924 lector
1859 2859 1946 2915 essct
1968 2868 2148 2918 sacrorum

1159 2937 1356 3021 librorum,
1386 2951 1421 3008 et
1436 2935 1647 3026 Augustini,
1674 2947 1881 3031 agnoscebat
1903 2947 2015 3016 multa
2035 2964 2150 3020 errata

1160 3061 1233 3108 esse
1257 3039 1296 3108 in
1320 3037 1634 3130 scriptisThomae
1658 3057 1691 3114 et
1705 3043 1819 3130 scoti,
1845 3036 1878 3117 et
1900 3047 2089 3135 similium,
2115 3064 2150 3120 at

1160 3139 1243 3211 satis
1268 3141 1377 3210 libere
1398 3141 1436 3209 in
1454 3137 1584 3211 scholis
1607 3145 1805 3214 doctrinam
1829 3149 1874 3216 de
1900 3151 2011 3237 gratia
2034 3151 2149 3221 since-

1159 3243 1290 3310 riorem
1307 3243 1478 3313 tradebat.
1528 3241 1597 3314 Hic
1615 3243 1817 3338 Principem
1840 3251 2006 3321 audiebat
2024 3268 2148 3342 peten-

1161 3355 1231 3411 tem
1248 3344 1525 3429 absolutionem,
1552 3340 1610 3414 hic
1633 3371 1712 3416 eum
1731 3351 1774 3418 de
1798 3351 1976 3421 benefieiis
1999 3353 2062 3422 lilii
2082 3353 2149 3424 Dei

1160 3443 1361 3529 erudiebat,
1386 3447 1530 3517 collecta
1550 3447 1654 3518 etiam
1676 3451 1877 3541 germanico
1901 3453 2030 3546 scripto
2052 3481 2148 3528 sum-

1159 3571 1216 3614 ma
1233 3546 1425 3618 doctrinae:
1698 3545 1705 3562 ’

1261 3693 1398 3787 Capnio
1429 3693 1613 3770 historiam
1637 3703 1841 3776 continuam
1866 3707 1911 3776 de
1931 3703 2148 3780 monarchiis

1159 3798 1349 3883 contexuit,
1374 3812 1408 3869 et
1423 3801 1594 3872 elementa
1608 3800 1699 3873 luris
1715 3805 1839 3894 civilis,
1866 3833 1955 3902 quae
1967 3823 2147 3904 uteunque

1159 3901 1251 3970 viam
1267 3899 1300 3970 ei
1318 3915 1555 3974 monstrarent
1574 3904 1612 3972 in
1627 3905 1831 3977 iudicando.

1262 4049 1476 4146 Quanquam
1491 4065 1609 4122 autem
1626 4053 1733 4122 latine
1751 4055 1953 4144 ignorabat,
1979 4071 2097 4128 tamen
2113 4073 2147 4130 et

1159 4145 1425 4242 Theologorurn
1452 4167 1485 4224 et
1511 4151 1603 4222 Iuris
1626 4156 1866 4226 consultorum
1890 4158 2147 4250 disputationes

1158 4253 1298 4332 adibat,
1324 4266 1357 4323 et
1373 4254 1615 4326 sciscitabatur
1631 4279 1730 4340 suos,
1756 4283 1824 4350 qua
1839 4261 1884 4330 de
1899 4283 1938 4329 re
1955 4261 2145 4352 disputatio

1159 4353 1320 4425 instituta
1339 4370 1447 4436 esset,
1480 4357 1563 4427 etsi
1588 4358 1674 4449 quid
1696 4359 1842 4448 dignum
1866 4362 2147 4434 consideratione

1158 4455 1379 4548 propositum
1396 4471 1487 4543 erat,
1513 4460 1709 4532 iubebatut
1725 4463 1922 4549 germanice
1937 4464 2148 4555 interpreta-
2172 4543 2177 4558 ι

1159 4572 1291 4628 rentur.
1340 4555 1523 4644 Interdum
1546 4573 1578 4630 et
1602 4560 1675 4650 ipse
1699 4585 1779 4632 suas
1801 4565 2030 4654 cogitationes
2053 4567 2146 4636 inter

1158 4661 1317 4730 doctores
1333 4660 1446 4758 palam
1460 4663 1698 4764 proponebat,
1724 4678 1764 4736 ut
1782 4667 2020 4738 controversia
2036 4669 2147 4758 magis

1157 4761 1402 4854 explicaretur.

1258 4909 1473 5004 Plerumque
1489 4937 1569 4981 cum
1577 4910 1764 5004 Tubingae
1777 4915 1862 5002 fuit,
1888 4917 2023 4992 dimisit
2037 4925 2148 4994 comi-

1159 5027 1273 5085 tatum
1289 5013 1329 5086 in
1347 5037 1476 5084 arcem.
1512 5011 1590 5103 Ipse
1606 5013 1752 5086 divertit
1764 5015 1984 5092 adNaucleri
2001 5026 2147 5096 domum

1159 5117 1339 5205 exiguam,
1365 5118 1426 5186 sed
1449 5115 1602 5186 vicinam
1625 5118 1770 5209 templo.
1820 5119 1904 5192 Fuit
1927 5125 2022 5194 enim
2041 5122 2148 5199 huius

1157 5217 1228 5286 viri
1250 5229 1285 5288 ct
1306 5217 1433 5288 eximia
1459 5217 1612 5290 eruditio
1635 5233 1669 5290 ct
1683 5241 1818 5292 summa
1834 5223 2033 5316 integritas,
2059 5243 2094 5301 et
2109 5244 2150 5301 ut
2272 5246 2276 5254 '

1158 5316 1296 5411 Capnio
1314 5321 1357 5390 de
1373 5343 1414 5390 eo
1433 5321 1669 5411 praedicebat,
1694 5322 1733 5391 in
1749 5322 1940 5398 iudicando
1960 5329 2150 5420 singularis

1159 5421 1347 5497 rectitudo.
1400 5419 1457 5492 lbi
1481 5447 1561 5494 cum
1586 5437 1667 5496 ante
1691 5424 1808 5496 lucem
1829 5445 2031 5522 surgerent,
2057 5435 2151 5506 dicta

1442 5520 1492 5598 65

2238 407 2261 446 Ι
