4718 5828
103 255 154 330 1⁷
186 283 194 288 ·
505 249 677 330 DECL.
708 248 783 328 DE
814 248 1230 332 CORRIGENDIS
1263 249 1435 328 anot..
1468 253 1717 340 STUDIIS.
2082 269 2129 342 ts
2199 259 2207 270 ”

101 425 207 504 ltalia
229 425 449 500 saeviebant:
482 427 646 498 noudum
674 425 770 496 euim
798 424 964 496 universa
985 421 1094 497 Chri·
1145 419 1468 518 ptaMathematica
1483 428 1633 510 deserta,
1659 427 1766 502 Sacra
1784 425 2020 525 negligentius
2036 441 2129 514 culta

101 543 199 600 stum
221 531 468 622 profitebatur.
514 525 558 596 ln
579 521 677 598 huuc
700 541 818 596 rerum
835 539 964 598 statum
981 525 1093 598 Caro·
1145 541 1239 598 sunt.
1293 525 1376 616 Quo
1399 530 1514 615 malo,
1549 555 1640 624 quac
1664 533 1802 605 saevior
1824 538 1932 626 pestis
1956 561 2030 610 esse
2063 567 2130 634 po·
2168 541 2173 546 ’

101 633 161 702 lus
191 645 317 717 uatus,
350 655 431 702 cum
463 629 551 700 flues
573 626 733 700 Romani
754 627 896 718 imperii
917 645 1093 720 pecasset,
1144 629 1239 699 tuit?
1288 626 1393 702 Certe
1414 632 1514 702 nulla
1529 633 1884 732 vulgariorunquam
1906 640 1985 715 init.
2038 641 2128 728 Nam

102 735 149 802 ad
166 733 417 804 instaurandas
438 732 559 802 literas
576 730 734 800 animum
752 730 891 800 adiecit.
941 728 1033 800 Nam
1058 745 1093 804 et
1145 731 1285 798 eumad
1309 755 1385 800 eam
1410 755 1522 827 usque
1544 747 1713 825 aetatem,
1742 753 1774 809 et
1800 734 2032 834 Philosophia
2054 757 2127 818 tota

101 835 180 926 ipse
200 849 340 926 praeter
360 835 553 904 multarum
578 853 696 902 rerum
720 831 979 921 cognitionem,
1013 834 1091 924 ple·
1146 829 1281 902 Graeca
1298 832 1439 916 luisset,
1457 848 1689 924 etsacrorum
1704 837 1853 910 Latinae
1867 842 2128 936 literae‚prae-

101 959 233 1030 rasque
256 936 478 1027 disciplinas,
504 955 595 1027 quae
615 929 748 1004 scholis
773 933 922 1016 debent,
948 935 1092 1026 expedi·
1144 946 1197 1004 ter
1218 931 1458 1027 Cypriauum,
1493 934 1693 1018 Hilarium,
1720 937 1971 1028 Ambrosium,
1996 945 2127 1022 Hiero-

100 1053 156 1110 tas
171 1051 209 1108 et
222 1049 418 1129 compertas
431 1032 597 1106 habebat.
636 1030 832 1106 Alcuiuum
848 1059 890 1104 ex
905 1032 1036 1126 Augila
1052 1039 1091 1106 iu
1143 1059 1310 1130 nymum,
1337 1037 1597 1128 Augustinum,
1631 1041 1752 1112 nullae
1774 1043 1931 1135 insigues
1956 1063 2126 1142 extarent,

102 1137 234 1212 Gallos
250 1140 370 1224 duxit,
395 1163 467 1233 quo
491 1132 662 1222 authore,
687 1135 815 1207 Parisii
837 1137 957 1206 literas
980 1139 1088 1228 proli-
1143 1151 1178 1206 et
1194 1134 1414 1208 Graecorum
1436 1164 1539 1211 usum
1558 1143 1785 1214 vernaculum
1802 1169 1898 1217 sacra
1917 1143 2125 1226 Occidentis

100 1242 170 1312 teri
186 1253 397 1332 coeperunt,
423 1238 581 1331 auspicio
598 1252 690 1308 certe
708 1238 813 1309 laeto.
865 1235 956 1308 Nam
980 1265 1089 1331 purae
1142 1261 1268 1328 magna
1291 1263 1333 1308 cx
1350 1253 1450 1331 parte
1466 1255 1611 1314 eatenus
1628 1239 1851 1328 habuissent,
1878 1249 1955 1320 fieri
1971 1277 2044 1324 uon
2059 1281 2125 1347 po-

101 1336 221 1414 adhuc
238 1354 360 1426 crant,
384 1355 420 1412 et
433 1342 620 1412 accedebat
638 1337 857 1410 Graecarum
877 1363 995 1410 rerum
1015 1365 1090 1412 me-
1142 1341 1229 1425 tuit,
1268 1342 1356 1433 quin
1392 1339 1539 1414 Graecis
1572 1348 1800 1446 contemptis,
1840 1373 1911 1422 una
1946 1356 2121 1450 quidquid
2224 1443 2227 1450 ,

101 1443 388 1534 diocrisperitia.
421 1439 475 1512 Ea
491 1441 596 1512 uobis
610 1454 704 1512 aetas
721 1440 911 1530 Hugones,
936 1438 1090 1514 Richar-
1142 1443 1320 1512 commodi
1353 1445 1479 1516 studiis
1511 1441 1678 1517 humanis
1708 1445 1939 1542 Philosophia
1974 1461 2122 1546 confert,

101 1547 187 1625 dos,
228 1559 263 1614 et
295 1545 384 1616 alios
414 1567 489 1614 non
532 1543 703 1635 pessimos
740 1543 929 1634 scriptores
967 1545 1089 1616 edidit.
1142 1546 1419 1616 consectantem
1443 1547 1549 1637 longe
1573 1549 1786 1640 plurimum,
1811 1554 2123 1632 deindecurasa-

100 1641 358 1739 Philosnphia,
391 1670 466 1716 non
486 1645 541 1714 uti
569 1667 684 1728 nuuc,
716 1669 757 1714 ex
780 1639 971 1716 Aristotele
992 1661 1090 1740 pete·
1141 1669 1283 1716 crorum
1303 1647 1432 1718 sensim
1457 1649 1633 1722 interiret.
1692 1649 1762 1722 llic
1790 1677 1889 1728 casus
1912 1683 1995 1728 vere
2016 1657 2121 1733 Chri-

100 1746 506 1833 batur‚;ed10tqmsibi
523 1747 732 1816 adseverant
748 1741 984 1834 Mathemata,
1000 1773 1089 1842 quae
1140 1749 1273 1820 stiauos
1290 1743 1465 1820 Ecclesiae
1482 1751 1572 1822 ritus
1592 1776 1633 1822 ac
1655 1775 1792 1840 mores,
1814 1757 1875 1827 illc
1900 1763 2016 1834 studia
2041 1765 2123 1836 lite-

101 1873 252 1940 maguae
277 1873 381 1920 curae
411 1862 487 1920 tum
510 1848 642 1918 literati
666 1871 791 1920 omues
816 1843 1015 1935 habebant,
1049 1851 1085 1920 id
1141 1850 1511 1925 rarumlabelactavit.
1545 1847 1706 1948 Aequius
1719 1856 1838 1927 forsan
1855 1861 2000 1934 alterius
2017 1867 2119 1940 ruiua

102 1955 202 2045 quod
223 1951 385 2022 indicant
407 1964 543 2022 veteres
560 1945 823 2020 Monachorum
841 1951 915 2020 divi
932 1949 1087 2022 Benedi-
1140 1952 1226 2022 terri
1250 1951 1400 2043 potuit·
1426 1951 1517 2024 Nam
1538 1969 1574 2024 et
1596 1957 1772 2048 lapsantes
1797 1961 1933 2048 literas,
1956 1966 2121 2040 incorru-

101 2054 151 2124 cti
174 2048 428 2124 bibliothecae:
471 2052 647 2146 equibus
678 2073 783 2121 nemo
814 2052 930 2122 clarus
963 2054 1088 2139 extitit,
1142 2054 1192 2144 pti
1208 2049 1385 2124 Ecclesiae
1403 2055 1514 2141 ritus,
1538 2056 1641 2127 lacile
1666 2059 1862 2132 instaurare
1878 2077 2060 2155 poterant,
2087 2087 2122 2146 ct

102 2157 166 2248 qui
185 2180 259 2236 uon
274 2179 381 2246 opere
396 2149 649 2224 Mathematico
672 2153 719 2222 sit
733 2153 971 2224 eruditionem
987 2178 1087 2226 suam
1140 2155 1245 2225 bouis
1273 2155 1406 2242 literis,
1445 2158 1475 2226 si
1506 2183 1596 2251 quac
1626 2160 1743 2230 salvae
1770 2166 1997 2255 mansissent,
2031 2172 2122 2244 libe-

103 2259 244 2347 egregie
265 2249 421 2328 testatus.
471 2252 612 2326 Deinde
635 2277 703 2324 usu
728 2268 878 2326 resecta
901 2268 972 2341 est,
997 2257 1088 2330 inci·
1139 2281 1219 2326 rum
1258 2269 1350 2343 crat,
1382 2259 1547 2330 ruinosos
1575 2255 1754 2332 Ecclesiae
1772 2253 1903 2338 'mores
1938 2273 2122 2363 corrigere,

31 2363 35 2371 .
102 2361 304 2452 fletumque
329 2353 492 2428 homines
513 2357 679 2448 quidam,
711 2355 785 2424 ,qve
813 2357 964 2426 libidine
989 2358 1087 2449 inge..
1138 2357 1276 2433 auimos
1298 2355 1486 2430 bominum
1517 2361 1672 2434 iacentes
1697 2364 1866 2450 excitare,
1900 2373 2121 2463 confirmare,
2161 2385 2164 2390 ’

103 2460 267 2546 nicrum,
293 2459 367 2537 siae
381 2483 502 2533 amore
517 2459 635 2530 litium
651 2457 767 2542 ducti,
794 2458 832 2526 iu
848 2457 1088 2544 Aristotelem,
1140 2459 1233 2530 etin
1257 2460 1421 2530 ordinem
1445 2485 1581 2554 cogere.
1639 2459 1689 2536 At
1710 2491 1795 2540 vero
1819 2469 1894 2542 'sive
1917 2474 2007 2560 sato,
2046 2479 2121 2550 sive

103 2587 257 2655 eumque
291 2585 475 2647 mancum,
515 2573 549 2630 et
581 2559 757 2643 lacemm,
788 2573 823 2630 et
856 2561 920 2655 qui
953 2561 1088 2655 alioqui
1140 2577 1260 2632 nostro
1276 2561 1363 2633 vitio
1378 2565 1516 2650 evenit,
1541 2566 1648 2636 simul
1668 2567 1784 2638 honac
1807 2570 1930 2644 literae
1955 2600 2029 2648 nou
2056 2581 2121 2652 bo-
2235 2651 2238 2662 Δ

105 2661 255 2734 Graecis
283 2656 565 2747 obscurus,'acui
591 2655 635 2732 τὸ
658 2655 761 2743 tobia
786 2661 913 2730 similis
935 2663 1087 2748 videtur,
1139 2663 1217 2748 uis,
1244 2663 1357 2754 prisca
1373 2665 1483 2755 pictas
1500 2667 1725 2755 ceremoniis,
1751 2665 1939 2746 homiuum
1956 2681 2120 2752 traditio-

102 2763 231 2838 Latine
264 2766 314 2836 sic
335 2765 532 2848 redditum,
565 2775 606 2832 ut
629 2763 734 2832 etiam
756 2761 914 2857 Sibyllae
936 2764 1088 2835 furentis
1139 2765 1266 2846 nibus,
1293 2766 1624 2854 constitutionibus,
1648 2771 1827 2857 decretis,
1854 2779 2036 2869 capitulis,
2061 2807 2121 2854 ex-

102 2869 325 2938 cuniecturas
348 2879 523 2936 exerceret
530 2890 540 2960 ‚²
571 2861 652 2934 Huc
673 2876 791 2933 tamen
811 2865 946 2940 incauti
968 2861 1084 2946 homi·
1139 2866 1461 2957 travagationibus,
1485 2869 1610 2958 glossis
1630 2865 1870 2967 demesticos
1896 2894 2031 2954 mutata
2059 2899 2121 2961 est.

102 2993 166 3039 nes
188 2970 422 3060 impegerunt.
482 2965 623 3038 Sensim
644 2965 823 3056 neglectae
843 2968 1007 3038 meliores
1030 2970 1087 3037 di·
1137 2967 1261 3062 Neque
1291 2970 1416 3042 retulit
1439 2973 1535 3064 quod
1559 2969 1693 3044 Nicena
1721 2973 1867 3068 Synodo
1892 2978 2014 3054 Patres
2048 3000 2120 3056 tam

101 3071 292 3163 sciphusa,
317 3069 517 3140 eruditione
533 3065 669 3140 Graeca
692 3067 903 3150 excidimus,
936 3070 1085 3140 omniuo
1138 3072 1331 3162 prudenter
1359 3079 1545 3158 caverunt,
1577 3067 1625 3144 cd
1659 3071 1799 3170 ἀρχαῖα
1828 3076 2121 3180 ἕθηχρατείτω,

101 3199 167 3266 pro
194 3174 300 3244 honis
324 3195 398 3243 nou
426 3172 520 3242 bona
542 3169 663 3240 doceri
683 3183 816 3260 coepta.
877 3168 973 3240 Hinc
1001 3197 1086 3264 pro·
1139 3168 1318 3242 Audacius
1333 3167 1419 3244 haec
1437 3175 1560 3248 videar
1573 3176 1698 3262 alicui,
1725 3203 1830 3270 quam
1847 3205 1887 3250 cx
1903 3209 1970 3254 usu
1985 3190 2041 3260 vel
2059 3215 2120 3260 ae-

100 3277 201 3344 diere
249 3269 432 3358 l'homae,
489 3271 605 3354 Scoti,
656 3268 840 3354 Ducendi,
890 3269 1087 3364 seraphici,
1138 3273 1219 3344 tatis
1243 3275 1298 3343 vel
1322 3276 1519 3346 studiorum
1543 3301 1721 3349 meorum:
1755 3304 1900 3370 verum,
1924 3301 1965 3360 ut
1987 3289 2037 3360 sic
2064 3294 2121 3362 di.

98 3374 313 3460 Cherubici,
339 3388 373 3446 et
393 3374 524 3467 reliqui
546 3372 666 3468 proles
688 3373 912 3443 numerosior
932 3371 1085 3446 Cadmca
1138 3400 1233 3460 cam,
1272 3400 1326 3446 res
1364 3391 1516 3464 vestrae,
1553 3379 1700 3470 ingenui
1731 3380 1896 3471 invenes,
1927 3392 2119 3479 postulant.
2205 3424 2213 3436 ⁸
2313 3380 2326 3428 '¹

100 3480 237 3551 subole.
257 3477 261 3484 ’
291 3477 438 3546 Accedit
457 3476 619 3566 insuper,
644 3475 741 3567 quod
763 3498 838 3544 uon
857 3476 973 3544 solum
998 3501 1083 3546 con·
1139 3477 1226 3546 Nam
1242 3491 1282 3547 ut
1298 3478 1444 3570 quidam
1462 3481 1604 3570 segnius
1620 3507 1700 3552 cum
1715 3483 1820 3554 bouis
1835 3490 1970 3562 artibus
1986 3493 2023 3563 in
2039 3518 2120 3585 gra-

99 3580 227 3672 tempti
244 3592 378 3648 veteres
392 3578 510 3648 studio
526 3600 714 3659 novorum,
739 3579 800 3646 sed
818 3577 966 3646 omnino
980 3577 1008 3646 si
1023 3579 1085 3671 qui
1137 3578 1224 3646 tiam
1250 3581 1414 3664 redeant,
1440 3581 1610 3668 nimirum
1637 3585 1675 3654 iu
1691 3608 1793 3656 causa
1811 3601 1882 3670 est,
1908 3597 2005 3686 quod
2027 3620 2120 3668 non-

99 3685 138 3753 in
155 3705 235 3752 eam
249 3693 455 3772 supereraut
471 3691 635 3762 aetatem,
649 3701 713 3746 ceu
728 3677 765 3746 iu
780 3672 918 3748 Lethen
934 3679 1085 3770 ablegati
1137 3681 1222 3750 dum
1238 3681 1427 3775 quisquam
1446 3705 1506 3754 eos
1525 3683 1637 3754 libere
1658 3687 1855 3762 admonuit.
1909 3691 1984 3764 lam
2011 3696 2121 3788 igitur

98 3785 306 3876 perierunt,
328 3795 368 3851 ut
384 3781 525 3852 dubites
539 3803 627 3850 uum
645 3779 714 3848 alia
732 3803 769 3850 re
786 3780 1004 3869 argutiarum
1022 3805 1087 3852 au·
1138 3783 1354 3870 cognuscite,
1386 3809 1559 3877 quaenam
1589 3787 1635 3858 sit
1665 3787 1727 3857 illa
1749 3785 1989 3865 Barbarorum
2022 3825 2120 3870 com·

100 3883 221 3957 shores
245 3885 325 3975 plus
349 3882 559 3967 nocuerint,
589 3904 695 3974 quam
719 3881 815 3973 quod
837 3883 1005 3952 vecordes
1031 3897 1086 3954 tot
1139 3886 1322 3954 mentandi
1339 3886 1448 3971 ratio,
1473 3910 1564 3980 quae
1587 3911 1605 3958 e
1629 3890 1761 3982 quibus
1783 3897 1935 3970 manarit
1961 3897 2121 3974 fontibus
2187 3911 2189 3914 ’

99 3987 213 4058 millia
241 3999 399 4058 veterum
421 3984 632 4075 scriptorum
654 3983 698 4051 ad
727 3983 1000 4054 internicionem
1026 4008 1085 4054 us·
1138 3984 1296 4058 audistis.
1348 3983 1490 4058 Artium
1508 4012 1636 4079 genera
1651 3992 1799 4064 omnino
1817 3995 1883 4067 tria
1899 4014 2000 4087 sunt,
2021 4007 2121 4103 loys-

100 4114 169 4182 qne
185 4087 323 4158 aboleri
339 4087 430 4178 passi
450 4097 544 4158 suut.
589 4081 741 4155 Talibus
756 4084 886 4154 deiude
906 4085 1014 4182 semel
1029 4087 1086 4156 iu·
1136 4080 1224 4171 κὸν,
1261 4083 1442 4180 φυσικὸν,
1477 4083 1755 4186 προτρεπτικόν.
1837 4095 2011 4190 Logicum
2048 4108 2120 4176 vim
2161 4145 2163 4152 ·

100 4193 148 4262 ἡ,
166 4190 285 4259 divini
301 4213 339 4258 ac
359 4183 508 4258 humani
522 4199 672 4277 potestas
687 4187 777 4256 lacta
802 4199 872 4266 est,
899 4213 940 4256 ex
955 4182 1084 4258 horum
1138 4209 1277 4256 omnem
1301 4211 1340 4258 ac
1367 4189 1573 4262 discrimina
1598 4195 1771 4265 sermonis
1794 4209 1937 4286 tractat,
1975 4219 2011 4275 et
2036 4231 2118 4282 cum

100 4293 252 4364 decretis
278 4291 443 4362 iuventus
460 4287 701 4359 erudiebatur.
741 4285 897 4357 Proinde
917 4289 955 4356 in
969 4290 1085 4358 scien·
1139 4312 1200 4380 per
1216 4288 1333 4380 ipsum
1357 4291 1394 4359 iu
1416 4292 1477 4360 illa
1493 4295 1673 4384 superiora
1690 4297 1736 4366 sit
1751 4298 1837 4381 iter,
1864 4303 2020 4391 primum
2044 4309 2119 4380 lor-

101 4395 185 4466 tiam
197 4392 293 4464 Iuris
312 4416 351 4462 ac
367 4415 441 4460 rem
463 4389 640 4460 Medicam
658 4381 790 4480 pariter
803 4385 949 4482 posthac
972 4392 1085 4460 saevi·
1138 4392 1286 4460 mandae
1301 4392 1472 4482 pueritiae
1488 4395 1730 4468 rudimentum
1759 4413 1829 4484 est,
1856 4403 1976 4475 literas
2003 4411 2120 4498 docet,

100 4511 186 4568 mm.
199 4509 270 4565 θα,
297 4487 497 4586 oportebat
521 4491 615 4560 enim
633 4490 783 4560 similem
801 4493 1086 4583 praeceptoribus
1137 4493 1385 4582 proprietatem
1410 4497 1583 4566 sermonis
1603 4512 1662 4568 ant
1681 4501 1811 4590 regulis
1827 4505 2034 4598 adstringit,
2058 4528 2121 4585 aut

102 4597 438 4687 di„;pu111messa,
472 4606 513 4664 ut
539 4593 639 4662 aiuut
661 4593 767 4680 vulgo
792 4597 912 4666 κακοῦ
928 4587 1087 4689 κόρακος
1137 4594 1273 4663 collatis
1286 4611 1449 4666 autorum
1467 4599 1604 4687 liguris,
1630 4599 1763 4672 indicat
1780 4604 1865 4696 quid
1883 4609 2059 4695 observes,
2081 4616 2119 4686 id

101 4691 217 4772 κακὸν
233 4692 323 4768 dds.
375 4693 473 4766 Haec
486 4695 577 4764 ratio
594 4695 793 4763 studiorum
813 4710 930 4764 annos·
947 4696 1086 4767 circiter
1137 4698 1233 4788 quod
1268 4697 1341 4766 sere
1369 4696 1609 4770 Grammatica
1641 4719 1805 4793 praestat.
1865 4705 2004 4782 Deinde
2038 4740 2119 4787 cum

102 4797 328 4872 trecentosin
348 4795 496 4892 Auglia,
520 4798 561 4868 in
579 4793 729 4878 Galliis,
753 4795 792 4862 iu
815 4793 1007 4866 Germania
1028 4823 1085 4868 re·
1138 4797 1243 4889 paulo
1261 4821 1466 4890 progressus
1487 4799 1613 4887 fueris,
1638 4803 1810 4876 iudicium
1830 4810 1959 4882 animis
1977 4839 2120 4910 compa·
2226 4871 2238 4882 -.

103 4904 239 4992 gunvit,
272 4912 312 4970 ut
335 4921 381 4968 ne
405 4901 491 4993 quid
511 4898 656 4968 iuterim
681 4896 798 4966 dicam
828 4897 1084 4970 immodestius.
1138 4912 1211 4980 rat,
1238 4923 1308 4994 quo
1323 4915 1434 4971 melas
1449 4927 1586 4985 rerum,
1612 4918 1729 4986 otius,
1756 4908 1861 4991 fines,
1883 4915 2047 5002 ductum,
2070 4922 2120 4992 sle

103 5003 216 5093 Quam
232 5001 451 5096 perniciosa,
477 5001 651 5070 coniicere
669 4999 751 5069 licet
768 5002 1026 5089 propemodum
1043 5023 1083 5072 ex
1137 5023 1322 5090 agnoscas,
1348 5017 1389 5074 ut
1405 5005 1518 5076 sicubi
1534 5005 1620 5098 quid
1643 5007 1808 5080 inciderit
1830 5027 1947 5086 exacte
1965 5031 2120 5092 tractau-

103 5101 154 5176 hi,
175 5129 266 5198 quae
289 5103 383 5188 dixi,
420 5116 525 5195 atque
554 5115 595 5174 ut
616 5101 721 5193 plane
747 5100 972 5192 intelligatis,
1007 5103 1085 5174 ani·
1137 5105 1244 5185 dum,
1269 5105 1388 5174 omnia
1408 5131 1497 5200 quae
1514 5109 1558 5176 ad
1576 5107 1778 5180 institutum
1794 5118 1992 5204 pertinent,
2018 5126 2119 5214 quasi

102 5233 195 5276 mum
215 5205 405 5278 apponite,
463 5202 643 5291 Primum,
677 5202 823 5272 desertis
848 5217 1007 5274 veterum
1027 5207 1084 5275 di·
1137 5203 1176 5273 iu
1192 5219 1377 5276 numerato
1392 5203 1541 5288 habeas,
1568 5223 1602 5280 et
1616 5211 1702 5281 artis
1718 5214 1943 5290 adminiculis
1965 5219 2013 5292 ita
2038 5249 2120 5296 scn-

103 5310 275 5400 sciplinis,
298 5308 443 5400 quando
461 5307 573 5375 audax
589 5305 656 5375 ista
672 5305 937 5374 commentandi
952 5320 986 5376 et
1003 5303 1085 5399 phi·
1137 5329 1196 5375 sus
1219 5308 1424 5378 auditorum
1446 5311 1582 5402 capias,
1622 5325 1662 5382 ut
1684 5315 1870 5387 dissentire
1890 5333 2020 5394 temere
2045 5351 2121 5398 uon
2235 5369 2237 5375 s

102 5405 312 5498 losophaudi
335 5408 428 5478 ratio
451 5407 620 5492 invaluit,
644 5405 752 5476 simul
769 5403 903 5478 Graeca
926 5422 1085 5480 contem·
1138 5423 1281 5501 queant.
1333 5407 1411 5482 Hae
1434 5428 1549 5506 partes
1572 5413 1671 5485 illius
1694 5429 1796 5500 suut,
1823 5443 1928 5514 quam
1954 5449 2019 5498 uos
2034 5429 2122 5504 Dia-
2196 5489 2198 5494 .
2232 5402 2236 5408 Ι

147 5511 338 5584 Mesenen.
365 5513 471 5580 Oeen.
498 5513 580 5580 Vos..
608 5510 669 5595 XI.
1516 5514 1542 5584 2
1717 5515 1718 5520 ’
