4704 5826
112 291 185 368 sut

107 463 248 562 quinio
263 464 391 552 furnis,
413 489 513 536 more
527 460 656 538 horum
669 480 883 558 temporum,
909 464 999 535 cocti
1016 476 1111 534 sunt.

106 565 157 640 Et
172 569 276 640 aiunt
289 569 416 670 furnos
430 568 617 640 inventum
631 564 847 664 Aegyptium
862 589 945 640 esse.

213 697 295 772 Alia
324 701 393 773 tuit
415 701 599 796 antiquior
627 703 864 786 consuetudo,
885 698 1109 792 'priusquam
1158 661 1390 756 genlef'hm

105 803 208 874 furni
225 817 359 886 essent,
386 827 537 899 coquere
555 827 664 897 panes
686 817 795 874 tectos
812 802 991 872 cineribus
1016 801 1110 870 inter

105 908 291 976 carbones.
342 903 394 976 Hi
418 905 653 976 nominantur
676 897 895 1006 ἐγκρύφιαι,
931 926 1021 999 qnae
1045 927 1108 994 ap-

104 1009 254 1100 pellatio
274 1031 375 1102 saepe
394 1009 438 1078 in
455 1009 562 1078 sacris
577 1009 680 1079 libris
702 1007 849 1101 repetita
868 1019 936 1088 est,
964 1004 1047 1100 quia
1069 1005 1108 1072 in

105 1111 289 1182 sacrificiis
313 1105 382 1182 hoc
408 1111 515 1181 modo
544 1111 633 1182 cocti
663 1133 772 1202 panes
807 1109 1108 1202 proponebantur.

106 1211 232 1301 Quare
249 1227 282 1286 et
298 1227 433 1286 veteres
446 1212 635 1306 scriptores
650 1213 689 1282 in
704 1209 882 1298 Ecclesia,
910 1211 949 1280 in
964 1232 1108 1279 enarra-

104 1317 207 1386 tione
233 1315 508 1400 sacrificiorum,
541 1315 666 1386 dicunt
687 1316 867 1386 interdurn
884 1308 939 1384 his
954 1311 1108 1404 panibus

103 1419 298 1488 sacrificari
322 1418 435 1488 lilium
459 1415 528 1487 Dei
552 1418 722 1488 iacentem
744 1417 782 1486 in
806 1415 1002 1498 cineribus,
1027 1435 1107 1483 cum

107 1545 176 1614 pro
192 1519 297 1590 nubis
314 1519 458 1591 victima
478 1519 591 1589 lactus
609 1533 677 1590 est:
705 1519 856 1613 ideoque
873 1517 911 1586 in
929 1514 1108 1586 sacrificiis

105 1617 202 1692 hauc
227 1621 378 1714 speciem
401 1617 594 1692 exhibitam
619 1645 710 1712 esse,
744 1634 785 1691 ut
810 1621 1002 1712 cogitemus
1033 1616 1107 1707 pri-

106 1749 208 1794 mum
225 1726 269 1794 de
282 1723 357 1794 lilio
370 1719 436 1794 Dei
456 1723 506 1793 sic
522 1723 685 1794 involuto
701 1723 899 1808 cineribus,
927 1719 1056 1790 deinde
1074 1731 1107 1786 et

105 1827 154 1896 de
177 1826 306 1897 nostris
335 1825 526 1900 aerumnis.
588 1819 742 1918 Oportet
767 1824 861 1894 enim
885 1846 950 1892 nos
973 1819 1106 1890 similes

76 2000 79 2008 ,
105 1927 186 1998 ficri
202 1927 367 2018 imaginis
388 1927 453 1996 lilii
469 1923 548 2000 Dei.
601 1925 728 2000 Uritur
748 1951 830 1996 vera
848 1921 1003 2003 Ecclesia
1027 1937 1105 1994 tan-

106 2053 216 2124 quam
240 2030 421 2100 cineribus
443 2031 589 2113 obruta,
615 2055 695 2100 cum
722 2028 828 2098 variis
848 2023 1107 2096 calamitatibus

106 2133 148 2202 in
162 2127 228 2203 hac
241 2133 313 2202 vita
330 2144 523 2202 exercetur.
576 2129 629 2204 lta
644 2131 817 2202 efficimur
830 2129 869 2198 in
886 2125 1106 2199 confessione

107 2248 144 2305 et
161 2234 388 2305 invocatione
404 2257 512 2326 panes
528 2231 603 2304 Deo
620 2231 824 2305 consecrati.

210 2367 292 2441 Huc
317 2383 352 2442 et
374 2369 463 2439 aliae
480 2367 700 2440 differentiae
720 2369 805 2438 addi
825 2377 981 2460 possunt.
1030 2359 1105 2434 Alii

108 2495 218 2566 panes
242 2485 326 2543 sunt
353 2473 573 2558 fermentati,
607 2473 669 2542 alii
696 2472 772 2542 sinc
800 2471 983 2540 fermento.
1035 2465 1104 2537 Sed

106 2575 332 2646 vescentibus
355 2573 479 2646 utilior
499 2575 745 2662 fermentatus,
777 2573 861 2668 quia
887 2593 966 2640 cum
992 2593 1106 2639 rarroc

108 2677 156 2749 sit
169 2689 204 2748 et
218 2678 341 2762 levior,
367 2675 506 2748 facilins
523 2677 775 2770 concoquitur,
802 2675 925 2766 etipsa
941 2673 1105 2742 fermenta

107 2794 236 2850 natura
253 2779 533 2870 penetrationem
552 2779 706 2849 adiuvat.
754 2775 845 2849 Sunt
861 2789 895 2846 et
912 2775 1104 2865 figurarum

107 2881 350 2966 differentiae,
374 2894 416 2953 ut
430 2875 632 2974 βατίχυλος
647 2881 748 2973 panis
765 2893 825 2965 est,
851 2878 914 2972 qui
930 2877 1024 2969 apud
1040 2897 1105 2944 nos

107 3009 128 3054 a
144 2984 256 3076 ligura
271 2979 416 3054 rhombi
429 2979 519 3056 hiet!
534 3006 664 3052 nornen
681 2977 797 3052 habet.

210 3115 307 3190 Haec
329 3118 608 3210 appellationum
631 3115 835 3188 discrimina
852 3137 948 3184 nunc
967 3109 1105 3200 collegi,

108 3223 240 3318 quibus
256 3222 417 3310 cognitis,
443 3220 601 3290 iuniores
614 3219 754 3290 facilius
767 3219 885 3307 legent
898 3213 1026 3306 scripta
1042 3235 1103 3282 ve-

108 3339 238 3398 terum.
289 3319 338 3394 Et
358 3322 494 3393 nescire
517 3321 772 3414 appellationes
794 3341 915 3390 rerum
936 3313 1105 3386 domesti-

109 3451 252 3511 carum,
278 3450 368 3520 quae
391 3425 521 3495 cotidie
535 3425 574 3494 in
594 3435 783 3516 conspectu
801 3434 904 3505 sunt,
929 3430 1033 3508 turpe
1053 3430 1104 3486 est

109 3529 173 3614 iis,
200 3528 263 3622 qui
279 3527 462 3600 doctrinae
474 3527 601 3598 studiis
618 3550 653 3596 se
670 3525 904 3606 dediderunt,
928 3534 963 3591 et
978 3533 1017 3589 ut
1031 3540 1103 3586 ser-

109 3631 227 3701 monis
243 3631 373 3700 vetusti
395 3629 648 3723 proprietatem
665 3641 850 3711 tueantur,
876 3636 910 3694 et
924 3634 965 3692 ut
981 3618 1104 3709 cogni-

568 287 733 370 DECL.
767 289 844 366 DE
876 285 1447 365 nuuuunnutocttuus
1481 285 1699 368 PANUM.

1160 461 1349 534 utilitatem
1366 475 1523 533 nostram
1540 463 1682 534 condita
1697 485 1782 534 esse.
1831 459 1879 536 Et
1894 467 1924 535 si
1938 479 2055 538 autern
2070 494 2156 563 pro-

1159 577 1238 656 pter
1257 564 1499 635 infirmitatem
1521 579 1669 636 naturae
1693 561 1888 649 hnmanae,
1914 570 2019 640 valde
2040 573 2155 664 negli-

1418 691 1524 759 opera
1550 681 1585 739 et
1606 667 1753 738 consilia
1778 663 1847 738 Dei
1874 673 2156 762 considerantur,

1158 783 1276 838 tanren
1310 771 1580 860 repugnandum
1605 783 1656 839 est
1680 769 1889 842 infirmitati.
1951 769 2035 845 ldco
2058 775 2156 848 Deus

1158 871 1268 940 vitam
1290 871 1363 960 regi
1389 872 1465 941 vult
1487 871 1649 942 doctrina
1673 886 1706 944 et
1728 873 1933 965 disciplina,
1962 890 2003 948 ut
2030 893 2154 952 contra

1158 968 1252 1042 hanc
1271 973 1478 1063 segnitiem,
1503 999 1593 1068 quae
1614 975 1800 1045 nobiscum
1817 976 1993 1062 nascitur,
2019 995 2154 1052 mentes

1157 1073 1353 1145 adsueliaut
1372 1077 1712 1149 commonetacnone
1734 1077 1917 1148 doctrinae
1940 1093 1975 1152 et
1994 1076 2154 1157 honestis

1157 1177 1344 1268 exemplis,
1369 1180 1413 1246 ad
1432 1178 1544 1268 ipsius
1561 1179 1779 1267 agnitionem
1796 1193 1830 1250 et
1846 1180 2130 1256 celebrationem.

1259 1277 1398 1348 Deinde
1422 1293 1457 1350 et
1481 1281 1694 1351 valetudinis
1716 1281 1869 1351 tuendae
1890 1307 2011 1370 causa,
2045 1302 2085 1358 ut
2108 1291 2153 1357 de

1157 1379 1301 1450 caeteris
1315 1381 1422 1462 cibis,
1450 1381 1498 1452 ita
1514 1385 1557 1452 de
1572 1382 1722 1476 panibus
1737 1405 1965 1476 quaeramus,
1990 1389 2052 1480 qui
2066 1390 2153 1460 saci-

1157 1481 1227 1551 lius
1250 1482 1289 1551 in
1312 1485 1572 1554 nutrimentum
1597 1483 1686 1554 verti
1712 1485 1865 1574 possint:
1892 1489 1953 1580 qui
1978 1513 2058 1558 cum
2081 1492 2152 1562 sint

1157 1583 1244 1653 lenti
1269 1607 1309 1654 ac
1331 1585 1450 1656 minus
1472 1585 1561 1668 rari,
1586 1585 1778 1656 difficulter
1796 1601 1980 1660 vertantur
2001 1591 2040 1660 in
2064 1589 2152 1688 chy-

1157 1685 1251 1768 lum,
1277 1699 1311 1756 et
1333 1687 1478 1777 gignant
1501 1687 1705 1778 sanguinem
1730 1687 1831 1781 quasi
1858 1690 2093 1780 lutulentum,
2118 1711 2152 1767 et

1157 1789 1415 1858 obstructiones
1430 1789 1571 1873 faciant,
1593 1814 1682 1884 quae
1698 1789 1877 1860 interdum
1895 1789 2040 1866 lethales
2055 1822 2152 1868 mor-

1157 1891 1221 1958 bos
1243 1891 1421 1961 adferunt.
1448 1905 1488 1961 ut
1511 1891 1639 1962 accidit
1661 1891 1763 1962 avide
1780 1895 1986 1966 vorantibus
2011 1899 2152 1988 placen·

1156 2005 1227 2076 tas,
1250 2009 1310 2063 aut
1327 1993 1419 2077 itria,
1445 2018 1534 2087 qnae
1550 2009 1631 2065 sunt
1645 2018 1686 2064 er
1701 1995 1815 2064 serina
1832 2009 1866 2066 et
1882 1997 1986 2066 melle
2002 2001 2076 2072 eins
2091 2025 2151 2092 ge-

1156 2094 1270 2172 neris,
1297 2099 1392 2188 quod
1419 2119 1483 2166 nos
1502 2119 1668 2166 vocamus
1687 2094 1808 2192 ᾥίροιι.
1865 2093 1930 2170 Est
1952 2117 2069 2172 autem
2093 2105 2148 2173 in-

1156 2196 1263 2285 digna
1291 2191 1436 2266 homine
1459 2197 1692 2288 negligentia,
1723 2223 1796 2268 non
1821 2193 1951 2270 hahere
1976 2205 2149 2278 delectum

1156 2298 1194 2366 in
1230 2297 1334 2367 rebus
1370 2299 1556 2392 praecipue
1591 2301 1795 2370 necessariis
1827 2303 1871 2371 ad
1908 2305 2149 2376 valetudinem

1156 2403 1335 2474 tuendam.
1389 2399 1539 2470 Memini
1564 2391 1754 2496 exempla,
1774 2402 1837 2472 ubi
1859 2427 1938 2472 curn
1958 2410 1997 2476 in
2021 2433 2150 2500 magno

1053 2568 1062 2586 ‚
1156 2504 1295 2592 agmine
1318 2499 1526 2574 scholastico
1549 2504 1651 2574 multi
1677 2517 1821 2596 propter
1843 2529 1951 2598 panes
1973 2511 2065 2580 male
2089 2537 2150 2582 co-

1095 2671 1103 2688 ,
1155 2621 1248 2690 ctos,
1282 2605 1489 2696 periculosis
1512 2605 1647 2676 morbis
1674 2605 1981 2680 conflictarentur:
2012 2627 2046 2685 et
2071 2615 2150 2684 ani-

1156 2709 1337 2776 madversa
1364 2731 1466 2777 causa
1481 2721 1637 2779 mutatus
1663 2721 1752 2780 essct
1775 2703 1894 2800 pa'nis,
1919 2711 2048 2783 deinde
2069 2717 2150 2788 talis

1154 2807 1304 2878 offensio
1323 2809 1535 2879 valetudinis
1554 2835 1627 2880 non
1643 2810 1781 2884 accidit.
1826 2809 2055 2910 Tantumque
2071 2843 2150 2889 mo-

1154 2911 1264 2980 menti
1297 2911 1336 2979 in
1370 2925 1550 3004 praeest,
1583 2925 1623 2983 ut
1648 2937 1728 2982 cum
1759 2937 1834 2982 non
1859 2931 1952 2986 recte
1977 2921 2149 2993 maturuit

1156 3014 1274 3107 olyra,
1302 3037 1342 3082 ex
1363 3037 1432 3107 qua
1455 3027 1574 3104 postea
1598 3014 1637 3084 lit
1661 3015 1778 3106 panis,
1805 3017 1888 3109 quia
1909 3021 2054 3092 materla
2076 3023 2149 3094 lere

1155 3114 1269 3206 putris
1286 3128 1354 3202 est,
1380 3115 1479 3209 sequi
1498 3115 1592 3186 luem
1617 3117 1655 3186 in
1677 3117 1808 3208 populo
1831 3119 1900 3189 late
1923 3139 2149 3214 grassantem,

1154 3217 1322 3288 usitatum
1338 3218 1393 3290 sit.
1445 3213 1610 3312 Denique
1625 3219 1782 3312 exempla
1799 3221 2008 3313 quotidiana
2029 3242 2149 3299 osten-

1154 3321 1264 3398 dunt,
1292 3319 1493 3408 petulanter
1514 3321 1643 3391 accersi
1668 3321 1825 3391 infinitos
1844 3325 1988 3395 morbos
2006 3345 2150 3421 propter

1155 3419 1404 3510 negligentiam
1419 3421 1457 3489 in
1474 3421 1580 3502 victu,
1598 3422 1659 3516 qui
1676 3423 1842 3499 facillime
1857 3427 1962 3495 vitari
1977 3447 2150 3519 poterant.

1154 3521 1270 3610 Quam
1285 3523 1389 3591 multi
1405 3547 1502 3592 nunc
1517 3539 1717 3612 aegrotant,
1743 3524 1805 3618 qui
1823 3541 2008 3620 postquam
2025 3533 2062 3600 in
2080 3533 2149 3604 flu-

1154 3625 1250 3692 mine
1265 3625 1502 3694 ventriculum
1519 3624 1777 3715 frigelecerunt,
1804 3651 1843 3695 ac
1859 3629 1988 3700 deinde
2005 3649 2149 3724 propter

108 3735 154 3805 tis
172 3732 354 3802 vocabulis
369 3746 514 3802 naturas
530 3754 649 3800 rerum
665 3729 900 3810 considerent.
954 3719 1104 3814 Quoties
1153 3739 1286 3796 aestum
1310 3728 1413 3796 avide
1436 3728 1657 3818 ingesserunt
1678 3751 1812 3815 cerasa,
1838 3747 1872 3802 et
1897 3731 2029 3824 largius
2047 3737 2148 3808 bihe-

109 3833 261 3928 adspicis
278 3835 412 3926 positos
426 3834 465 3902 in
481 3857 599 3902 mensa
616 3855 734 3923 panes,
752 3831 865 3922 prima
881 3851 954 3897 esse
969 3828 1012 3895 de
1026 3821 1103 3893 Deo
1152 3841 1251 3899 runt.
1303 3826 1399 3899 Hinc
1431 3845 1528 3902 ortae
1561 3830 1769 3912 cruditates,
1804 3845 1838 3903 et
1865 3836 2150 3928 putrefactiones,

109 3951 144 4008 et
161 3937 205 4006 dc
220 3935 443 4028 providentia
459 3934 624 4026 cogitatio
641 3935 804 4018 debehat,
820 3931 916 4026 quod
932 3923 1105 4018 singulari
1153 3955 1277 4001 causae
1301 3933 1509 4002 morborum
1535 3946 1620 4006 sunt
1649 3957 1723 4003 non
1747 3934 1918 4010 fallentes.
1970 3933 2002 4008 Ε
2025 3956 2147 4012 contra

109 4037 259 4111 consilio
285 4035 351 4112 Dei
372 4038 532 4109 instituta
557 4035 603 4107 sit
625 4037 787 4128 cognatio
808 4031 998 4120 frumenti,
1022 4052 1103 4099 cum
1153 4033 1257 4102 multi
1273 4035 1368 4102 saevi
1384 4035 1511 4120 morbi,
1537 4036 1566 4104 si
1582 4035 1770 4106 mediocris
1785 4037 1967 4129 diligentia
1981 4039 2019 4110 in
2036 4043 2148 4116 victus

109 4137 268 4211 humano
287 4165 456 4234 corpore,
483 4153 523 4210 ut
540 4139 628 4209 verti
648 4139 687 4206 in
708 4161 869 4222 succum,
895 4131 1103 4226 sanguinem
1153 4135 1291 4205 ratione
1312 4131 1540 4221 adhibeatur,
1565 4137 1696 4230 depelli
1719 4153 1878 4229 possunt.
1928 4137 1977 4214 Et
1991 4147 2148 4218 remedia

109 4257 145 4314 ct
167 4242 428 4314 nutrimentum
451 4241 572 4335 possit.
623 4239 773 4312 Servare
795 4264 860 4310 nos
882 4235 979 4309 Deus
999 4233 1103 4303 etiam
1154 4237 1229 4306 sine
1245 4233 1312 4308 hac
1327 4234 1560 4332 Philosophia
1575 4265 1657 4310 raro
1674 4253 1757 4311 sunt
1772 4239 1934 4312 efficacia.

109 4346 188 4415 sine
210 4345 308 4428 cibo,
341 4359 375 4416 et
399 4345 476 4414 sine
499 4343 664 4414 remediis
694 4356 841 4434 poterat.
899 4339 968 4412 Sed
992 4334 1106 4406 voluit
1257 4337 1503 4410 Adhortamur
1517 4343 1635 4438 itaque
1653 4367 1733 4426 vos,
1759 4355 1799 4412 ut
1815 4358 1960 4435 propter
1973 4348 2147 4421 valetudi.

109 4443 202 4517 hanc
217 4446 327 4515 vitam
342 4445 466 4519 multis
482 4445 667 4538 praesidiis
688 4446 865 4534 indigere,
889 4456 930 4513 ut
947 4461 1106 4510 commo·
1154 4441 1210 4510 nis
1228 4443 1382 4533 pericula
1401 4443 1477 4513 sitis
1493 4445 1746 4535 diligentiores,
1763 4444 1850 4515 etin
1866 4448 2148 4524 consideratione

110 4547 239 4620 nelacti
254 4563 374 4619 nostra
392 4548 597 4620 necessitate
612 4569 880 4638 agnosceremus
900 4556 1010 4614 artem
1026 4537 1105 4630 opi·
1154 4555 1316 4631 naturae,
1340 4545 1426 4616 etin
1443 4549 1593 4636 regenda
1611 4548 1723 4618 victus
1739 4547 1887 4622 ratione.
1938 4549 2024 4622 Plus
2041 4579 2147 4648 quam

108 4651 202 4732 ficis,
230 4651 291 4746 qui
308 4652 458 4742 singolis
473 4649 738 4721 necessitatibus
751 4673 813 4720 sua
830 4645 1003 4740 praesidia
1019 4664 1105 4711 con·
1153 4648 1289 4716 ferrens
1314 4661 1384 4732 est,
1418 4649 1480 4740 qui
1504 4662 1602 4721 tanta
1623 4673 1724 4719 eausa
1751 4672 1824 4718 non
1852 4667 2025 4728 movetur.
2077 4653 2148 4727 Sed

109 4753 214 4828 didit.
270 4751 359 4825 lude
376 4754 492 4845 palam
514 4766 583 4838 est,
609 4747 702 4824 hanc
723 4775 841 4822 rerum
858 4762 1039 4828 naturam,
1066 4743 1104 4810 in
1154 4762 1273 4820 tamen
1296 4751 1515 4820 obtestamur
1529 4776 1592 4822 vos
1613 4751 1719 4822 etiam
1743 4765 1888 4844 propte„
1902 4753 2037 4841 Deum,
2062 4781 2149 4828 con,

109 4879 180 4950 qua
198 4856 406 4950 praecipuae
428 4869 544 4949 partes
567 4855 730 4924 mirando
751 4852 877 4922 ordine
895 4847 1105 4922 distributae
1156 4851 1309 4922 ditorem
1334 4845 1442 4922 huius
1463 4867 1609 4925 naturae
1633 4868 1669 4925 et
1691 4851 1864 4936 iudicem,
1889 4858 1951 4950 qui
1971 4859 2149 4954 praecipit,

108 4971 214 5043 sunt,
239 4982 313 5028 non
328 4959 481 5029 extitisse
497 4981 596 5037 casu,
623 4959 682 5027 sed
698 4957 743 5026 ab
758 4969 900 5025 aeterna
914 4964 1033 5022 mente
1048 4973 1105 5018 ar·
1155 4967 1194 5024 nt
1213 4953 1453 5025 valetudinem
1474 4956 1665 5043 tueamini,
1688 4971 1727 5028 nt
1748 4956 1824 5026 sitis
1837 4957 1956 5028 idonei
1975 4962 2018 5029 ad
2036 4964 2151 5032 medi·

109 5055 348 5132 chitectatrice
369 5062 549 5132 conditam
574 5083 657 5133 esse.
708 5055 846 5130 Deinde
869 5071 902 5128 et
927 5050 993 5124 boc
1009 5051 1106 5142 cogi·
1155 5055 1326 5127 tationem
1348 5057 1442 5148 piam
1470 5071 1503 5128 et
1522 5059 1833 5128 communimine
1850 5061 1975 5132 officia,
2029 5061 2150 5135 Tuum

110 5163 261 5234 tandum
285 5177 355 5244 est,
387 5159 596 5250 vere'diligi
626 5183 734 5249 genos
758 5155 996 5246 hnmannma
1018 5152 1107 5240 Deo,
1156 5159 1339 5229 cerebrum
1364 5173 1400 5230 et
1419 5183 1481 5230 cor
1507 5173 1589 5231 sunt
1612 5160 1834 5232 domicilium
1852 5161 2005 5252 Spiritus
2027 5168 2150 5250 sancti,

110 5289 192 5336 curn
206 5267 391 5338 videamus
408 5259 475 5334 hoc
490 5257 680 5354 pulchrum
696 5259 930 5346 domicilium,
957 5257 1106 5341 coelum,
1157 5285 1267 5356 quare
1286 5275 1326 5332 ut
1349 5256 1435 5332 haec
1460 5265 1617 5334 membra
1638 5255 1710 5334 sint
1736 5262 1863 5333 idonea
1890 5251 2022 5336 divinis
2044 5269 2150 5339 moti-

110 5381 144 5439 et
169 5367 263 5438 intra
284 5363 382 5440 hunc
411 5367 553 5450 orbem,
584 5377 733 5448 terram,
766 5387 857 5457 quae
882 5362 985 5433 nobis
1007 5361 1107 5431 sedes
1157 5365 1234 5448 bus,
1260 5365 1418 5435 studiose
1432 5379 1465 5436 et
1483 5381 1686 5438 reverenter
1701 5367 1886 5440 tueamini.
1929 5366 2036 5457 Quod
2053 5371 2083 5440 si
2098 5371 2151 5440 sa-

111 5483 218 5554 esset‚
245 5483 281 5542 et
308 5469 463 5564 plurima
485 5481 599 5540 terrae
622 5479 828 5539 ornamenta
851 5465 1039 5559 praecipue
1062 5465 1105 5534 ad
1157 5466 1275 5550 cistis,
1301 5467 1463 5539 doctrina
1487 5471 1593 5542 etiam
1610 5465 1758 5565 Physica
1780 5483 1814 5542 et
1832 5484 1978 5542 naturae
1996 5473 2150 5564 cognitio

1442 5565 1492 5643 56

164 5569 352 5643 Mrnnrrr.
380 5577 486 5646 Ocra.
512 5573 597 5664 Vor..
623 5573 686 5638 XI.
