4616 5816
205 232 280 312 sss
432 204 436 214 ’
665 219 825 301 nucu
873 219 949 298 nu
1000 159 1761 294 meuarrrunmucucom.
2166 213 2242 286 sss

209 420 437 499 cognatarum
475 423 597 472 morsu
635 397 836 484 abstinent,
873 393 1087 486 gladiatores
1114 412 1198 462 vero
1250 397 1286 458 ct
1307 379 1477 456 Aiacem?
1528 379 1782 474 intelligebant
1803 383 1901 454 enim
1920 379 2050 458 bomnr
2074 383 2242 456 virtutem

208 509 343 584 mutuis
362 503 527 576 caedibus
547 503 586 570 in
606 523 683 572 sese
701 512 822 573 ruunt
872 495 1005 591 ,ltaque
1026 509 1060 568 et
1073 490 1200 564 hortor
1250 485 1428 580 praesidio
1449 507 1526 556 esse
1545 485 1714 556 universo
1737 485 1917 560 exercitui.
1976 484 2096 575 Quare
2114 499 2149 558 et
2177 481 2244 566 his,

210 625 246 684 et
260 635 323 682 oro
344 630 467 678 omnes
481 605 678 690 studiosos,
706 615 746 673 nt
760 600 857 672 omni
873 623 1001 690 genere
1018 597 1126 670 officii
1141 595 1199 664 iu·
1252 589 1315 682 qui
1345 601 1515 681 praesunt
1539 585 1773 673 Academiae,
1804 587 1933 678 gratias
1959 609 2043 678 ago,
2075 591 2172 683 qood
2207 601 2247 658 ut

210 735 293 784 vare
309 709 439 801 Remp.
457 707 596 780 ettueri
612 728 837 776 communem
852 702 1079 772 concordiam
1095 697 1201 768 anni·
1252 703 1404 761 veterem
1432 683 1791 783 honestissimumque
1820 713 1957 760 morem
1983 703 2247 772 conservarent,

209 809 351 898 iantur,
380 810 422 882 ld
445 811 593 901 dignum
616 821 667 878 est
681 806 786 878 bonis
805 805 891 874 viris
908 818 942 875 et
956 803 1033 874 Deo
1048 813 1199 892 gratum,
1253 817 1326 862 non
1362 793 1535 882 gravatim
1568 787 1639 862 buc
1669 805 1910 877 accesserunt3
1954 804 1990 862 et
2023 791 2248 885 reliquorum

212 931 247 988 et
271 929 313 987 ut
333 913 494 984 Psalmus
513 909 647 1003 inquit,
682 903 751 979 hoc
776 907 963 996 agentibus
986 903 1084 975 Deus
1101 901 1201 972 dabit
1253 895 1361 964 laudo
1378 894 1554 978 ollicium,
1580 893 1642 985 qui
1658 916 1720 962 sua
1737 894 1953 986 frequentia,
1978 893 2202 964 voluntatem
2215 905 2250 960 et

211 1016 508 1094 benedictionem.
553 1011 736 1082 Postremo
751 1009 834 1102 qnia
852 1033 926 1081 non
942 1021 1015 1078 tam
1030 1003 1106 1074 'mea
1121 1028 1202 1074 ora·
1254 997 1414 1070 studium
1435 1019 1540 1068 suum
1567 1018 1647 1084 erga
1674 1007 1916 1086 praeceptores
1945 997 2148 1065 ostendunt.
2202 989 2251 1062 Et

210 1121 326 1204 tione,
351 1141 457 1210 quam
481 1115 669 1185 autoritate
690 1125 724 1182 et
739 1113 910 1182 sententia
925 1110 1143 1200 optimorum
1168 1119 1204 1176 et
1255 1102 1426 1193 quoniam
1450 1092 1545 1166 nihil
1567 1096 1678 1186 magis
1699 1098 1799 1166 decet
1820 1097 1859 1164 in
1881 1118 2069 1186 congressu
2085 1095 2252 1166 erudito-

210 1217 594 1316 praestantissimorum
610 1231 775 1286 autorum
797 1235 859 1282 vos
881 1208 1070 1294 adhortor,
1097 1209 1204 1280 libuit
1255 1226 1346 1286 nrm,
1373 1224 1478 1294 quarn
1495 1199 1724 1268 commentari
1741 1213 1803 1268 aut
1816 1200 1986 1268 disserere
2003 1199 2168 1268 derebus
2185 1198 2252 1266 bo·

212 1324 253 1398 iu
266 1323 337 1392 line
357 1319 509 1394 adiicere
533 1316 764 1388 memorabile
784 1315 918 1383 dictum
942 1312 1113 1396 Senecae,
1141 1311 1204 1404 qui
1256 1305 1324 1388 nis,
1350 1315 1385 1374 et
1400 1299 1466 1372 hae
1477 1300 1619 1371 dicendi
1635 1313 1749 1390 partes
1764 1294 1855 1369 mihi
1866 1303 1966 1370 datae
1980 1313 2075 1384 sunt,
2097 1321 2253 1388 magno·

213 1425 317 1496 sicin
332 1436 507 1516 postremo
526 1420 619 1489 libro
634 1421 679 1488 de
699 1418 753 1488 ira
776 1416 836 1486 ait:
863 1415 958 1486 Dum
974 1415 1069 1484 inter
1084 1408 1204 1482 homi·
1256 1427 1340 1498 pere
1354 1403 1519 1494 optarim,
1545 1425 1602 1470 mc
1620 1425 1721 1494 posse
1736 1401 1874 1470 adferre
1889 1401 2085 1471 orationem
2100 1397 2260 1490 dignam'

214 1549 279 1601 nes
310 1547 451 1608 sumus,
484 1522 641 1594 colamus
670 1515 946 1602 humanitatem,
980 1539 1054 1586 non
1083 1513 1205 1586 timori
1258 1502 1326 1576 hoc
1348 1501 1597 1576 honestissimo
1620 1517 1733 1576 coetu.
1786 1500 1857 1574 Sed
1872 1515 1923 1572 est
1942 1497 2176 1575 humanitatis
2191 1525 2254 1570 ve-

214 1628 400 1722 cuiquam,
429 1649 504 1694 non
535 1622 691 1716 periculo
721 1620 850 1704 simus,
882 1620 1114 1702 detrimenta,
1147 1617 1206 1684 in·
1258 1621 1368 1692 strae,
1399 1607 1516 1676 favere
1544 1605 1650 1674 etiarn
1675 1604 1916 1674 mediocribus
1939 1604 2111 1694 ingeniis,
2147 1627 2256 1694 prae-

214 1729 347 1810 iurias,
378 1726 555 1808 convitia,
581 1723 822 1792 vellicationes
851 1734 1140 1805 contemnamus,
1173 1731 1205 1788 et
1259 1709 1379 1782 sertim
1404 1731 1483 1779 cum
1512 1706 1771 1776 exercitationis
1797 1729 1899 1776 causa
1923 1701 2009 1776 haec
2030 1705 2257 1775 cousuetudo

213 1851 342 1920 magno
369 1827 489 1900 auimo
520 1825 642 1896 brevia
664 1825 819 1896 ieramus
841 1823 1085 1906 incommoda,
1107 1823 1205 1890 ‘dum
1261 1810 1402 1883 dicendi
1426 1809 1587 1878 instituta
1611 1808 1668 1879 sit.
1722 1805 1905 1878 Utautem
1926 1808 1987 1876 alii
2012 1801 2179 1876 hocloco
2199 1805 2259 1872 in·
2304 1791 2305 1866 3

214 1931 441 2025 respicimus,
474 1929 571 2022 quod
595 1927 716 2010 aiunt,
748 1947 999 2020 versamusque
1022 1947 1106 2008 nos,
1139 1922 1207 1990 im·
1260 1913 1400 1983 terdum
1426 1914 1470 1980 de
1492 1909 1621 1978 artium
1638 1908 1832 1996 dignitate,
1856 1909 2039 1978 interdum
2057 1909 2102 1976 de
2119 1907 2259 1978 virtute

216 2033 415 2109 mortalitas
430 2029 557 2102 aderit.
609 2028 708 2101 Dixi.
744 2045 746 2050 ’
1260 2015 1378 2105 aliqua
1394 2013 1518 2082 dicunt
1527 2061 1539 2094 ,
1565 2009 1612 2082 ita
1627 2033 1762 2078 sumam
1779 2024 1813 2079 ct
1829 2010 1903 2099 ipse
1918 2009 2052 2102 aliquid
2069 2032 2110 2078 ex
2126 2003 2261 2077 Philo·

399 2133 400 2136 ’
1173 2119 1179 2143 “
1262 2111 1398 2206 sophia.
1451 2109 1505 2182 Ac
1530 2135 1615 2182 vero
1642 2133 1723 2202 pars
1748 2123 1800 2180 est
1824 2105 1991 2206 Physices
2016 2132 2091 2180 non
2117 2109 2262 2192 infima,

219 2277 1207 2304 ..-.-.-..-.---------·-------.-.-.---
1263 2216 1421 2305 cognitio
1433 2211 1842 2284 naturaeanimantium.
1879 2210 1971 2282 Nam
1984 2210 2173 2304 inquisitio
2193 2235 2262 2280 na-

1262 2331 1360 2388 turae
1385 2339 1508 2386 eorum
1539 2315 1651 2384 multa
1681 2313 1892 2384 monstravit
1919 2314 2095 2395 remedia,
2121 2311 2263 2381 deinde

1046 2470 1093 2509 Μ,
1117 2447 1209 2512 1537⁸
1263 2441 1402 2488 morum
1427 2417 1577 2486 varietas
1598 2415 1712 2484 indita
1737 2414 2001 2499 animantibus,
2031 2425 2156 2482 monet
2178 2437 2262 2496 nos,

1032 2552 1204 2580 sem
1265 2514 1362 2590 hunc
1376 2519 1551 2588 mundum
1567 2539 1640 2585 non
1659 2529 1789 2586 temere
1806 2530 1867 2586 aut
1891 2539 1971 2586 casu
1993 2515 2168 2594 extitisse,
2199 2517 2264 2584 sed
2306 2524 2307 2546 ¹

399 2677 474 2762 ιε
503 2672 847 2784 surranum
877 2675 1037 2759 ouo
1263 2619 2268 2812 amaa?¹utaaaatacaazzattfet

291 2838 373 2910 Aput
399 2835 473 2890 crat.
492 2833 562 2906 Myr.
579 2851 606 2901 p.
625 2831 698 2898 tea,
725 2829 753 2883 in
774 2833 925 2915 Declamas.
943 2833 978 2884 Τ.
995 2830 1016 2884 ι.
1035 2848 1060 2900 p.
1075 2829 1151 2891 ιιι,
1183 2830 1211 2882 in
1264 2821 1432 2913 exemplis
1448 2821 1519 2890 illis
1540 2819 1716 2890 admoniti
1738 2815 1919 2904 homines,
1944 2819 2120 2894 discerent
2136 2841 2267 2888 amare

325 2907 444 2961 servem
464 2901 486 2956 l.
506 2921 531 2973 p.
552 2901 613 2957 668.
640 2910 666 2952 et
685 2899 756 2972 apud
776 2900 891 2954 lircbard
911 2899 944 2952 ll.
964 2918 991 2970 p.
1006 2899 1100 2956 tu.-
1137 2897 1212 2950 llanc
1390 2951 1395 2963 ,
1605 2920 1613 2938 ·
1710 2919 1748 2938 ··
2140 2921 2149 2938 ·

325 2975 476 3028 orationem
495 2969 624 3040 scriptam
643 2988 699 3024 esse
718 2969 748 3022 in
767 2967 858 3024 iacobi
877 2967 1035 3036 schenoth,
1060 2967 1213 3022 conciona-
1265 2937 1357 2994 recte
1372 2925 1481 3040 ωδ)
1506 2921 1669 2992 et⁰d¹⁵⁸⁶
1685 2935 1779 2993 Vm·
1833 2919 1951 3020 Quam
1972 2935 2118 2992 venum
2138 2945 2267 3011 ¹mag⁰

325 3043 396 3097 toris
414 3038 618 3121 Freihergensis
637 3038 770 3106 ingratum
788 3037 911 3092 animum
930 3055 992 3104 erga
1011 3036 1212 3090 lllelantbonem
1266 3039 1317 3095 est
1340 3022 1536 3106 Ecclesiae,
1568 3017 1782 3115 halcyonum
1816 3035 1954 3114 parilib,
1984 3045 2076 3114 quae
2106 3045 2193 3092 tum
2228 3025 2269 3092 in

328 3113 429 3168 ‘m'
446 3108 584 3178 ⁸⁹¹⁸¹⁰¹³‘
600 3105 667 3210 ,ω’
682 3107 729 3160 ¹¹¹·
748 3127 776 3178 Ρ·
792 3107 852 3160 ⁴¹⁶·
870 3114 897 3159 ‘¹
912 3105 973 3158 ⁴²⁷·
1169 3193 1173 3198 .
1266 3125 1419 3216 scopulis
1443 3125 1481 3192 in
1505 3124 1595 3192 mari
1615 3123 1816 3204 nidificent,
1842 3123 1957 3193 solent
1980 3123 2150 3195 incubare
2168 3126 2269 3203 ovis,

1267 3241 1300 3298 et
1315 3225 1498 3296 excludere
1513 3225 1629 3316 pullos
1652 3224 1690 3292 in
1711 3224 1826 3294 media
1845 3225 1988 3305 bruma,
2013 3249 2093 3294 cnm
2110 3224 2269 3317 quidem

224 3401 388 3469 ,mh-m
420 3391 689 3484 Mammam
721 3407 745 3454 a
777 3387 955 3470 Demo,
989 3387 1091 3478 Ma9·
1115 3386 1215 3452 Am.
1267 3351 1362 3448 mare
1391 3325 1779 3444 tanquam-inserviens
1809 3325 1881 3442 illis
1912 3326 2173 3444 incubantibus·
2201 3352 2272 3415 per

226 3499 378 3572 brom
400 3485 751 3576 lamponem,
778 3509 876 3558 ‘mm
896 3488 1213 3558 Mummi.
1268 3427 1998 3599 p'lludntempus'mrtesqtetplalquumest.
2033 3425 2095 3497 Me
2110 3432 2270 3546 quidem

1072 3583 1075 3590 ·
1293 3553 1352 3600 aec
1367 3553 1482 3619 unago
1499 3552 1631 3619 saepea
1662 3543 1780 3598 monet
1829 3529 1985 3613 eclesiae,
2003 3553 2092 3623 qnae
2107 3534 2271 3622 perinde

226 3635 364 3726 Scitis,
390 3635 661 3718 Adolescentes,
686 3627 751 3701 hos
772 3645 889 3702 coetus
907 3631 1114 3722 disciplinae
1132 3657 1214 3700 cau·
1267 3645 1307 3700 ut
1322 3627 1509 3724 halcyones
1524 3630 1561 3696 iu
1576 3629 1684 3712 mari,
1710 3623 1776 3698 hoc
1792 3641 1854 3714 est,
1876 3631 1914 3700 in
1927 3632 2075 3702 summis
2091 3633 2273 3723 periculis

228 3774 266 3822 sa
282 3743 465 3814 institutos
481 3759 573 3819 esse,
594 3748 635 3804 ut
649 3734 862 3804 conveniant
878 3729 947 3801 huc
964 3733 1018 3800 illi
1032 3737 1095 3825 qui
1114 3757 1215 3824 prae·
1268 3745 1437 3801 versatur.
1487 3729 1624 3799 Deinde
1647 3730 1739 3820 parit
1761 3753 1801 3800 eo
1825 3745 2000 3824 tempore,
2027 3757 2106 3804 cum
2120 3747 2274 3826 tempe-

228 3863 312 3920 suut
329 3839 557 3921 Academiae,
581 3837 624 3904 ad
642 3833 858 3925 inspicienda
877 3834 1071 3904 iuventutis
1087 3835 1215 3922 studia,
1268 3831 1840 3902 states‘solentessesaevissimae.
1879 3833 2173 3906 Fortseoeantem
2194 3833 2273 3908 hoc

228 3947 423 4038 etreliqua
443 3938 637 4010 multitudo
659 3960 723 4005 suo
746 3935 861 4006 officio
890 3935 1065 4016 declaret,
1097 3959 1133 4004 se
1155 3937 1217 4004 de-
1269 3947 1352 4004 sunt
1383 3933 1579 4004 ioeliciores
1611 3927 1818 4028 halcyones,
1854 3935 1927 4006 illis
1957 3937 2109 4008 mitescit
2142 3961 2273 4026 mare;

229 4048 353 4124 lectari
376 4042 433 4115 his
453 4038 716 4130 congressibus,
748 4037 786 4104 in
809 4037 939 4129 quibus
962 4051 997 4106 et
1023 4037 1217 4107 doctissimi
1269 4033 1448 4106 Ecclesiae
1461 4059 1536 4103 non
1551 4047 1685 4106 tantam
1698 4035 1871 4107 rationem
1888 4032 2021 4110 habent
2035 4039 2198 4132 tyranni,
2231 4057 2275 4112 ut

229 4151 395 4226 homiues
434 4141 672 4226 conveniunt,
729 4153 764 4208 et
804 4133 981 4208 habentur
1020 4139 1218 4222 orationes,
1269 4137 1396 4230 placati
1426 4136 1681 4230 aliquantisper
1714 4139 1910 4208 concedant
1941 4141 2059 4210 ocium
2095 4141 2275 4232 parienti.

230 4251 382 4344 sumptis
403 4244 578 4328 materiis,
615 4265 655 4311 ex
677 4264 802 4330 magna
825 4242 976 4332 quadam
1002 4239 1217 4331 optimarum
1270 4237 1340 4310 Sed
1356 4251 1491 4317 tamen,
1514 4238 1549 4306 id
1568 4262 1709 4331 quoque.
1731 4239 1788 4329 lit,
1815 4239 1988 4312 divinitus
2003 4242 2276 4337 aliquantisper

230 4355 361 4428 artium
381 4347 567 4428 varietate,
600 4367 690 4436 quae
710 4357 793 4412 sunt
817 4342 922 4410 utiles
942 4343 1033 4412 vitae
1054 4365 1093 4410 ac
1106 4341 1217 4412 mori·
1269 4339 1355 4428 tegit
1377 4335 1474 4409 Deus
1489 4335 1679 4423 Doctores,
1705 4343 1790 4412 dum
1812 4357 2003 4433 propagata
2020 4343 2182 4414 doctriua
2209 4369 2276 4416 so.

230 4462 310 4529 bus.
361 4448 414 4524 Ac
431 4471 515 4518 vero
530 4446 676 4513 iuvenes
696 4467 737 4512 eo
758 4446 856 4512 decet
868 4443 1038 4513 libentius
1052 4443 1219 4514 interesse
1243 4480 1247 4586 p
1271 4441 1368 4510 boles
1391 4440 1571 4514 adolescit.
1622 4439 1852 4512 Conveniunt
1874 4439 2052 4514 Ecclesiae
2077 4457 2112 4515 et
2142 4469 2276 4520 mores

231 4557 288 4630 his
310 4549 469 4648 pompis,
500 4546 583 4642 quia
608 4548 721 4615 bonae
742 4544 852 4614 menti
872 4545 1012 4613 nullum
1029 4546 1219 4616 estiucun-
1272 4537 1501 4635 halcyonum,
1526 4542 1689 4612 nesciunt
1713 4545 1906 4626 adulteria,
1938 4558 1973 4616 et
1996 4547 2149 4616 extincto
2172 4569 2272 4618 con.

232 4661 313 4732 dius
334 4649 588 4748 spectaculum,
614 4669 719 4740 quam
743 4645 862 4714 videre
887 4646 973 4715 tales
988 4659 1107 4716 coetus
1124 4647 1219 4716 viro·
1273 4643 1352 4730 iuge
1377 4644 1467 4712 alter
1488 4657 1605 4714 ntanet
1622 4643 1777 4727 coelebs,
1802 4659 1834 4714 et
1851 4645 1958 4735 paulo
1976 4660 2054 4736 post
2069 4648 2168 4718 luctu
2183 4673 2277 4722 mo-

232 4785 314 4834 rum
348 4751 593 4826 excellentium
630 4747 807 4838 ingeniis?
846 4748 1026 4832 doctriua,
1076 4748 1220 4819 virtute.
1272 4745 1375 4816 ritur.
1429 4743 1562 4814 Mulier
1577 4743 1680 4816 etiam
1695 4769 1812 4814 senem
1827 4747 1993 4820 maritum
2008 4745 2201 4842 Cerylum,
2232 4768 2278 4824 ut

225 3294 353 3367 oracta
380 3286 427 3360 dc
453 3281 732 3382 ingratitudine
754 3283 897 3368 cuculi,
920 3279 1051 3352 habito
1073 3284 1113 3352 irs
1124 3303 1215 3372 pro·

119 4853 121 4858 ¹
233 4863 323 4938 Nam
347 4870 382 4928 et
406 4855 481 4948 ipsa
502 4849 645 4920 virtutis
659 4843 888 4940 pulchritudo
908 4847 947 4918 in
964 4847 1221 4940 praestantibus
1274 4849 1365 4938 apud
1397 4841 1551 4918 Graecos
1572 4845 1717 4936 legitur,
1743 4860 1853 4936 gestat
1874 4843 2032 4918 humeris
2055 4851 2127 4922 suis
2150 4873 2280 4944 aqua·

233 4965 339 5046 viris,
374 4955 494 5027 oculos
517 4966 621 5048 atque
637 4950 774 5019 animos
793 4944 980 5020 hominum
1002 4949 1147 5020 mirifice
1164 4973 1221 5020 ea·
1274 4962 1362 5021 tum.
1415 4946 1535 5042 ltaque
1559 4961 1690 5036 veteres
1713 4949 1929 5040 seripserunt
1947 4943 2086 5022 honesti
2103 4953 2279 5045 coniugii

233 5068 298 5158 pit,
348 5056 397 5134 Et
416 5047 596 5126 iuvat'eos
622 5053 716 5121 viros
737 5051 885 5134 intueri,
911 5051 1222 5144 quisuntpraeci-
1274 5049 1431 5139 exempla
1444 5072 1536 5132 esse,
1562 5051 1656 5140 quod
1676 5049 1818 5141 quidem
1834 5075 1907 5119 non
1923 5051 2103 5143 displicet,
2128 5056 2192 5122 sed
2216 5069 2280 5126 ta·

234 5189 304 5259 pua
325 5169 532 5234 ornamenta
565 5151 719 5241 Reipub.
779 5149 837 5221 An
865 5153 1069 5224 existimatis
1093 5153 1223 5223 exerci-
1247 5236 1250 5250 ἢ
1274 5175 1357 5220 men
1384 5152 1429 5222 acl
1453 5145 1643 5220 Ecclesiam
1667 5175 1741 5222 nou
1767 5151 1858 5222 male
1882 5155 2031 5244 quadrat
2053 5157 2284 5246 exemplum,

235 5282 311 5336 gum
336 5262 512 5332 Graecum
536 5257 581 5324 ad
602 5253 749 5324 Troiam
773 5253 967 5346 quidquam
993 5269 1162 5346 spectasse
1178 5255 1224 5322 li.
1247 5255 1250 5313 f
1276 5277 1365 5346 quae
1385 5266 1521 5342 gestare
1537 5265 1571 5321 et
1590 5251 1708 5322 lovere
1729 5255 1897 5324 omnibus
1912 5253 2038 5322 oibciis
2063 5258 2280 5334 benemeri-

236 5363 397 5448 bentius,
428 5381 534 5454 quam
556 5379 627 5426 una
651 5356 852 5426 incedentes
873 5349 1017 5442 heroas,
1049 5351 1223 5426 Achillem
1247 5326 1251 5447 Ι
1276 5367 1331 5426 tos
1353 5356 1514 5426 doctores
1538 5353 1654 5426 debet.
1715 5352 1856 5426 Possem
1878 5355 1946 5426 alia
1969 5357 2081 5432 multa
2103 5363 2280 5452 exempla
