4688 5826
82 233 158 308 soo
564 229 726 326 osca.
776 223 851 319 ott
883 224 1650 338 antoantcoasnnaaossa.
2047 245 2125 321 uo

81 431 152 479 m„
176 419 341 498 mm,
367 405 443 503 3930
462 404 503 477 3„
525 403 599 496 ³⁶5⁶
625 403 1077 500 {mer-,meeignamspua
1129 400 1262 475 bellum
1305 403 1563 492 patentissimus
1597 430 1753 504 quasque
1789 409 1927 510 Italiae¹
1948 415 2116 507 civitates.

78 533 204 598 gnare,
232 508 271 578 in
286 507 613 602 oppugnationibus
638 505 776 600 primus
794 509 981 581 ascendere
997 534 1075 579 mue
1130 497 1340 594 Queruntur
1361 504 1430 574 sibi
1459 505 1513 574 ins
1535 515 1758 602 quarundam
1784 511 1969 589 civitatum
1989 508 2116 594 'ademss

78 633 152 694 ros,
185 609 343 704 deniqne
373 609 663 703 praestantissimi
688 607 797 680 Ducis
827 621 862 680 et
891 608 1075 680 fortissimi
1128 617 1227 696 ptum
1246 627 1329 675 esse.
1382 603 1581 680 Hortantur
1596 623 1634 682 ut
1652 615 1900 686 communibus
1917 619 2029 712 copiis
2043 621 2115 694 Ita-¹

78 711 201 782 militis
216 735 325 804 opera
345 711 465 782 omnia
481 711 582 782 obire
597 711 745 794 solebat.
799 709 920 802 ltaque
936 733 1074 802 seraper
1126 701 1195 774 liae
1210 706 1356 776 libertas
1372 707 1594 786 defendatur,
1636 709 1741 816 'Haec
1764 715 1909 788 luerunt
1927 715 2112 811 asperrimi

76 813 229 884 maxima
245 811 424 884 eeleritate
438 809 595 902 ingentia
610 811 702 884 bella
718 812 879 882 confecit.
911 809 1071 882 Primum
1125 819 1159 878 et
1181 805 1343 878 diuturni
1374 807 1459 880 beili
1486 809 1599 880 inilia·
1657 811 1885 888 Cumanum
1910 816 2112 912 Fridericus
2212 815 2215 822 ’

77 913 212 984 bellum
235 939 316 984 eum
332 913 444 986 Danis
465 914 592 1002 gessit,
619 913 720 984 cuius
737 912 851 1003 gentis
874 911 959 981 olim
980 937 1071 1005 quo.
1124 906 1337 997 intelligeret
1362 906 1499 982 ltaliam
1527 926 1635 982 totam
1660 913 1697 984 in
1721 919 1827 990 armis
1849 943 1940 1008 esse,
1972 947 2110 1002 summa

77 1039 143 1108 que
168 1037 346 1084 summam
370 1014 616 1088 fortitudinem
638 1013 762 1098 fnisse,
786 1009 952 1086 historiae
974 1013 1072 1084 Cim·
1122 1008 1297 1080 eeleritate
1313 1011 1502 1082 exercitum
1521 1013 1557 1082 in
1576 1009 1712 1086 ltaliam
1729 1017 1835 1092 ducit.
1883 1017 2041 1097 Historia
2056 1044 2108 1102 est

77 1118 223 1186 brorum
249 1131 441 1202 testantur,
467 1115 651 1210 quiquam
676 1115 919 1188 formidabiles
935 1113 1070 1186 luerint
1120 1107 1279 1198 longior,
1304 1136 1408 1204 quam
1434 1125 1473 1182 ut
1498 1113 1536 1182 in
1560 1115 1815 1188 declamatione
1838 1129 2010 1198 recenseri
2034 1143 2107 1204 tota

76 1217 156 1286 urbi
173 1215 325 1302 Romae,
350 1217 488 1310 quoties
503 1217 757 1288 trucidaverint
772 1213 955 1291 Romanos
971 1239 1067 1287 excr-
1120 1211 1240 1300 p0⁵⁵ib
1274 1211 1341 1282 Set!
1359 1237 1540 1306 excerpam
1559 1219 1729 1312 quiedam
1747 1221 1853 1304 facia,
1881 1250 1971 1318 (tute
1988 1244 2108 1302 oslen-

75 1319 184 1398 citus,
210 1342 285 1388 non
305 1317 484 1408 ignoratis.
536 1310 654 1390 Hodie
672 1317 774 1389 etiam
793 1331 891 1388 tanta
910 1313 1067 1387 Danicae
1118 1313 1208 1381 dunt
1223 1325 1257 1382 et
1275 1328 1405 1406 quanta
1419 1315 1528 1384 animi
1550 1317 1794 1408 magnitudine
1810 1323 1915 1396 fuecit
1936 1327 2009 1418 ipse
2023 1329 2109 1428 Fri-¹

74 1419 188 1508 gentis
204 1419 394 1506 fortitudo,
418 1415 540 1490 t'autus
556 1442 639 1490 usus
659 1418 807 1489 militiae
821 1431 890 1504 est,
914 1429 955 1490 ut
971 1412 1064 1488 nihil
1118 1413 1271 1504 derisus,
1287 1427 1321 1484 et
1331 1429 1481 1509 quantos
1498 1431 1753 1512 motusquanta
1769 1424 1944 1498 celeritate
1959 1455 2106 1522 oppres.

74 1523 304 1611 degeoerasse
331 1544 354 1592 a
380 1517 536 1592 Cimbris
568 1521 648 1590 itttc
663 1519 841 1593 veteribus
866 1519 1065 1594 rideantur.
1116 1513 1214 1588 serit.
1266 1513 1346 1586 ltali
1373 1516 1564 1590 exercituin
1595 1519 1634 1590 in
1658 1522 1827 1596 ulteriore
1854 1528 1930 1625 ripa
1954 1527 2106 1606 Abduae

76 1617 655 1712 OccupaveruntDaniLubecam,
670 1635 704 1692 et
720 1619 892 1692 exercitus
907 1633 982 1692 toto
999 1620 1062 1690 illo
1116 1607 1311 1704 habebant,
1344 1613 1545 1690 Germanus
1566 1618 1605 1690 in
1629 1621 1805 1700 citeriore.
1856 1623 2018 1728 Cumque
2044 1661 2103 1708 ar-

75 1722 192 1792 littore
209 1717 385 1796 habebant
401 1721 630 1798 firmissimos.
679 1721 749 1792 Sed
764 1719 967 1792 Fridericus
981 1745 1061 1792 eum
1115 1715 1334 1788 bitcarentur
1349 1715 1428 1790 ltali
1451 1743 1487 1790 se
1510 1735 1605 1794 tutos
1620 1747 1694 1794 csse
1709 1731 2027 1822 proptcrllumen,
2049 1739 2100 1810 te.

74 1823 246 1894 iudicaret
258 1823 485 1894 utilissimum
503 1848 590 1908 esse,
616 1821 770 1915 primurn
790 1845 911 1892 rursus
928 1823 1063 1916 eripere
1113 1818 1451 1912 rociletprovocc'tnl
1468 1817 1686 1894 Germanos:
1719 1827 1758 1898 in
1775 1828 1890 1918 ipsum
1908 1832 2012 1904 eliam
2030 1835 2102 1910 lm-

74 1919 235 1996 bostibus
251 1925 358 2006 betti,
383 1948 498 1996 arcem
515 1949 555 2000 ac
577 1940 753 2016 receptam
766 1921 943 1994 Lubecam
966 1923 1063 1994 obsi·
1113 1932 1309 2012 peratorem
1325 1922 1480 1994 convitia
1496 1923 1746 2016 superbissime
1764 1929 1899 2006 dicunt.
1938 1929 2017 2008 Etsi
2029 1939 2100 2012 llu-

72 2025 179 2096 dione
207 2025 339 2110 cinxit,
367 2047 513 2118 sperans
538 2027 633 2112 lore,
664 2038 705 2098 ut
730 2019 846 2094 hostes
876 2025 1063 2096 liberaturi
1113 2045 1196 2094 men
1218 2021 1452 2109 intumuerat,
1477 2037 1518 2096 ut
1539 2023 1654 2098 traiici
1668 2031 1839 2104 exercitus
1853 2033 1929 2104 sine
1942 2039 2099 2126 periculo

73 2127 197 2196 urbem
215 2126 395 2218 periculo,
421 2127 605 2218 pugnandi
622 2126 759 2217 copiam
775 2127 944 2198 lacerent.
986 2124 1061 2198 Nec
1111 2145 1186 2190 nou
1200 2136 1336 2218 posset,
1361 2137 1479 2196 tamen
1495 2121 1697 2200 Fridecicus
1712 2129 1898 2224 impatiens
1915 2151 2099 2214 contume-
2143 2163 2148 2166 ·

72 2227 197 2301 lelellit
221 2228 447 2300 Fridericum
477 2224 546 2298 hoc
575 2227 776 2304 consilium.
833 2225 957 2322 ltaque
979 2250 1060 2296 cum
1111 2221 1198 2304 liae,
1234 2225 1415 2296 traducere
1444 2227 1635 2300 exercitum
1665 2233 1814 2305 asseruit
1841 2249 1875 2308 et
1897 2235 2040 2312 flumini
2060 2269 2100 2318 se

73 2329 207 2422 aliquot
229 2329 391 2420 praeliis,
415 2353 505 2424 (prae
526 2329 660 2417 interea
678 2329 763 2400 dum
779 2329 904 2400 urbem
921 2327 1061 2398 obsidet
1110 2323 1246 2416 primus
1276 2325 1475 2404 committit.
1540 2323 1752 2422 Exemplum
1783 2333 2008 2428 imperatoris
2039 2369 2096 2416 sc-

73 2430 255 2500 commissa
269 2445 391 2516 erant,
415 2430 577 2524 superior
591 2427 730 2514 fuisset,
753 2443 893 2522 recepta
908 2427 1061 2516 Lubeca,
1110 2439 1271 2518 quantur
1288 2425 1441 2516 primum
1456 2429 1603 2524 equites,
1629 2431 1760 2504 deinde
1774 2451 1808 2508 et
1823 2434 1993 2530 legionen
2021 2471 2097 2521 uon

73 2555 150 2600 cum
168 2531 280 2606 nollet
296 2531 470 2624 implicari
486 2531 656 2604 diuturno
669 2530 776 2616 bello,
799 2529 1003 2622 praesertim
1019 2529 1058 2598 in
1110 2525 1320 2609 munierunt
1345 2525 1424 2598 itali
1448 2545 1577 2614 castra,
1613 2555 1688 2633 non
1710 2531 2100 2640 instruxeruntaciem,
2139 2543 2143 2550 ’

73 2631 142 2700 5111,
157 2631 264 2716 10ch
289 2651 325 2706 et
336 2645 475 2722 gem
492 2633 719 2705 fortissimam
734 2633 801 2702 ,ibt
819 2631 1008 2705 conciliare
1023 2647 1059 2704 et
1109 2627 1286 2718 quialoco
1302 2651 1339 2696 se
1355 2643 1450 2700 tutos
1467 2633 1542 2702 sore
1557 2647 1775 2730 putaverant.
1812 2631 1864 2713 lta
1883 2641 1920 2712 in
1940 2643 2095 2742 impaca-

73 2732 263 2823 adiungcre
276 2733 380 2807 certis
395 2733 660 2807 conditionibus
673 2731 816 2818 mallet,
840 2732 942 2804 lacile
962 2730 1057 2804 obti-
1108 2739 1162 2798 tos
1177 2727 1295 2800 subito
1313 2729 1395 2803 lacit
1413 2733 1583 2824 impetum
1599 2731 1818 2826 Fcidcricus',
1838 2755 2000 2821 escotum
2020 2747 2094 2825 ita·

71 2836 151 2906 nuit
164 2835 352 2906 moritum
364 2858 438 2916 m,
459 2849 500 2908 m
515 2833 594 2908 Rex
605 2831 764 2906 Dantem
779 2836 874 2926 adae
889 2834 930 2905 in
944 2849 1058 2907 castra
1107 2828 1215 2899 licum
1231 2833 1418 2905 exercitum
1433 2833 1526 2905 ludit
1538 2849 1573 2906 et
1587 2835 1697 2928 sugat.
1743 2837 1840 2911 Haec
1856 2867 1928 2916 una
1946 2839 2095 2926 vicioria

72 2934 226 3020 mim,
250 2937 295 3006 de
310 2960 392 3028 pm
406 2935 656 3010 collocutum„
707 2931 764 3005 lbi
782 2935 927 3024 exponit
941 2933 1057 3028 Impe-
1107 2933 1363 3025 propemodum
1384 2929 1491 3006 totius
1518 2931 1637 3008 ltaliae
1658 2933 1910 3030 possessionem
1935 2945 2094 3039 Impera.

71 3050 165 3106 rator
186 3059 224 3106 se
240 3037 381 3116 ,bettum
402 3037 612 3129 suscepisse,
638 3059 712 3108 non
729 3037 1056 3128 utalienaappete·
1107 3032 1188 3115 tori¹
1211 3033 1380 3134 restituit5
1429 3061 1510 3143 uam
1546 3032 1706 3110 hostibus
1726 3047 1925 3140 repressis,
1962 3042 2096 3148 sqttltas

71 3153 140 3224 ret,
167 3139 230 3208 sed
250 3152 292 3213 ut
313 3139 400 3210 lines
421 3160 506 3210 suos
521 3150 697 3214 tueretscrs
722 3137 981 3228 idemsiDani
1003 3138 1057 3212 fas
1107 3133 1236 3232 deinde
1256 3133 1412 3206 civitates
1430 3137 1777 3232 occupavimusocios
1794 3147 2032 3246 confirmavit,
2046 3143 2094 3228 ¹et

71 3253 189 3310 errent
205 3264 245 3310 ac
262 3262 326 3310 suo
342 3262 452 3330 regno
466 3237 624 3312 contenti
638 3252 774 3325 essent,
798 3262 836 3310 se
850 3263 926 3339 non
938 3239 1056 3314 solum
1106 3235 1282 3324 praesidia
1302 3235 1404 3306 certis
1423 3239 1565 3345 oppidis
1588 3239 1767 3334 imposuit.
1826 3236 1912 3346 Erat
1936 3249 2004 3322 iam
2026 3245 2097 3346 deq*

70 3359 189 3432 pacem
213 3339 364 3412 cumeis
384 3342 561 3414 factorum
583 3363 675 3426 esse,
705 3341 767 3428 sed
788 3364 911 3410 eorum
932 3339 1055 3434 amici·
1107 3337 1295 3441 bellatum,
1328 3337 1396 3406 uisi
1423 3341 1693 3431 ecclesiasticum
1714 3339 1865 3446 schisma
1887 3375 2010 3449 rursus
2033 3344 2093 3452 in7¹

69 3441 153 3510 tiam
176 3441 284 3512 etiam
307 3456 482 3532 expetere,
508 3443 592 3535 quia
614 3440 897 3514 invitusbcllum
918 3453 1054 3531 gereret
1104 3437 1314 3509 flammasset
1339 3431 1407 3542 lanc
1438 3441 1583 3540 bellum.
1643 3441 1781 3544 Romae
1804 3439 1876 3539 dno
1900 3442 2090 3532 Pontifices

70 3565 147 3610 mm
161 3565 201 3610 ῃ
218 3541 375 3628 natione,
396 3567 502 3636 quam
518 3543 690 3614 iudicaret
703 3555 887 3632 cognatam
904 3539 1055 3612 Germa·
1104 3538 1210 3610 creati
1226 3551 1346 3622 erant,
1370 3565 1521 3632 quorum
1547 3545 1636 3614 alter
1649 3543 1868 3636 Alexander,
1893 3551 2090 3647 imperato-

69 3643 177 3716 ΠΜ
211 3643 306 3714 Dani
321 3667 395 3714 no„
411 3657 483 3714 tam
501 3642 601 3714 [facti
619 3643 738 3728 armis,
758 3642 837 3736 (etsi
858 3641 1054 3734 Imperator
1103 3663 1178 3714 rem
1193 3635 1415 3712 anathemate
1429 3658 1627 3730 execratur,
1657 3663 1840 3754 propterea
1858 3657 1954 3748 quod
1972 3642 2090 3751 impe-

69 3767 140 3812 oon
154 3745 273 3816 solum
295 3746 480 3836 prudentia
502 3757 535 3814 et
550 3743 768 3835 fortitudine¹
779 3739 968 3832 singulari,
991 3745 1053 3814 sed
1103 3754 1200 3812 rator
1215 3740 1394 3812 videretur
1408 3743 1510 3814 alteri
1525 3747 1635 3838 magis
1649 3745 1776 3820 lavere.
1818 3751 1985 3842 incendit
2000 3755 2087 3832 Ale-

68 3845 171 3916 etiam
206 3867 333 3934 magns
367 3845 555 3918 faelicitate
588 3845 724 3916 bellum
760 3845 849 3916 illud
883 3841 1051 3938 gesserat)
1103 3843 1237 3942 {rander
1257 3843 1458 3944 universam
1479 3841 1637 3934 ltaliam,
1664 3872 1704 3918 ac
1714 3853 1904 3948 praecipue
1922 3853 2091 3953 Venetos,
2127 3923 2134 3933 ,

70 3971 171 4039 quam
203 3947 299 4038 capti
329 3947 468 4020 iusticia
500 3959 535 4016 et
568 3941 788 4017 humanitate
816 3943 1074 4036 imperatoris,¹
1103 3938 1519 4037 adversusFridericum,
1553 3944 1705 4042 ¹Stasanor
1718 3951 1864 4026 ambitio
1882 3961 2088 4048 pontificum
2134 4014 2141 4031 .

70 4047 159 4138 pacis
176 4047 399 4120 conditiones
414 4047 604 4138 accipiunt.
657 4043 708 4116 lta
727 4047 859 4116 bellum
882 4047 1052 4136 ingemet
1103 4059 1138 4116 et
1169 4045 1336 4114 ordinum
1374 4045 1700 4126 ecclesiasticorum
1718 4051 1880 4154 ingentes
1913 4065 2088 4156 trimultus

71 4149 303 4239 periculosum
328 4173 403 4222 non
424 4150 541 4220 solum
565 4147 690 4234 armis,
717 4149 777 4218 sed
801 4149 905 4218 etiam
930 4148 1053 4242 aequi·
1103 4145 1248 4236 peperit.
1298 4141 1381 4216 Non
1397 4147 1522 4221 leviter
1535 4165 1650 4247 antem
1674 4149 1776 4222 initio
1788 4157 2018 4246 ,perturbatus
2034 4181 2088 4242 est

71 4251 145 4320 tatis
160 4252 334 4342 opinione
356 4250 506 4325 coniecit
523 4261 557 4320 et
571 4247 706 4338 Regem
729 4247 885 4321 vicinum
906 4249 974 4320 sibi
990 4252 1052 4318 de·
1103 4245 1303 4316 Fridericus
1319 4244 1499 4329 mentione
1515 4245 1759 4338 anathematis,
1781 4257 1904 4332 scribit
1919 4265 1963 4334 ad
1979 4268 2089 4340 colle-

72 4351 192 4424 vinxit.
241 4349 338 4422 Haec
353 4350 493 4442 Regum
514 4350 660 4422 societas
678 4363 782 4444 atque
799 4349 951 4432 amicitia
971 4350 1053 4420 diu·
1102 4348 1198 4437 ginm
1217 4344 1473 4434 cardinalium,
1497 4347 1876 4429 utres'diiudicenmr.
1913 4359 2087 4464 SedAle.

70 4465 206 4523 turoam
220 4467 255 4524 et
269 4468 400 4525 certam
413 4439 535 4545 pacem
548 4451 621 4522 illis
637 4452 726 4522 locis
738 4452 886 4544 peperit.
926 4449 1050 4522 Postea
1101 4450 1234 4520 eander
1249 4461 1340 4518 vetat
1356 4449 1607 4538 cognitionem,
1629 4469 1814 4547 propterea
1829 4463 1925 4554 qnod
1941 4457 2086 4553 baberet

70 4552 242 4643 ingressus
258 4553 415 4650 ltaliam,
437 4551 575 4638 Romae
596 4553 639 4622 de
659 4577 757 4624 more
776 4565 965 4626 coronatus
988 4565 1049 4624 est.
1102 4550 1140 4618 in
1165 4549 1324 4640 partibus
1346 4551 1515 4635 maiorem
1533 4553 1654 4624 ltaliae
1675 4553 1809 4649 partem
1833 4575 1868 4632 et
1883 4555 2026 4658 Gal'los;
2051 4588 2087 4652 et

70 4652 106 4724 ln
121 4681 162 4724 eo
182 4625 308 4725 iduare
324 4653 612 4724 Mediolanenses
635 4676 710 4722 non
728 4667 799 4723 tam
821 4655 928 4748 armis
944 4677 1050 4747 quam
1102 4651 1245 4744 nequid
1264 4676 1282 4718 a
1296 4647 1444 4740 Caesare
1460 4655 1722 4744 periculiesset,
1748 4663 1877 4756 recepit
1892 4688 1928 4737 se
1942 4669 1980 4747 in
1997 4669 2087 4749 Gal.

69 4757 253 4828 autoritate
266 4755 488 4848 compescuit,
512 4755 575 4850 qui
591 4753 782 4847 cupiditate
797 4755 1051 4825 dominationis
1103 4753 1199 4824 liam.
1251 4749 1369 4822 Movit
1390 4747 1478 4855 haec
1504 4759 1716 4837 contumelia
1742 4761 1912 4846 animum.
1931 4750 2088 4866 immittis

70 4857 198 4928 vicinas
232 4859 402 4952 quasdam
434 4856 593 4927 civitates
617 4855 754 4926 'iniuste
783 4869 1051 4949 occupaverant
1102 4851 1230 4940 Suevi,
1253 4876 1361 4946 quare
1381 4851 1511 4942 iratus,
1536 4854 1668 4928 bellum
1683 4863 1850 4937 acerrime
1864 4852 1973 4960 gerit,
1994 4854 2089 4948 muls-

71 4959 132 5030 Sed
150 4953 238 5030 haec
252 4960 380 5032 lenitas
396 4973 515 5050 postea
535 4958 670 5028 occasio
685 4957 753 5028 luit
775 4956 928 5046 ingentis
948 4957 1050 5028 betti:
1101 4967 1156 5024 tos
1171 4949 1325 5024 hostium
1343 4957 1513 5030 exercitus
1530 4959 1633 5030 «tetes
1675 4955 1723 5054 Et
1737 4963 1820 5056 quia
1836 4961 2088 5057 Mediolanen'.

74 5075 249 5154 postquam
267 5063 465 5152 imperator
478 5061 514 5128 iu
525 5055 755 5130 Germaniam
772 5059 888 5141 rediit,
909 5057 1051 5128 Medio.
1101 5058 1192 5126 sium
1210 5055 1417 5148 praecipuae
1430 5058 1572 5148 fucrant
1588 5055 1627 5142 in
1640 5084 1683 5130 ea
1698 5063 2087 5167 coniurationeparteq

74 5159 660 5252 lanenseslmperatorislenitatem
680 5160 958 5252 interpretantur
979 5183 1051 5228 esse
1104 5155 1347 5230 Mediolanum
1384 5159 1419 5226 vi
1439 5173 1589 5256 'captum
1614 5157 1764 5254 diripit,
1805 5162 2088 5262 diruissent,

73 5275 194 5336 metum
209 5276 273 5335 aut
289 5263 401 5344 animi
416 5261 614 5332 mollitiem.
666 5259 786 5350 Quare
808 5262 879 5331 iam
894 5263 1051 5352 despon-
1103 5271 1245 5352 acqnat;
1277 5257 1413 5354 reliqua
1436 5257 1684 5367 Lssngobttdia
1704 5279 1860 5358 recepta,
1883 5259 2090 5369 italiaeque.

71 5363 147 5436 dent
167 5365 238 5437 sibi
265 5363 456 5457 imperium
476 5361 766 5454 longobardiae,
793 5363 986 5434 sollicitant
1007 5363 1051 5430 ad
1079 5445 1081 5454 Ι
1103 5359 1202 5439 niam
1226 5356 1365 5430 reducit
1379 5365 1598 5530 gamanam,
1621 5361 1704 5458 quia
1725 5355 2091 5478 ¹ttattajmqa'ts',1020ss
