4614 5820
230 232 306 312 sss
921 197 1084 302 ouon
1128 195 1206 298 ou
1239 217 1573 298 auonosro.
2178 229 2242 306 aaa

231 405 359 488 Deum,
383 404 429 475 ad
445 399 657 492 mitigandas
672 398 885 468 calamitates
899 395 1068 488 publicas.
1122 391 1221 466 ldem
1273 407 1451 466 eramenta
1468 395 1643 468 divinitus
1665 395 1811 470 tradita:
1837 410 1873 468 et
1887 410 1928 470 ut
1952 398 2120 472 barbarae
2141 411 2246 490 gentes

232 507 442 601 precabatur
456 516 490 574 et
504 505 578 595 ipse
593 500 798 572 ardentibus
812 498 920 583 votis,
942 498 1083 589 publice
1098 509 1131 566 et
1147 498 1223 588 pri·-
1273 498 1522 588 superstitione
1543 498 1655 590 magis
1674 499 1940 586 devinciuntur,
1964 501 2171 592 effugentur
2192 526 2247 572 no-

234 607 365 693 vatim,
408 604 641 675 confirmabat
670 625 769 686 suos,
802 623 847 670 ne
871 599 972 668 fracti
998 594 1222 670 ethnicorum
1274 623 1339 670 vae
1354 599 1552 690 opiniones.
1603 597 1652 672 Ut
1668 597 1855 670 Persarum
1869 598 1984 692 Reges
2004 601 2120 693 igueni
2144 603 2248 672 colue-

234 722 296 782 aut
318 705 575 780 haereticorum
607 703 833 786 crudelitate,
875 724 993 770 veram
1023 702 1221 770 doctrinam
1274 713 1380 784 runt,
1412 724 1452 770 ac
1481 701 1621 772 adorari
1653 702 1863 787 voluerunt,
1902 727 2009 796 quem
2036 700 2248 774 Orimasdam

236 812 438 882 abiicerent.
488 804 644 898 Fuitque
677 804 710 874 ei
735 817 887 872 extrema
913 802 1113 872 lucubratio
1141 813 1222 872 ante
1275 802 1512 894 appellabant.
1565 800 1618 874 lta
1633 803 1840 894 spectacula,
1864 816 1941 874 tum
1956 817 2161 890 statuarum,
2184 819 2248 874 tum

236 926 406 990 mortem,
444 907 620 979 enarratio
653 904 782 976 Psalmi
810 903 1067 996 quadragesimi
1095 903 1224 995 quarti,
1274 903 1423 972 aliarum
1449 926 1568 974 rerum
1590 899 1682 974 inter
1707 904 1879 976 barbaros
1907 907 2040 998 posteri
2065 908 2249 978 instituent.

238 1013 338 1084 cuius
351 1011 495 1080 initium
509 1023 577 1079 est:
595 1003 691 1076 Deus
707 1005 852 1074 auribus
866 1005 997 1076 nostris
1011 1004 1224 1077 audivimus.
1276 1003 1371 1074 Toto
1395 1005 1502 1093 igitur
1522 1005 1609 1074 orbe
1631 1019 1803 1076 terrarum
1811 1057 1825 1092 ,
1859 1020 1920 1078 aut
1945 1007 2109 1080 iacebunt
2130 1009 2250 1078 deletae

237 1113 291 1184 Ac
311 1115 430 1184 ferunt
456 1111 494 1178 in
518 1105 583 1178 hac
612 1107 685 1199 ipsa
715 1107 961 1176 lucubratione
988 1129 1094 1198 supra
1119 1118 1225 1197 caput
1275 1101 1472 1190 Ecclesiae,
1510 1117 1572 1176 aut
1612 1107 1758 1178 stabunt
1794 1107 1996 1202 squalentes
2035 1125 2071 1184 et
2111 1109 2250 1203 pollutae

237 1213 420 1286 Ambrosii
443 1213 621 1280 flammam
642 1221 865 1300 conspectam
882 1231 955 1276 esse
975 1207 1085 1296 figura
1100 1206 1226 1302 clypei,
1276 1207 1413 1297 magnis
1430 1222 1464 1280 et
1479 1207 1652 1298 pestiferis
1666 1207 1858 1278 erroribus.
2106 1225 2109 1228 ·

238 1339 328 1410 quae
353 1327 471 1406 postea
486 1313 652 1380 delabens
669 1309 843 1398 fulgorem
860 1309 1067 1380 inusitatum
1084 1309 1122 1378 in
1137 1307 1225 1378 facie
1378 1305 1525 1380 Interim
1555 1305 1724 1400 Episcopi
1753 1310 1940 1403 tyrannico
1975 1333 2073 1380 more
2102 1312 2252 1382 domins-

238 1408 422 1509 sparserif,
448 1425 482 1484 et
498 1437 559 1482 ore
575 1407 768 1480 haustasit.
1277 1410 1433 1494 buntur,
1474 1409 1620 1478 abiectis
1652 1410 1781 1480 studiis
1816 1411 1998 1484 doctrinae
2032 1409 2251 1498 Christianae,

337 1514 427 1586 Cum
444 1528 559 1584 autem
575 1535 617 1582 eo
637 1512 714 1604 ipso
732 1525 890 1602 tempore
914 1532 987 1580 non
1005 1508 1121 1580 solutu
1144 1532 1226 1600 per·
1278 1510 1445 1599 neglectis
1459 1506 1625 1582 Ecclesiis
1642 1525 1836 1604 sequentur
1849 1509 1988 1603 Regum
2002 1513 2122 1598 aulas,
2146 1530 2251 1603 regent

237 1629 369 1692 tereret
390 1615 670 1694 enarrationem,
706 1614 766 1682 sed
796 1613 900 1681 etiam
934 1633 1077 1700 gemens
1100 1634 1141 1681 ac
1173 1610 1226 1680 la-
1278 1611 1403 1680 mnndi
1420 1611 1578 1702 imperia,
1594 1607 1778 1682 habebunt
1793 1614 1974 1684 devinctos
1990 1615 2058 1684 sibi
2075 1613 2253 1706 Principes,

237 1715 426 1813 chrymans
449 1730 530 1786 vota
552 1716 682 1784 faceret
703 1737 768 1805 pro
790 1709 965 1795 Ecclesia,
1004 1713 1117 1805 deque
1138 1735 1226 1780 ven·
1278 1703 1430 1806 quorum
1446 1712 1576 1783 muniti
1595 1713 1799 1806 praesidiis,
1823 1737 1905 1786 suos
1926 1739 2063 1786 errores
2078 1717 2253 1786 defendent

237 1821 327 1892 turis
345 1817 603 1890 calamitatibus
620 1815 890 1898 vaticinaretur,
914 1835 988 1880 non
1005 1814 1156 1884 dubium
1175 1828 1226 1884 est
1279 1836 1405 1902 magna
1419 1814 1574 1887 saevitia.
1624 1809 1744 1886 Erunt
1759 1816 1888 1910 reliqui
1903 1817 2018 1908 pauci,
2045 1817 2098 1908 pii
2114 1830 2148 1887 et
2161 1819 2254 1903 docti,

237 1935 358 2014 pectus
372 1919 448 1990 eius
462 1918 586 1988 divino
607 1917 735 2008 spiritu
757 1916 940 1986 incensum
964 1913 1084 1995 fuisse,
1110 1915 1171 2008 qui
1189 1937 1226 1983 se
1279 1915 1340 2008 qui
1358 1911 1449 1984 hanc
1466 1915 1644 2008 querelam
1653 1913 1786 1986 Psalmi
1802 1919 1998 1988 sonabunt:
2025 1917 2131 1989 Narnc
2147 1933 2252 1990 autem

236 2023 276 2094 in
292 2045 332 2092 ea
346 2021 486 2090 flamma
502 2019 668 2104 ostendit,
691 2029 730 2086 ut
748 2041 829 2087 cum
843 2015 1096 2108 Apostolorum
1111 2014 1225 2086 coetui
1278 2017 1438 2108 repulisti
1455 2031 1489 2086 et
1504 2017 1788 2091 confudistinos.

237 2123 379 2216 publice
396 2116 572 2192 exhibitus
587 2132 648 2192 est.
689 2113 778 2188 Erat
791 2131 908 2188 autern
923 2117 1126 2188 admonitus
1140 2139 1226 2188 voce
1349 2165 1352 2172 -
1378 2115 1501 2212 Neque
1516 2129 1635 2188 umen
1649 2117 1811 2188 funditus
1827 2119 1989 2192 interibit
1997 2115 2154 2190 Ecclesia
2169 2144 2253 2206 vera,

236 2223 389 2304 Psalmi,
413 2236 454 2293 ut
477 2224 522 2292 de
545 2234 695 2291 ventura
711 2220 906 2290 mutatione
920 2213 1097 2288 Ecclesiae
1113 2219 1227 2288 multa
1278 2243 1361 2288 narn
1386 2214 1445 2288 hic
1468 2219 1542 2311 ipse
1562 2215 1724 2289 Psalmus
1746 2217 1881 2314 inquit:
1905 2219 2002 2292 Haec
2024 2223 2147 2292 omnia
2162 2247 2255 2293 vene-

237 2325 464 2420 praediceret.
513 2320 672 2392 Psalmus
699 2335 819 2390 narrat
841 2317 1034 2390 Ecclesiam
1056 2345 1129 2390 non
1157 2315 1225 2390 hu·
1278 2333 1364 2390 runt
1386 2343 1593 2412 supernos,
1618 2321 1802 2392 necobliti
1823 2335 2005 2396 sumoste.
2055 2319 2140 2394 Erit
2161 2325 2256 2414 igitur

236 2427 353 2497 mauis
378 2427 531 2506 viribus,
563 2425 623 2493 sed
656 2421 828 2491 mirandis
851 2419 917 2490 Dei
944 2420 1046 2492 factis
1074 2421 1225 2511 gloriose
1278 2421 1423 2510 exiguus
1448 2436 1585 2506 coetus,
1618 2421 1681 2516 qui
1703 2417 1938 2516 Evangelium
1967 2423 2033 2493 lilii
2052 2421 2121 2494 Dei
2150 2427 2256 2507 discet,

237 2527 462 2600 constitutam
480 2539 514 2596 et
529 2537 690 2594 ornatam
705 2543 789 2592 esse.
838 2517 1015 2590 Extremis
1031 2547 1115 2591 vero
1137 2535 1220 2591 teru-
1278 2521 1422 2607 arctabit,
1444 2537 1618 2614 proponet
1632 2523 1789 2606 caeteris,
1815 2527 2025 2618 propagabit
2038 2527 2084 2594 ad
2100 2541 2256 2618 posteros,

237 2629 383 2724 poribus
397 2651 472 2696 non
485 2627 561 2696 fore
575 2625 725 2693 similem
743 2623 910 2714 gloriam,
935 2623 1116 2716 magisque
1129 2645 1226 2712 gras-
1278 2623 1415 2693 etiamsi
1431 2623 1615 2694 subeunda
1631 2638 1737 2694 erunt
1752 2627 1848 2695 varia
1865 2627 2058 2696 certamina
2080 2642 2113 2697 et
2134 2627 2256 2720 suppli-

237 2745 390 2802 saturam
406 2752 479 2798 esse
493 2743 724 2822 tyrannorum
742 2723 947 2806 saeviciam,
973 2748 1079 2814 quam
1096 2739 1210 2794 antea.
1278 2724 1343 2798 cia.
1394 2723 1462 2796 Sed
1479 2725 1578 2794 duris
1592 2725 1715 2796 utiles
1731 2737 1831 2796 tonsa
1848 2726 2076 2818 bipennibus,
2098 2729 2146 2800 ita
2163 2744 2193 2800 et
2207 2724 2256 2796 hic

338 2827 435 2900 Haec
448 2827 623 2899 enarravit
635 2824 844 2897 Ambrosius
859 2825 1046 2915 copiosius,
1072 2826 1224 2895 extincto
1278 2840 1415 2906 coetus,
1440 2849 1503 2917 per
1518 2827 1657 2911 damna,
1683 2849 1745 2913 per
1759 2850 1872 2908 neces,
1898 2827 1944 2898 ab
1960 2827 2036 2921 ipso
2053 2831 2160 2900 «lucet
2174 2851 2256 2920 opes,

240 2927 444 3004 Theodosio
464 2929 600 3022 inquit,
626 2941 704 2998 ruet
724 2921 809 2996 haec
825 2924 987 2997 Romana
1003 2923 1225 2996 Monarchia.
1277 2925 1505 3020 animumque
1521 2927 1628 3000 ferro.
1663 2921 1760 2996 Haec
1776 2927 1905 3024 inquit,
1927 2929 2257 3020 praemonuitDeus,

235 3032 376 3103 Videtis
390 3031 484 3102 enim
507 3031 577 3099 iarn
601 3029 768 3098 barbaras
781 3027 942 3096 nationes
956 3027 1123 3120 utrinque
1137 3051 1225 3120 pene
1277 3051 1323 3096 ue
1350 3051 1430 3097 cum
1453 3027 1653 3098 videbimus
1674 3029 1832 3120 quassari
1854 3029 1977 3100 orbem
2006 3043 2200 3116 terrarum,
2228 3044 2257 3100 et

236 3133 422 3204 obsidione
437 3133 585 3203 cinxisse
601 3127 750 3200 ltaliam.
792 3125 930 3197 Harum
950 3130 1152 3199 armiscum
1169 3129 1225 3197 di·
1277 3127 1352 3198 beri
1375 3127 1640 3220 dissipationes,
1674 3152 1825 3221 quarum
1846 3131 1978 3201 exitum
1995 3156 2072 3202 non
2095 3131 2257 3225 prospici·

236 3235 450 3306 lacerabitur
471 3229 679 3323 imperium,
708 3229 838 3322 passim
858 3241 934 3298 toto
950 3231 1035 3298 orbe
1050 3243 1224 3301 terrarum
1276 3253 1377 3315 mus,
1402 3229 1640 3302 existimemus
1659 3229 1800 3320 penitus
1819 3230 2041 3302 interituram
2058 3257 2133 3304 esse
2145 3232 2256 3304 Eccle-

235 3333 414 3432 Ecclesiae
453 3335 591 3404 duriter
629 3332 899 3425 quassabuutur.
959 3327 1057 3400 Alibi
1093 3355 1223 3401 nomen
1276 3333 1376 3400 siam.
1428 3329 1498 3402 Sed
1523 3343 1715 3401 statuamus
1738 3354 1820 3400 vere
1840 3329 2034 3404 Ecclesiam
2059 3358 2152 3418 esse,
2177 3357 2256 3426 qnae

236 3429 371 3524 Christi
405 3435 599 3518 delebitur,
635 3433 722 3502 alibi
755 3431 979 3501 confusiones
1012 3433 1222 3521 religionum
1277 3433 1404 3502 retinet
1427 3455 1551 3522 puram
1568 3427 1753 3520 Evangelii
1776 3433 1997 3523 doctrinam,
2021 3447 2057 3505 et
2080 3429 2164 3505 huic
2186 3459 2256 3504 coe·

236 3552 350 3608 erunt.
400 3535 511 3609 Utin
534 3531 673 3615 Africa,
708 3532 860 3602 Vandali
886 3546 982 3603 tauta
1006 3535 1224 3604 immanitate
1276 3534 1340 3618 tui,
1356 3529 1410 3602 his
1425 3531 1675 3604 studiisDenm
1691 3533 1846 3626 aliquam
1863 3535 1902 3603 in
1915 3535 2018 3605 terris
2032 3537 2152 3606 sedem
2165 3535 2257 3608 attri-

177 3652 180 3660 “
233 3639 476 3734 propagabant
492 3633 667 3708 Asianum
684 3635 800 3714 virus,
824 3649 864 3707 ut
877 3635 1027 3706 nudatas
1042 3650 1224 3706 matronas
1275 3637 1446 3725 buturum
1468 3657 1550 3704 esse.
1599 3631 1801 3706 Retinenda
1827 3649 1879 3706 est
1900 3635 2010 3726 igitur
2027 3638 2205 3722 doctrina,
2226 3647 2255 3704 et

234 3765 275 3812 ac
289 3740 443 3829 virgines
458 3740 498 3809 in
513 3752 702 3831 conspectu
716 3737 840 3828 populi
856 3751 1010 3808 urerent.
1059 3735 1223 3807 Hicvere
1275 3735 1450 3807 constanti
1483 3735 1603 3804 animo
1637 3737 1882 3827 propaganda,
1915 3751 1957 3810 ut
1984 3737 2059 3810 sint
2084 3739 2147 3835 qui
2173 3751 2255 3809 recte

235 3842 383 3912 sonabat
397 3865 465 3911 vox
489 3841 549 3910 illa
571 3834 679 3908 huius
695 3835 845 3908 Psalmi:
871 3835 1022 3927 Propter
1041 3852 1076 3908 te
1096 3838 1223 3908 morti·
1274 3833 1390 3908 Deum
1407 3837 1584 3907 invocent.

234 3943 381 4012 ficamur
394 3955 467 4013 tota
480 3943 558 4028 die,
578 3939 751 4010 aestimati
772 3961 895 4008 sumus
915 3937 1005 4009 sicut
1023 3963 1107 4009 oves
1129 3937 1222 4009 occi·
1377 3935 1541 4007 Vicissim
1558 3933 1654 4008 Deus
1668 3937 1805 4029 aliquas
1817 3937 1959 4030 politias
1977 3941 2151 4026 servabit,
2175 3959 2254 4031 quae

235 4042 356 4116 sionis,
1274 4039 1468 4130 praebeant
1501 4035 1695 4128 hospitium
1728 4039 1767 4108 in
1800 4039 1921 4120 terris,
1964 4034 2049 4112 buic
2077 4037 2254 4112 Ecclesiae.

283 4135 285 4141 ’
336 4141 475 4213 Deinde
497 4141 546 4213 ait
568 4139 779 4214 Ambrosius
802 4135 893 4210 hanc
916 4140 1056 4232 imperii
1081 4141 1221 4210 ruinam
1274 4139 1370 4210 llaec
1404 4141 1471 4210 fuit
1504 4139 1686 4209 Ambrosii
1720 4153 1894 4230 postrema
1926 4143 2070 4224 concio,
2108 4141 2252 4232 exposito

235 4243 350 4313 maior
370 4245 438 4313 alia
460 4245 575 4313 clades
601 4256 761 4312 secutura
788 4257 849 4314 est.
906 4239 1035 4310 Daniel
1061 4243 1220 4313 futurum
1273 4241 1406 4312 Psalmi
1429 4240 1526 4310 illius
1549 4255 1775 4329 argumento,
1801 4264 1908 4334 quarn
1930 4266 1971 4312 eo
1995 4243 2160 4328 recitavi,
2180 4241 2252 4334 quia
2301 4275 2302 4334 p

164 4349 168 4355 ’
235 4357 398 4428 testatur,
423 4357 464 4414 ut
481 4356 602 4437 quarta
618 4339 828 4413 Monarchia
846 4343 1023 4432 dissipata,
1048 4343 1086 4412 io
1103 4345 1222 4438 aliqua
1274 4337 1513 4413 etuobishoc
1533 4341 1609 4432 ipso
1632 4353 1790 4432 tempore
1813 4344 2046 4414 necessariam
2059 4339 2252 4416 hanecon-
2301 4339 2302 4394 l

236 4459 334 4536 parte
347 4469 480 4514 novum
495 4468 642 4533 regnum
656 4444 844 4522 exoriatur,
869 4447 964 4538 quod
978 4445 1111 4515 bellum
1128 4459 1221 4534 geret
1272 4443 1565 4513 monefactionem
1593 4457 1628 4513 et
1648 4437 1929 4514 cohortationem
1944 4469 2018 4514 esse
2035 4447 2139 4519 duco.
2188 4443 2251 4513 Res
2301 4455 2302 4514 ι

236 4570 315 4616 cum
332 4547 470 4629 sanctis,
490 4558 524 4614 et
541 4569 720 4616 sermones
736 4539 958 4637 blasphemos
971 4561 1090 4615 contra
1105 4545 1219 4616 Deum
1273 4545 1427 4614 ostendit
1452 4544 1558 4612 nimis
1572 4567 1692 4612 veram
1713 4567 1786 4612 esse
1808 4545 2103 4635 praedictionem,
2135 4547 2177 4615 de
2192 4567 2250 4636 qus
2301 4535 2302 4566 ¹

234 4661 417 4717 aeternum
440 4647 744 4736 impudentissime
767 4647 937 4719 effundet.
992 4646 1090 4716 Vidit
1112 4648 1221 4736 igitur
1272 4643 1484 4717 Ambrosius
1505 4645 1735 4714 concionatus
1757 4660 1808 4715 est
1831 4647 1986 4738 collapso
2013 4647 2162 4738 imperio
2182 4643 2250 4716 Ro·
2301 4685 2302 4730 1

236 4743 432 4818 Mahometi
462 4771 608 4837 regnum
640 4773 720 4818 mox
748 4761 950 4817 secuturum
980 4773 1071 4828 esse,
1103 4773 1219 4842 aquo
1272 4771 1399 4830 ιιιιιιιο,
1423 4761 1538 4816 sectata
1556 4761 1606 4816 est
1621 4745 1780 4840 tyrannis
1796 4741 2008 4834 Mahometi‚
2033 4773 2124 4842 quae
2138 4744 2249 4818 Eccle·
2301 4747 2302 4760 ¹

234 4863 353 4941 postea
376 4849 415 4918 in
443 4873 568 4940 magna
591 4863 689 4940 parte
720 4849 817 4919 orbis
846 4865 1018 4920 terrarum
1043 4847 1220 4922 Ecclesiae
1272 4850 1340 4918 sias
1368 4849 1530 4918 funditus
1563 4848 1692 4917 delevit
1724 4847 1761 4916 in
1787 4846 1907 4918 Africa
1940 4863 1974 4920 et
2004 4873 2130 4939 magna
2158 4847 2249 4918 Asiae

232 4952 394 5020 fonditus
425 4951 559 5021 deletae
591 4966 694 5023 sunt.·
737 4945 838 5020 Alibi
870 4973 966 5020 vero·
989 4952 1052 5020 ubi
1088 4977 1219 5022 nomen
1271 4963 1376 5042 atquc
1399 4947 1563 5040 Europae
1586 4963 1694 5040 parte.
1749 4944 1796 5018 Et
1818 4974 1913 5020 nunc
1937 4952 2005 5020 late
2028 4947 2249 5042 grassaturio
2301 4941 2302 4946 ’

232 5047 365 5123 Christi
380 5053 600 5136 retinebitur,
626 5053 740 5120 lucem
757 5051 944 5142 Evangelii
959 5055 1065 5122 densa
1081 5067 1116 5122 et
1129 5048 1217 5123 tetra
1271 5054 1386 5122 vicina
1403 5049 1607 5135 Pannonia,
1633 5063 1667 5120 et
1682 5075 1769 5140 pene
1786 5051 1926 5122 obsidet
1942 5050 2181 5122 Germaniam.
2301 5119 2302 5124 ,

232 5153 343 5241 caligo
382 5155 526 5238 obruet,
569 5152 732 5222 colentur
763 5146 904 5222 ethnico
939 5178 1039 5223 more
1070 5151 1218 5236 Heroas,
1346 5147 1426 5226 Etsi
1441 5155 1557 5222 autem
1574 5175 1704 5242 paucae
1719 5155 1891 5245 quaedam
1909 5151 2107 5224 inGraecia
2123 5167 2157 5222 et
2175 5147 2248 5240 llly-

230 5249 399 5344 Episcopi
412 5255 604 5324 barbaricis
617 5254 821 5330 nationibus
836 5253 1074 5345 gratificaturi,
1093 5257 1218 5328 statuis
1268 5256 1343 5326 rico
1360 5255 1517 5348 reliquae
1530 5267 1614 5324 suut
1628 5248 1817 5337 Ecclesiae,
1844 5267 1961 5324 tamen
1975 5256 2057 5348 quia
2071 5271 2248 5324 aerumno-

230 5353 359 5442 templa
382 5355 622 5445 complebunt.
672 5352 865 5427 Conferant
886 5354 925 5423 in
946 5371 1127 5448 quaestum
1150 5357 1217 5430 Sa·
1267 5356 1404 5428 sissima
1422 5355 1590 5426 servitute
1605 5377 1792 5446 oppressae
1810 5368 1913 5442 sunt,
1943 5355 2112 5448 paulatim
2134 5367 2168 5424 et
2190 5347 2248 5420 hae
