4704 5826
114 269 196 345 921
277 367 279 372 Ι
515 258 681 354 DECL.
720 256 796 338 DE
829 251 1376 342 LEGUMJFONTIBUS
1408 249 1484 328 Er
1517 249 1738 330 CAUSIS.
2009 340 2012 346 ¹
2077 251 2158 330 922

114 439 187 512 boc
209 459 342 510 novum
358 437 569 509 'consilium
625 423 862 530 Applaud'unt
886 459 1010 508 omnes
1039 447 1113 506 tam
1166 431 1244 500 litia
1259 427 1371 500 Moisi
1394 431 1499 499 natus
1515 441 1609 513 erat,
1634 441 1755 498 tamen
1774 425 1976 518 provincias
1990 423 2160 508 Persicas,

115 541 271 636 speciosa
287 539 459 612 sententia
480 541 618 626 audita,
644 539 731 612 etfit
747 541 927 612 decretum
942 561 961 608 a
979 535 1114 610 Senatu
1165 533 1302 623 legibus
1325 531 1475 601 Persicis
1496 533 1649 621 regebat.
1701 525 1782 600 Etsi
1802 541 1918 599 autem
1940 529 2162 622 multa‘pos-

116 661 151 716 et
169 645 307 738 populo
325 643 527 728 simiarum,
552 657 593 712 ut
609 641 735 712 urberu
754 644 907 712 condere
928 639 1113 734 incipiant.
1165 651 1248 708 sunt
1279 635 1435 726 exempla
1461 633 1623 718 recitari,
1655 655 1746 726 quae
1771 629 1964 703 ostendunt
1987 632 2161 724 placuisse

115 747 189 818 Sed
204 747 369 816 dimissae
382 748 428 815 ad
446 740 676 815 convehenda
693 745 789 834 ligna
806 757 840 814 et
855 743 1003 834 lapides,
1029 765 1111 812 cum
1164 733 1241 808 Deo
1266 735 1343 828 pios
1364 737 1618 827 gubernatores
1632 734 1672 803 iu
1690 733 1770 803 aliis
1792 733 1950 826 imperiis
1965 749 2062 805 extra
2076 731 2162 803 Mo·

116 853 277 919 deessent
302 848 557 933 iustrumenta,
591 860 626 920 ct
653 848 753 917 nulla
779 843 869 916 ratio
895 858 986 917 esset
1014 843 1110 934 ligna
1164 841 1291 909 saicam
1314 838 1494 930 politiam,
1526 851 1749 908 tamencum
1780 836 1933 905 maxime
1954 837 2000 906 sit
2021 835 2160 906 illustre

115 948 304 1029 caedendi,
331 963 365 1020 et
382 950 517 1041 lapides
533 949 754 1041 expoliendi,
780 961 814 1018 et
829 945 1111 1038 coagmentandi,
1164 939 1324 1012 Cornelii
1354 941 1552 1031 exemplum
1584 941 1623 1008 in
1653 935 1753 1008 Actis
1782 937 2057 1030 Apostolorum,
2090 933 2160 1009 hoc

114 1053 333 1144 experiundo
357 1051 427 1120 iam
452 1066 648 1142 agnoscunt
672 1075 708 1120 se
726 1049 832 1122 stulte
848 1073 923 1120 rem
946 1048 1110 1139 impossi-
1163 1043 1350 1135 praecipue
1377 1040 1581 1131 cogitemus.
1631 1039 1824 1112 Manifesto
1845 1053 1880 1116 ct
1904 1041 2037 1130 insigni
2056 1041 2159 1110 testi·

114 1155 225 1224 bilem
239 1167 273 1225 et
289 1153 440 1223 alienam
459 1175 554 1226 asna
570 1167 696 1224 natura
717 1151 859 1222 molitos
876 1164 961 1226 esse.
1003 1145 1111 1219 Tales

115 1255 264 1326 omnino
293 1269 377 1326 sunt
403 1255 463 1325 isti
488 1279 662 1326 novarum
689 1255 871 1325 civitatum
897 1251 1110 1332 conditores,

116 1357 179 1451 qui
195 1357 372 1428 somniant
390 1381 481 1427 nova
503 1359 594 1431 iura.
645 1354 694 1428 Et
707 1357 816 1427 fuisse
831 1357 999 1426 omuibus
1015 1365 1111 1424 aeta-

114 1461 213 1530 tibus
224 1460 353 1531 multas
368 1461 457 1530 tales
472 1460 612 1546 simias,
637 1459 808 1529 credibile
825 1469 889 1529 est.
942 1456 1013 1529 Sed
1041 1479 1109 1524 no-

114 1575 187 1632 stra
215 1575 328 1647 aetas,
349 1557 442 1655 proh
464 1561 591 1646 dolor,
616 1561 708 1633 vidit
727 1559 917 1652 plurimas,
939 1557 1110 1652 aquibus

114 1677 193 1734 orta
207 1675 259 1734 est
273 1659 360 1732 haec
375 1663 500 1754 iugens
515 1663 713 1748 calamitas,
737 1685 827 1756 quae
846 1683 943 1732 nunc
959 1657 1109 1730 Germe-

113 1767 212 1836 niam
228 1765 410 1858 oppressit.
462 1763 605 1854 Quaeso
622 1767 731 1856 igitur
744 1785 806 1833 vos
823 1763 949 1853 optimi
966 1762 1113 1844 audito-¹

114 1890 188 1954 res,
213 1880 254 1937 ut
268 1867 476 1958 sapientiam
499 1889 573 1936 esse
593 1881 627 1938 et
640 1869 807 1940 virtutem
828 1864 1007 1948 statuatis,
1031 1859 1108 1958 Dpo

113 1983 248 2059 gratam
264 1983 299 2040 et
312 1969 542 2038 necessariam
555 1969 738 2040 communi
754 1967 1027 2061 tranquillitate,
1053 1987 1109 2034 re-

113 2083 277 2140 verenter
290 2071 421 2140 sentire
435 2069 483 2141 de
498 2072 629 2142 usitato
647 2071 735 2158 iure,
760 2084 794 2141 et
808 2091 927 2146 amare
943 2089 1109 2160 praeseu-

112 2187 166 2242 tes
179 2173 289 2262 leges,
316 2185 352 2242 et
374 2195 430 2242 eas
452 2187 653 2244 constanter
674 2172 781 2244 tueri.
831 2169 865 2241 E
884 2185 1008 2240 contra
1024 2193 1108 2239 vero

113 2275 292 2345 levitatem
307 2295 401 2358 esse,
426 2274 677 2360 curiositatem,
705 2273 919 2358 futilitatem‚
940 2272 1109 2364 'petulan-

111 2377 199 2446 tiam
223 2389 257 2446 et
272 2375 461 2446 amentiam
484 2375 715 2462 diabolicam,
741 2389 777 2446 et
799 2374 1032 2466 perniciosam
1049 2395 1108 2463 ge-

112 2477 190 2547 neri
214 2473 390 2560 humano,
407 2471 574 2549 'cavillari
598 2492 798 2570 praesentes
817 2477 928 2568 leges,
956 2491 990 2548 et
1005 2476 1108 2570 quasi

113 2580 298 2649 columnas
320 2580 359 2649 in
377 2581 536 2650 aedificio
559 2581 729 2672 paulatim
751 2579 951 2670 impellere,
977 2577 1108 2672 quibus

113 2681 243 2752 eversis
264 2693 374 2751 totam
392 2683 538 2752 domurn
553 2683 684 2752 collabi
709 2701 850 2751 necesse
864 2694 927 2751 est.
978 2679 1027 2752 Ut
1045 2703 1109 2750 au-

112 2797 182 2852 tem
202 2778 269 2853 bac
289 2785 462 2854 sententia
478 2785 734 2855 confirmentur
750 2782 882 2867 animi,
908 2805 1009 2851 veras
1024 2805 1109 2851 cau-

112 2905 167 2954 sas
181 2885 270 2955 scire
284 2897 440 2976 oportet:
460 2881 520 2956 Au
528 2900 561 2956 et
571 2909 680 2979 quare
695 2881 761 2954 hae
776 2896 917 2953 nostrae
930 2883 1022 2973 leges
1030 2880 1107 2953 Deo

110 2987 282 3077 placeant.
339 2984 541 3058 Sumendae
570 2999 656 3059 suut
684 3003 801 3058 autem
831 2980 898 3056 hae
919 3009 1042 3056 causae
1066 3009 1107 3055 ex

109 3085 167 3157 his
189 3089 360 3162 lontibus.

215 3286 344 3379 lugens
360 3289 551 3360 discrimen
569 3303 621 3361 est
633 3290 729 3360 inter
740 3287 976 3379 Evangelium
990 3305 1024 3361 et
1042 3313 1106 3382 po-

113 3392 244 3461 liticam
259 3393 564 3481 gubernationem.
597 3387 662 3463 Est
678 3393 773 3461 enirn
789 3387 1024 3482 Evangelium
1038 3417 1106 3461 vox

34 3537 38 3544 -
111 3494 252 3576 divina,
276 3507 421 3585 propter
445 3494 558 3564 lilium
584 3493 653 3564 Dei
675 3495 837 3564 adferens
861 3494 1105 3563 remissionem

109 3607 345 3686 peccatorum,
361 3609 396 3666 et
410 3597 524 3664 lucem
540 3619 580 3664 ac
594 3595 764 3666 iustitiam
781 3597 910 3680 cordis,
929 3619 968 3665 ac
984 3592 1106 3667 haere-

110 3699 257 3768 ditatem
274 3695 366 3766 vitae
389 3711 568 3782 aeternae,
594 3697 812 3790 ubicumque
836 3711 920 3766 sunt
940 3697 1044 3766 etiam
1066 3699 1105 3766 in

109 3799 259 3868 diversis
272 3797 440 3890 imperiis.
486 3797 534 3870 Ut
549 3797 642 3868 enim
660 3799 810 3868 diversis
822 3799 962 3868 dierum
978 3800 1105 3890 spaciis

108 3901 147 3969 iu
163 3900 313 3970 diversis
336 3901 423 3970 locis
441 3901 491 3991 pii
511 3913 682 3984 utuntur,
703 3901 751 3972 ita
769 3902 808 3970 iu
824 3901 973 3971 diversis
991 3902 1104 3993 impe-

107 4003 172 4072 riis
193 4025 235 4072 ae
250 4001 484 4072 dissimilibus
507 4003 645 4092 legibus
659 4002 779 4072 vivere
794 4017 953 4095 possunt.
1005 4001 1104 4073 Poli-

1162 1145 1285 1215 mouio
1299 1142 1396 1230 Deus
1412 1159 1447 1218 et
1459 1145 1574 1235 ipsum
1593 1139 1815 1229 Cornelium,
1832 1155 1866 1213 et
1882 1139 2159 1214 militcsRoma-

1162 1271 1228 1317 nos
1244 1248 1283 1315 in
1297 1247 1372 1315 eius
1389 1241 1534 1315 cohorte
1551 1245 1702 1318 ornavit.
1735 1243 1826 1315 Nam
1842 1242 2000 1336 Spiritus
2015 1259 2158 1318 sanctus

1162 1349 1295 1420 visibili
1320 1349 1452 1440 specie,
1484 1361 1525 1418 ut
1548 1343 1588 1416 in
1603 1346 1812 1439 Apostolos,
1844 1347 1893 1418 ita
1917 1348 1956 1415 iu
1972 1345 2157 1418 Romanos
2270 1383 2275 1390 ·

1161 1452 1300 1521 milites
1315 1451 1352 1519 in
1375 1473 1503 1540 magna
1520 1449 1719 1542 frequentia
1741 1448 1923 1518 concionis
1946 1449 2078 1520 effusus
2093 1463 2156 1524 est.

1161 1549 1209 1624 Et
1233 1549 1301 1623 hoc
1324 1554 1400 1642 ipso
1424 1553 1583 1644 exemplo
1600 1553 1729 1622 latetur
1743 1549 1870 1622 Petrus
1888 1573 1924 1621 se
1940 1575 2083 1646 quoque
2098 1552 2157 1622 di·

1161 1656 1305 1736 dicisse,
1330 1651 1564 1744 Evangelium
1590 1655 1767 1746 pertinere
1790 1655 1834 1723 ad
1863 1655 2070 1752 universum
2095 1675 2156 1745 ge-

1160 1782 1228 1828 nus
1243 1752 1455 1848 humanum,
1481 1769 1515 1826 et
1532 1757 1655 1847 procul
1673 1756 1945 1826 discernendum
1963 1779 2070 1826 essea
2089 1780 2155 1848 po—

1160 1861 1237 1930 litia
1259 1857 1437 1939 Mosaica',
1471 1859 1566 1953 quod
1591 1859 1735 1953 quidem
1760 1873 1794 1929 et
1816 1859 1880 1926 illo
1904 1859 1998 1930 tristi
2020 1859 2154 1928 iudicio

1160 1964 1260 2033 Deus
1280 1961 1355 2052 ipse
1375 1961 1547 2046 ostendit,
1580 1985 1660 2031 cum
1675 1957 1947 2052 Rempublicam
1972 1960 2154 2032 ludaicam

1158 2063 1321 2134 funditus
1345 2063 1485 2132 delevit.
1545 2059 1593 2133 Ut
1622 2063 1732 2153 igitur
1756 2063 1857 2132 iubet
1879 2059 1976 2132 Deus
1999 2063 2155 2149 obedire,

1159 2167 1336 2261 quoslibet
1358 2165 1603 2258 praesentibus
1627 2180 1661 2235 et
1690 2165 1763 2234 suis
1793 2164 2075 2256 magistratibus,
2105 2168 2154 2236 ite

1159 2270 1309 2338 sciamus
1325 2269 1532 2338 mandatum
1550 2266 1618 2338 Dei
1634 2289 1725 2352 esse,
1750 2279 1792 2337 ut
1806 2267 2050 2358 praesentibus
2066 2267 2155 2366 legi-

1158 2373 1224 2441 bus
1242 2371 1541 2461 obtemperemus,
1568 2393 1657 2462 quae
1675 2370 1813 2462 placent
1832 2367 1927 2453 Deo,
1953 2369 2091 2440 etiamsi
2108 2372 2155 2442 ab

1158 2465 1299 2543 ethnico
1322 2475 1557 2562 gubernatore
1572 2471 1663 2542 latae
1678 2485 1781 2555 sunt,
1806 2471 1835 2541 si
1853 2476 2029 2564 tamenad
2050 2472 2155 2544 illum

1159 2577 1298 2645 radium
1316 2576 1405 2645 lucis
1424 2575 1567 2644 divinae
1582 2574 1800 2644 transfusum
1822 2573 1861 2641 in
1877 2587 2013 2642 mentes
2035 2567 2154 2644 homi-

1158 2702 1244 2749 num
1268 2691 1482 2767 congruant,
1508 2677 1570 2769 qui
1598 2689 1742 2746 vocatur
1756 2677 1811 2744 ius
1833 2685 2001 2758 naturae,
2020 2699 2062 2746 ex
2079 2699 2151 2770 quo

1159 2781 1234 2850 vult
1256 2779 1350 2850 Deus
1372 2779 1486 2848 extrui
1510 2780 1603 2866 leges
1626 2790 1660 2848 et
1685 2777 1895 2870 sapientiam
1925 2779 2151 2870 gubernatri-

1158 2907 1231 2952 cem
1256 2882 1348 2950 vitae
1369 2881 1495 2951 civilis.
1546 2879 1621 2951 Nec
1645 2881 1773 2949 addam
1796 2873 1995 2970 longiorem
2017 2879 2151 2968 reluta-

1156 2983 1309 3070 tionem,
1334 2983 1395 3053 sed
1419 3005 1482 3052 vos
1504 2977 1725 3055 adhortabor
1747 2982 1884 3074 potius,
1910 2994 1950 3052 ut
1964 2979 2151 3055 Romana·

1156 3109 1238 3158 rum
1252 3087 1368 3176 legum
1388 3085 1596 3177 sapientiam
1614 3084 1770 3155 studiose
1788 3083 2036 3182 consideretis,
2063 3107 2151 3180 quas

1156 3189 1249 3279 ipsas
1275 3189 1379 3258 etiam
1401 3185 1469 3257 Dei
1491 3211 1613 3258 vocem
1638 3210 1710 3256 esse
1738 3187 1898 3272 statuite,
1930 3188 2150 3284 propositam

1156 3285 1314 3361 humano
1337 3289 1457 3378 generi
1481 3313 1547 3382 per
1566 3290 1742 3382 sapientes
1762 3291 2033 3378 gubernatores,
2059 3312 2151 3384 qaro-

1155 3417 1235 3462 rum
1251 3403 1386 3461 mentes
1402 3391 1574 3480 singulari
1590 3407 1690 3463 motu
1705 3393 1795 3462 rexit
1806 3388 1916 3476 Deus,
1942 3405 1983 3461 ut
1996 3383 2151 3462 iustitiae

1155 3497 1271 3564 fontes
1287 3494 1509 3578 eluderent,
1536 3507 1570 3564 ct
1588 3493 1667 3563 aliis
1678 3505 1928 3577 monstrarent,
1954 3493 2045 3562 sicut
2059 3495 2149 3564 alio-

1155 3621 1234 3666 rum
1257 3595 1503 3665 excellentium
1527 3595 1701 3665 artificum
1720 3608 1859 3664 mentes
1876 3595 1986 3684 regit,
2009 3608 2050 3665 ut
2062 3597 2150 3665 scri-

1154 3713 1256 3790 ptum
1272 3711 1342 3779 est,
1368 3708 1410 3780 ut
1425 3697 1549 3768 oculus
1563 3697 1701 3780 videat,
1727 3710 1762 3767 et
1777 3697 1874 3766 auris
1888 3697 2028 3782 audiat,
2052 3694 2150 3769 Deus

1153 3801 1236 3870 facit
1250 3814 1453 3894 utrumque.
1506 3798 1587 3868 Non
1609 3799 1813 3869 existimetis
1835 3795 1992 3869 humana
2008 3801 2150 3870 callidi-

1154 3916 1223 3974 tate
1242 3903 1388 3993 scriptas
1402 3925 1476 3970 esse
1493 3902 1604 3992 leges,
1631 3916 1670 3972 ut
1686 3915 1871 4000 potentum
1894 3902 2149 3992 cupiditatibus

1153 4005 1361 4085 adulentur,
1389 4003 1478 4074 sicut
1496 4003 1602 4074 multi
1623 4004 1820 4074 turbulenti
1846 3999 2008 4074 homiues
2024 4005 2148 4086 clami-

107 4105 177 4174 tica
195 4115 312 4173 autem
339 4105 549 4192 gubernatio
578 4117 757 4174 externam
777 4105 1022 4196 disciplinam,
1047 4105 1104 4174 di·
1152 4119 1240 4178 tant.
1294 4105 1364 4178 Sed
1384 4107 1440 4174 vel
1462 4105 1572 4174 firmis
1596 4106 1976 4192 demonstrationibus,
2009 4107 2065 4175 vel
2088 4131 2148 4178 ra-

107 4205 333 4276 stiuctionem
356 4206 621 4289 dominiorum,
655 4219 875 4286 contractus,
908 4206 1038 4277 iudicia
1068 4221 1104 4278 et
1152 4208 1311 4278 tionibus
1327 4221 1513 4300 quaesunt
1527 4208 2061 4295 vicinaedemonstrationibus,
2087 4233 2149 4279 ex-

106 4329 240 4399 poenas
261 4306 362 4395 regit.
422 4303 471 4378 Et
488 4322 529 4379 ut
553 4330 786 4377 numerorum
811 4307 957 4378 scientia
979 4308 1101 4378 lumen
1151 4323 1287 4382 tructae
1303 4323 1441 4381 suntex
1458 4311 1615 4381 immotis
1638 4311 1843 4403 principiis,
1874 4325 2083 4404 quaesunt,
2107 4326 2148 4382 ut

26 4407 29 4412 ’
105 4422 160 4479 est
172 4407 346 4478 divinitus
361 4409 509 4480 insitum
529 4409 728 4503 mentibus,
754 4431 819 4479 nec
839 4408 1009 4501 impedit,
1037 4433 1102 4481 nec
1150 4412 1242 4502 dixi,
1281 4412 1374 4480 radii
1402 4411 1596 4506 sapientiae
1627 4413 1770 4484 divinae
1801 4413 1840 4480 iu
1869 4437 1935 4482 nos
1968 4414 2147 4484 transfusi.

104 4511 202 4580 delet
219 4505 474 4600 Evangelium,
498 4512 547 4582 ita
565 4511 711 4602 politica
726 4510 897 4601 sapientia
915 4535 956 4580 ex
972 4509 1102 4582 firmis-
1151 4510 1289 4584 Omnes
1322 4514 1451 4598 scimus
1487 4537 1718 4585 numerorum
1760 4515 1924 4586 notitiam
1958 4516 2146 4585 nobiscum

104 4613 205 4682 simis
220 4611 361 4682 notitiis
375 4613 562 4697 extruitur,
586 4635 677 4707 quae
690 4611 863 4683 divinitus
878 4612 1005 4684 insitae
1018 4629 1101 4686 sunt
1149 4631 1350 4686 nascentem
1367 4640 1440 4684 rem
1456 4617 1587 4686 bonam
1605 4629 1639 4687 et
1651 4617 1766 4687 lucem
1781 4617 1939 4686 divinam
1955 4640 2028 4687 esse
2039 4618 2148 4687 etiarn

103 4709 272 4786 humanis
300 4714 500 4800 mentibus,
535 4738 598 4782 nec
633 4713 853 4805 impediunt,
886 4737 951 4784 nec
981 4717 1100 4788 delent
1149 4713 1378 4789 inEthnicis.
1429 4716 1478 4788 At
1492 4719 1608 4788 multo
1628 4719 1855 4790 excellentior
1872 4721 1929 4788 lux
1949 4733 2000 4789 est
2017 4720 2144 4790 notitia

101 4811 377 4905 Evangelium..
411 4813 484 4885 Nec
509 4815 622 4886 voluit
650 4815 747 4886 Deus
778 4839 936 4910 unquam
961 4819 1100 4910 quoties
1148 4821 1267 4910 legum
1290 4836 1458 4904 naturae,
1491 4835 1757 4914 quaetestatur
1785 4835 1818 4891 et
1843 4845 1916 4890 esse
1940 4820 2074 4902 Deum,
2109 4837 2144 4892 et

102 4931 226 5008 gentes
250 4919 292 4986 ad
317 4917 517 4988 societatem
539 4913 717 4987 Ecclesiae
740 4942 822 4988 suae
840 4918 996 5002 vocavit,
1030 4920 1100 4990 im·
1149 4944 1222 4990 csse
1239 4923 1445 5011 sapientem,
1472 4923 1616 5008 iustum,
1640 4947 1810 5004 veracem,
1836 4924 2045 5004 beneficum,
2060 4923 2143 4992 vin-

101 5042 238 5112 ponere
264 5019 426 5110 politiam
450 5019 661 5105 Mosaicam,
694 5023 756 5089 sed
787 5021 933 5111 imperia
961 5020 1097 5111 singula
1148 5025 1261 5094 dicem
1276 5035 1497 5094 ctrectorem
1515 5021 1809 5096 vitaehumanae.
1849 5022 1945 5096 Haec
1961 5027 2020 5094 lux
2036 5027 2141 5095 etiam

103 5122 179 5191 suis
199 5120 337 5210 legibus
352 5122 426 5208 regi
448 5121 619 5214 permisit.
670 5119 802 5192 Darius
823 5137 858 5194 et
877 5119 992 5216 Cyrus
1017 5147 1095 5194 curn
1148 5120 1368 5195 inEtlrnicis
1388 5149 1443 5195 res
1466 5125 1880 5218 bonaestetDeiopus.
1935 5127 2032 5196 ldem
2049 5131 2143 5198 etde

102 5247 123 5294 a
138 5221 288 5294 Daniele
303 5223 510 5294 didicissent
530 5224 604 5292 veri
624 5219 691 5292 Dei
714 5225 996 5310 invocationem,
1023 5249 1095 5294 non
1147 5229 1513 5299 demonstrationibus
1526 5253 1616 5322 quae
1630 5231 1714 5299 inde
1729 5231 1896 5301 oriuntur
1910 5231 2141 5300 iudicandum

101 5326 291 5398 mutabant
304 5322 436 5396 Persici
452 5325 769 5418 imperiitorrnam,
787 5329 826 5396 in
841 5325 1098 5416 gubernatione
1147 5343 1209 5403 est.
1263 5326 1382 5424 Atque
1404 5330 1451 5401 ita
1468 5347 1561 5403 recte
1577 5332 1781 5422 intelligetis
1797 5334 1914 5424 legum
1938 5336 2142 5421 sententias,

101 5450 222 5499 rerum
239 5427 411 5501 civilium.
462 5423 512 5500 Et
524 5423 653 5499 Daniel
668 5427 743 5521 ipse
758 5451 961 5524 quanquam
978 5429 1016 5502 in
1031 5454 1097 5524 po·
1146 5455 1226 5504 cum
1249 5455 1370 5504 earum
1399 5455 1520 5504 causas
1542 5446 1577 5505 et
1598 5436 1918 5508 demonstrationes
1940 5435 2060 5507 dextre
2084 5437 2142 5508 iu-
