4688 5826
220 231 305 324 ata
416 243 423 250 ·
708 173 711 178 ’
810 250 813 260 ·
867 217 1106 308 vorassem
1146 219 1266 304 sun
1306 215 1630 298 uenerunt
2077 213 2081 220 ·
2188 214 2266 306 ‘21⁶

214 404 388 508 namt..
427 343 541 483 ..ait
786 409 816 451 ··
899 408 902 416 ’
1056 405 1229 474 ΜΝ.
1278 401 2270 502 etnsucomperernnt,nonpoaee'eeueatmqutttt.
2323 331 2324 350 l

934 561 937 569 .
1062 517 1225 544 Μ
1278 514 1386 574 utem
1397 498 1759 596 Rerumpublicarnm
1772 502 1996 599 einescripto
2011 507 2100 582 iure.
2156 509 2272 604 Atque
2323 537 2324 548 ¹

223 580 254 646 .'
444 641 607 732 Oratio
638 641 741 730 seb·
773 637 837 727 M
830 647 1019 729 amm...
1278 627 1342 694 ego
1358 603 1541 724 interdum
1555 601 1669 678 debis
1683 599 1790 728 rebus
1802 607 1978 728 rogitem,
1998 612 2164 732 conferre
2178 613 2270 688 soleo

512 758 516 769 .
816 746 821 757 ·
1279 703 1517 795 Medicinam,
1549 721 1585 782 et
1606 703 1699 778 banc
1719 723 1905 782 scientiam
1921 735 2040 784 rerum
2064 713 2272 786 iudicanda-
2323 749 2324 760 ¹

155 780 161 804 ⁸
228 777 245 796 ..
267 782 272 799 ¹
294 786 384 879 'Apud
409 804 615 888 Crator-liti
640 822 671 876 a·
688 803 770 928 ΜΗ,
799 803 827 858 ἱῦ
846 803 1001 866 nestram.
1020 803 1053 860 Τ·
1074 804 1095 862 ¹·
1112 804 1229 877 Μὶν
1279 832 1373 883 rum.
1435 805 1549 879 Plane
1579 811 1813 882 ridiculares
1846 827 1952 897 esset,
1993 816 2023 884 si
2049 817 2131 910 quis
2157 817 2271 888 literas

244 941 248 952 .
281 965 285 972 ,
338 878 458 935 ⁸⁶‘'⁸⁸¹·
476 873 508 934 Τ·
525 872 546 929 ¹¹
563 875 669 990 ,ΡΜ
693 883 732 966 ⁸³.
763 873 866 930 Μ’
884 873 920 936 T,
935 873 971 930 Π·
990 894 1018 948 ¹¹·
1032 874 1093 932 ⁵⁵⁶·
1282 933 1404 980 omnes
1432 925 1467 982 et
1492 913 1710 998 doctrinam,
1743 937 1833 1006 quae
1860 913 2079 988 Medicinam
2103 919 2271 1004 continet,

238 1058 368 1128 oratio
392 1059 438 1126 ia
458 1055 692 1146 promotione
716 1017 918 1122 cuiusdam
949 1049 1197 1125 Iurisconsult

1199 1053 1231 1139 ί,
1281 1013 1417 1084 aboleri
1437 1013 1561 1098 vellet,
1590 1027 1626 1084 et
1645 1039 1686 1084 ex
1701 1017 1862 1108 'quadarn
1886 1017 2069 1090 communi
2085 1021 2270 1112 prudentia
2323 1035 2324 1044 ’

226 1155 369 1232 ΔΙιαόἰίῑι
385 1159 536 1227 aDoct.
557 1153 761 1227 Sebnldo
787 1155 1044 1230 Munsteros
1066 1159 1140 1228 lies
1156 1177 1230 1226 nou
1282 1115 1401 1206 ΡΜ
1421 1115 1560 1186 ‘muli
1582 1115 1745 1206 ῧθῧωὼ·
1805 1115 1968 1190 ΟΜΝ
1991 1123 2270 1215 Ἱΰὼῖῢῑΰῐῦῐῑ
2323 1123 2324 1142 ’

237 1258 469 1332 iudicandus
500 1257 710 1329 secundum
739 1253 936 1329 arbitrium
959 1255 1123 1345 iudicis,

329 1358 536 1452 secuudum
556 1363 743 1468 scriptum
766 1363 836 1432 ius.
894 1361 1001 1434 Anao
1030 1357 1142 1435 test.

242 1503 341 1604 Cum
362 1537 445 1597 ante
463 1547 592 1615 paucos
608 1523 684 1594 dies
697 1523 753 1594 vir
768 1523 981 1596 clarissimus
993 1522 1128 1596 Doctor
1142 1523 1231 1596 Hie-
1284 1523 1652 1601 sticumletrocinimn
1667 1539 1976 1611 converterentur,
2001 1529 2122 1600 eisine
2139 1531 2271 1621 legibus

1164 1254 1232 1328 ml
1282 1211 1458 1287 esset'boc
1478 1219 1646 1292 medendi
1667 1240 1796 1308 genus,
1820 1220 1897 1290 sine
1913 1223 2098 1310 doctrina,
2121 1225 2272 1294 sineer-
2323 1247 2324 1328 ᾗ

1279 1319 1475 1410 perieulis,
1499 1320 1576 1392 sine
1591 1321 1838 1392 observatione
1853 1321 1952 1394 ulla?
2000 1325 2168 1418 Proiecto
2184 1320 2272 1396 nihil
2323 1389 2324 1392 ,

1283 1421 1381 1490 aliud
1405 1420 1475 1492 nisi
1496 1424 1702 1492 earnificina
1723 1427 1821 1498 eset
1872 1421 1926 1496 lta
1947 1425 2078 1498 iudicia
2096 1428 2137 1498 in
2152 1429 2272 1500 dome-
2323 1465 2324 1480 κ

242 1652 413 1724 ronymus
427 1641 632 1718 praeceptor
653 1641 775 1696 noster
798 1627 930 1718 optime
947 1628 1113 1714 meritus,
1139 1629 1232 1699 etde
1285 1624 1522 1716 pronunciare
1541 1627 1680 1711 liceret,
1705 1626 1882 1720 quidquid
1901 1643 1964 1700 aut
1976 1632 2106 1717 stulto,
2132 1647 2195 1704 aut
2208 1632 2272 1702 im-
2323 1625 2324 1712 ζ

168 1798 170 1804 ,
241 1730 487 1822 magnitudine
523 1727 752 1820 professionis
794 1742 949 1801 nostrae*
974 1729 1233 1822 sapientissime
1285 1728 1421 1818 perito,
1446 1739 1507 1797 eut
1522 1727 1611 1798 irato
1626 1727 1736 1798 iudici
1752 1729 1789 1798 in
1803 1734 2121 1806 menternmeniret.
2173 1731 2221 1805 Et
2234 1745 2271 1804 ut

242 1833 389 1918 dixerit,
422 1845 456 1900 et
480 1830 686 1920 gravissima
713 1830 873 1900 oratione
899 1830 1150 1922 negligentiam
1176 1831 1232 1902 di·
1286 1829 1437 1898 maxime
1460 1829 1591 1900 iudicia
1616 1833 1808 1922 prudentes
1828 1845 1863 1904 et
1879 1833 1968 1904 boni
1989 1849 2170 1922 tenerent,
2195 1835 2271 1904 inb·

222 1934 416 2008 ¹scentiam
440 1932 678 2022 castigaverit,
709 1954 811 2022 spero
834 1955 897 2002 vos
926 1949 1072 2026 propter
1098 1933 1234 2006 autori·
1285 1931 1380 2000 uitae
1412 1931 1507 2002 inter
1537 1927 1604 2002 bos
1636 1931 1872 2004 dissensiones
1903 1935 2096 2008 orirentur.
2159 1933 2269 2008 Multa

168 2064 169 2071 ¹
243 2051 351 2112 tatem
374 2035 445 2104 viri
468 2033 597 2104 summi
616 2033 768 2104 libenter
789 2033 992 2106 meminisse
1009 2037 1086 2106 eius
1102 2035 1234 2108 oratio—
1286 2031 1382 2102 enim
1398 2031 1563 2103 incidunt
1575 2034 1639 2105 ubi
1653 2035 1753 2108 aliud
1775 2035 1857 2104 aliis
1877 2035 2036 2124 videtur,
2061 2054 2096 2110 et
2112 2041 2178 2135 qui
2193 2038 2271 2110 velit

243 2141 317 2224 nis,
343 2161 453 2230 eaque
468 2137 515 2208 ita
530 2135 639 2220 attici,
663 2149 704 2220 ut
716 2159 828 2226 genus
841 2136 957 2228 ipsum
973 2137 1155 2210 doctrinae
1172 2161 1232 2208 sua
1285 2132 1430 2223 ingenio
1447 2135 1570 2206 cedere
1584 2159 1685 2206 rarus
1700 2137 1779 2208 erit.
1816 2137 1956 2210 Deinde
1969 2153 2011 2212 ut
2023 2131 2270 2214 marimecon-

243 2239 488 2334 magnitudine
512 2237 712 2324 metientes,
734 2240 897 2327 statuatis
917 2240 1018 2312 vobis
1031 2254 1066 2310 et
1082 2241 1233 2312 solidam
1286 2237 1405 2307 veniat
1418 2235 1513 2306 inter
1534 2231 1616 2323 bos,
1640 2239 1703 2332 qui
1722 2240 1980 2329 pronunciant,
2013 2239 2196 2334 quourodo
2211 2267 2270 2336 po-

244 2343 481 2438 eruditionem
496 2340 765 2430 ,expet-endam.
785 2354 819 2412 et
842 2341 883 2412 ad
911 2366 987 2412 eam
1015 2366 1233 2436 consequen-
1286 2337 1370 2408 terit
1393 2340 1598 2430 persuaderi
1619 2340 1850 2410 contentiosis
1870 2343 2129 2432 litigatoribus,
2154 2347 2270 2416 rectis-

244 2449 343 2527 dam,
369 2443 526 2512 studium
541 2441 750 2510 acerrimum
768 2443 1021 2520 conserendum
1037 2467 1120 2516 esse.
1164 2442 1233 2516 ¹Me
1284 2439 1413 2508 simum
1436 2463 1510 2513 esse
1531 2443 1627 2534 quod
1648 2441 1704 2510 illi
1726 2445 1984 2532 pronunciant,
2016 2446 2086 2516 uisi
2104 2449 2270 2540 scriptum
2323 2495 2324 2500 κ

156 2581 161 2588 ·
244 2546 388 2644 quidem
415 2545 529 2638 ipsum
553 2543 655 2612 valde
678 2544 809 2624 movit,
836 2556 870 2612 et
886 2569 1007 2614 curam
1026 2539 1116 2614 milri
1135 2543 1234 2614 solli·
1287 2539 1341 2610 ius
1357 2554 1467 2622 extet,
1492 2544 1587 2636 quod
1603 2567 1684 2612 cum
1700 2545 1747 2614 sit
1762 2569 1951 2616 commune
1967 2547 2092 2620 foedus
2112 2549 2270 2633 civitatis,

243 2648 507 2740 citudinemque
539 2645 710 2716 maiorem
750 2647 930 2718 accedenti
964 2649 1008 2716 ad
1042 2647 1160 2718 lorum
1201 2659 1235 2717 et
1286 2655 1327 2713 ut
1347 2642 1408 2711 ille
1431 2644 1499 2725 ait,
1538 2643 1710 2736 litigatori
1736 2669 1811 2716 non
1840 2647 1923 2720 licet
1946 2649 2024 2721 eius
2049 2653 2269 2722 autoritatem

242 2737 688 2842 Rempub.·circumdedit.
749 2745 872 2840 ltaque
894 2750 937 2820 de
957 2743 1014 2818 his
1029 2748 1115 2840 ipsis
1130 2749 1235 2820 rebus
1286 2747 1491 2819 detrectare.
1540 2744 1632 2816 Nam
1650 2743 1705 2818 his
1720 2747 1855 2838 legibus
1871 2751 1971 2844 quasi
1987 2767 2111 2844 pactus
2126 2768 2179 2826 est
2194 2775 2267 2823 cum

243 2843 857 2923 nihilarbitrabaramedicendum
876 2874 962 2924 esse.
1012 2848 1102 2920 Nam
1119 2875 1234 2945 neque
1286 2845 1514 2936 Magistratus,
1546 2871 1698 2942 cumque
1725 2864 1797 2922 tota
1814 2849 1954 2942 Repub.
1978 2855 2112 2948 nequid
2137 2865 2270 2926 moveat

243 2953 467 3046 autoritatem
495 2951 663 3027 maiorem
684 2955 732 3044 ¹ad
761 2974 824 3022 vos
846 2948 1087 3024 adhortandos
1109 2953 1234 3024 afferre
1286 2963 1408 3020 contra
1430 2971 1499 3021 eas.
1558 2947 1680 3044 ltaque
1702 2953 1852 3044 scriptae
1870 2954 1963 3046 leges
1988 2957 2158 3029 muniunt
2182 2955 2269 3028 iudi·

244 3038 584 3172 quisquam'p'otest',
598 3147 602 3154 Ι
617 3047 731 3149 quam
745 3054 806 3124 ille
831 3053 952 3143 affert,
979 3070 1123 3147 propter
1137 3079 1235 3126 stim·
1286 3075 1366 3121 cum
1386 3051 1609 3121 autoritatem
1633 3055 1802 3126 adversus
1821 3055 2002 3147 improbos
2025 3071 2060 3128 et
2076 3060 2269 3130 eontentio·
2323 3133 2324 3142 ,

238 3149 337 3256 'mam
356 3157 553 3226 doctrinam
577 3169 617 3250 ¹et
640 3156 831 3243 maximnm
858 3181 977 3228 rerum
994 3181 1111 3228 usum.
1161 3156 1234 3228 Ne—
1286 3177 1342 3224 sos
1360 3153 1563 3244 litigatores.
1613 3152 1736 3248 Neque
1752 3179 1815 3246 ego
1834 3159 1960 3247 ignoro
1976 3183 2066 3253 quae
2080 3175 2203 3232 contra
2218 3158 2269 3228 di·
2323 3151 2324 3194 l

244 3263 314 3355 que
345 3243 449 3327 vid‘eo
481 3257 567 3350 quid
593 3249 667 3328 dici
685 3258 828 3348 gravius
849 3258 888 3328 in
911 3282 952 3331 ea
979 3279 1083 3333 eausa
1112 3259 1234 3351 possit.
1286 3253 1430 3342 canem,
1454 3277 1591 3348 semper
1605 3257 1699 3326 enim
1722 3257 1881 3328 facilium
1898 3275 1951 3333 est
1967 3277 2186 3350 praesentem
2201 3259 2269 3332 lle·
2323 3283 2324 3354 }

244 3359 425 3452 Quoniam
448 3371 564 3429 autem
586 3354 791 3454 haecscena
801 3385 862 3466 ¹me
880 3387 1021 3458 quoque
1039 3361 1154 3432 dicere
1168 3361 1234 3432 ali·
1285 3359 1453 3450 rumpub.
1475 3369 1605 3442 statum
1630 3354 1901 3451 reprehendere.
1961 3361 2033 3434 Sed
2060 3365 2150 3458 quid
2177 3365 2268 3434 iutu-
2323 3357 2324 3428 j

232 3462 473 3567 ''quid'‚cbgit,
496 3449 641 3569 ¹peto‘a
665 3455 903 3562 vobis,„quia
926 3457 970 3534 in
995 3457 1092 3536 hunc
1113 3463 1234 3555 lorum
1286 3483 1366 3560 rum
1389 3472 1495 3548 uret,
1521 3459 1676 3532 'sublatis
1696 3461 1858 3552 legibus?
1907 3459 1947 3536 Si
1974 3465 2052 3535 elue
2083 3479 2194 3538 status
2217 3465 2268 3532 iu·
2323 3477 2324 3492 ¹

244 3555 384 3642 asc'endi
402 3555 483 3633 ‘cion
502 3561 639 3658 privato
661 3555 832 3647 consilio,¹
857 3565 922 3636 sed
948 3564 1136 3646 autoritate
1158 3589 1235 3638 am-
1285 3562 1623 3632 commodandam
1652 3585 1849 3655 memus,
1880 3579 2100 3657 praesentem
2122 3555 2267 3639 teriam
2323 3585 2324 3588 ‘

244 3659 395 3758 plissimi
427 3665 563 3737 ordinis
593 3665 725 3752 nostri,
765 3661 807 3738 bt
831 3658 897 3736 'me
923 3692 987 3760 pro
1014 3681 1128 3742 vestra
1154 3691 1233 3758 erga
1286 3684 1498 3754 magnopere
1523 3664 1629 3734 nobis
1649 3665 1906 3737 defendendam
1935 3691 2013 3740 esse
2032 3670 2267 3752 metueremus.
2323 3667 2324 3750 ὲ

245 3765 341 3838 bunc
358 3764 521 3838 ordinem
537 3758 981 3842 benevolentia‘dicentem
1004 3768 1156 3860 benigne
1170 3793 1233 3840 an·
1284 3760 1454 3856 Exempla
1476 3764 1672 3837 videamus.
1737 3763 1880 3840 Etenim
1910 3793 1983 3840 nou
2007 3773 2152 3842 serenda
2175 3794 2267 3842 arro·
2323 3771 2324 3814 ἶ

245 3871 363 3942 distis.
417 3869 560 3940 lnstitui
575 3881 701 3940 autem·
716 3861 897 3962 disputare
917 3872 962 3939 de
983 3871 1135 3963 quadam
1153 3871 1235 3940 vul·
1286 3865 1487 3956 gantiaest,
1513 3869 1793 3940 dereomnium
1810 3871 1961 3942 maxima
1983 3873 2266 3946 dissentirease·
2323 3951 2324 3956 ,

189 4043 193 4052 ,
244 3971 320 4061 gari
342 3973 569 4064 persuasione
595 3967 782 4042 hominum
804 3971 878 4042 sive
899 3971 1150 4064 imperitorum¹
1160 3973 1233 4042 sive
1284 3968 1512 4068 pientissimis
1542 3969 1646 4056 viris,
1677 3969 1740 4064 qui
1762 3973 1930 4042 maximas
1953 3971 2112 4067 Reipub.
2142 3971 2266 4046 consti·
2323 4027 2324 4032 η

244 4075 470 4159 invidorum,
503 4073 564 4169 qui
586 4074 640 4146 ius
661 4073 830 4166 scriptum
862 4096 903 4144 ex
927 4074 1006 4144 loro
1031 4088 1066 4146 et
1091 4072 1233 4146 indiciis
1284 4084 1440 4164 luerunt.
1498 4071 1647 4144 Nullum
1671 4087 1804 4144 certum
1826 4074 1883 4144 ius
1906 4070 2264 4156 bracbantinense,

245 4176 324 4246 eiici
340 4178 467 4248 volunt
481 4190 515 4247 et
531 4177 681 4246 iudicari
696 4201 751 4247 res
767 4177 846 4247 sine
861 4179 964 4249 certis
986 4175 1121 4267 legibus
1138 4177 1233 4247 arbi·
1284 4173 1404 4266 itaque
1420 4197 1461 4242 ex
1482 4172 1695 4246 iudiciorum
1712 4175 1920 4246 eortiusione
1940 4179 2114 4250 maximae
2129 4175 2266 4250 seditio·

245 4279 315 4348 trie
340 4303 494 4372 eorum,¹
513 4279 720 4371 quiiudicia
737 4295 908 4354 exercent.
942 4277 1053 4364 ,Nam
1072 4273 1232 4371 hacopi-
1284 4297 1346 4343 nes
1363 4276 1561 4372 extiterunt.
1612 4273 1686 4348 Nec
1702 4289 1839 4367 poterat
1855 4279 1994 4351 restitui
2005 4281 2162 4354 eivitatis
2175 4295 2264 4353 tran-

244 4381 353 4449 niune
375 4381 554 4464 refutata,
569 4380 671 4450 lascile
692 4380 844 4471 intelligi
860 4396 989 4474 potest,
1015 4377 1083 4451 hoc
1099 4383 1232 4451 doctri·
1285 4373 1462 4470 quillitas,
1487 4378 1558 4446 nisi
1577 4391 1693 4449 certae
1706 4379 1798 4470 leges
1811 4393 1946 4467 essent,
1970 4384 2105 4478 quibus
2123 4401 2264 4476 praepo—

243 4507 310 4566 nae
334 4505 462 4572 genus,
496 4481 535 4569 in
559 4505 629 4575 quo
660 4505 859 4567 versamur,
892 4481 1047 4574 Reipub.
1074 4505 1231 4552 necessa·
1284 4478 1361 4558 sitis
1375 4501 1479 4548 nemo
1495 4494 1611 4568 posset
1626 4481 1730 4568 iidem
1744 4483 1901 4552 iudicum
1915 4484 1955 4552 in
1970 4486 2121 4557 dubium
2137 4503 2262 4556 vocare.

242 4585 336 4656 rium
359 4607 444 4654 esse.
503 4581 679 4653 Nonnulli
699 4605 799 4673 aegre
818 4586 1021 4656 leruntsibi
1038 4585 1232 4654 iniudiciis
1279 4577 1382 4650 ldem
1401 4577 1540 4652 Romae
1561 4581 1704 4668 accidit3
1733 4597 1769 4653 et
1793 4585 1938 4676 quidem
1960 4589 2115 4679 populus
2137 4585 2262 4660 Roma·

242 4683 334 4758 niltil
357 4685 459 4780 loqui
483 4685 605 4768 licere,
645 4685 717 4764 nisi
742 4686 870 4758 dictata
907 4709 928 4756 a
959 4681 1230 4758 iureconsultis:
1284 4704 1354 4752 nus
1369 4680 1521 4752 Graecas
1542 4683 1635 4773 leges
1653 4686 1821 4771 describi,
1847 4701 1888 4758 ut
1909 4689 2065 4780 optimae
2082 4677 2185 4785 atque
2201 4683 2261 4756 hu-

167 4809 170 4814 '
241 4805 277 4862 et
300 4790 390 4883 -qun
419 4791 529 4882 pudet
554 4785 650 4858 velut
677 4800 793 4888 mutas
820 4811 989 4879 personas
1011 4789 1162 4860 assidere
1191 4789 1230 4858 in
1282 4785 1508 4864 inanissimae
1530 4787 1612 4877 eligi
1636 4802 1797 4879 possent,
1828 4791 1977 4860 curavit
2028 4789 2149 4880 Quid,
2175 4785 2258 4883 qtiod
2323 4873 2324 4876 Ἴ

241 4893 401 4976 iudiciis,
441 4913 516 4960 uon
548 4892 593 4960 de
627 4884 769 4980 publica
800 4881 1142 4974 utilitatessed-de
1168 4915 1231 4962 sua
1282 4887 1330 4957 ita
1345 4883 1442 4956 Deus
1456 4884 1529 4978 ipse
1541 4890 1728 4970 iudicavit,
1752 4891 1814 4982 qtsi
1830 4890 2261 4985 cnmRempub.·Ebraeae

241 4993 501 5065 existimatione
527 4985 713 5076 dimicant,
752 4990 876 5062 iubent
898 4993 1029 5064 auferri
1053 4987 1120 5062 hoc
1140 4995 1229 5062 scri·
1271 4989 1396 5079 'gentis
1409 4989 1654 5076 constitueret,
1670 4993 2007 5081 certaslegestulit,
2026 5009 2067 5066 et
2083 4989 2125 5065 'ex
2141 4995 2260 5084 scripto

240 5107 342 5188 ptum
357 5097 430 5180 ius,
456 5110 497 5165 ut
515 5095 582 5186 ipsi
599 5115 740 5188 quoque
754 5117 874 5188 sapere
890 5095 1026 5188 aliquid
1048 5109 1228 5188 putentur.
1282 5091 1431 5162 iudicari
1445 5093 1557 5165 iussit.
1609 5091 1822 5188 Quanquam
1847 5095 1987 5166 sirecte
2006 5099 2188 5167 aestimare
2203 5117 2260 5161 vo·

239 5194 289 5270 Et
312 5197 533 5286 adplaudunt
561 5191 775 5267 hisindocti
807 5211 913 5290 atque
935 5198 1095 5296 'imperiti
1113 5198 1229 5288 multi,
1281 5195 1416 5278 lumus,
1449 5217 1522 5263 non
1547 5189 1769 5267 hae-tantum
1793 5193 1966 5268 Ebraieae
1991 5197 2258 5289 legesdiviuitus

136 5367 137 5374 ,
240 5296 521 5386 serireclamant
549 5299 704 5390 exempla
730 5313 784 5372 tot
805 5289 1165 5390 Rerumpubllcarum
1195 5315 1228 5368 et
1278 5297 1428 5364 traditae
1451 5311 1555 5380 sunt,
1592 5301 1651 5366 sed
1675 5299 1900 5370 sentiendum
1924 5315 1973 5371 est
1997 5299 2257 5372 verediviuitus

113 5457 117 5464 .
241 5399 582 5494 sapientissimorum
605 5403 782 5490 virorum,
814 5403 883 5495 qui,
893 5401 985 5492 leges
1011 5401 1227 5493 scripserunt
1250 5473 1256 5492 ,
1279 5393 1564 5488 Respub.'·etiam
1587 5403 1682 5492 apud
1700 5399 1843 5472 Gentes
1858 5397 2067 5478 constitutas
2089 5418 2123 5476 et
2141 5403 2258 5496 guber·
2323 5447 2324 5462 η
