4704 5826
201 241 281 318 887

203 414 310 508 cipit,
342 427 379 486 et
401 409 598 484 Ecclesiam
618 425 798 484 aeternam
821 411 891 484 sibi
916 411 1063 502 colligit.
1122 408 1198 502 Ipsi

204 517 310 588 etiam
335 515 525 588 mediatori
550 513 684 607 gratiae
714 515 870 606 agendae
890 529 993 597 sunt,
1034 513 1131 608 qnod
1157 512 1198 582 in

206 643 279 692 sese
294 619 469 690 derivavit
484 618 594 698 iram,
619 641 661 688 ac
675 609 794 714 λύτρα
809 617 997 710 persolvit,
1020 618 1119 710 quod
1133 615 1198 684 ad-

205 735 257 794 est
271 720 392 806 nobis,
417 735 452 790 et
468 743 534 792 nos
548 743 613 792 suo
633 719 782 792 flumine
799 735 833 792 et
847 721 944 792 lavat
955 731 991 790 et
1007 731 1114 811 potat.

307 839 379 912 Sed
417 837 658 910 consternatio
697 839 784 932 qnid
822 837 1019 928 significat?
1082 835 1200 910 Sentit

205 941 349 1038 Moyses
377 965 508 1012 arcano
533 953 635 1012 motu
663 935 755 1012 hanc
788 956 906 1032 petrae
937 939 1199 1032 percussionem

207 1044 399 1135 imaginem
420 1069 494 1114 esse
517 1057 687 1113 venturae
710 1043 891 1128 victimae,
917 1057 951 1114 et
970 1037 1201 1114 cohorrescits

207 1147 431 1240 praesagiens
454 1144 548 1216 hanc
571 1146 682 1238 ipsam
706 1147 886 1238 politiam,
926 1169 1016 1238 quae
1041 1169 1127 1215 voce
1144 1145 1202 1214 di-

207 1250 291 1320 vina
310 1249 500 1320 constituta
517 1262 608 1334 erat,
634 1262 674 1318 ut
688 1247 909 1318 domicilium
926 1261 1015 1317 esset
1024 1243 1202 1317 Ecclesiae

207 1349 297 1437 Dei,
324 1373 568 1443 percussuram
581 1373 656 1422 csse
670 1345 738 1420 hoc
752 1373 896 1436 sarum,
929 1349 966 1419 id
988 1363 1058 1428 est,
1090 1349 1201 1419 truci·

207 1456 369 1524 daturam
396 1449 613 1534 Dominum,
647 1451 710 1546 qni
733 1452 875 1522 victima
899 1475 964 1544 pro
985 1473 1112 1542 genere
1134 1447 1203 1520 hu-

208 1579 315 1624 mano
330 1555 572 1626 futuruserat.
624 1551 811 1625 lnte'ritnm
835 1555 954 1647 itaque
980 1575 1062 1624 suae
1089 1555 1203 1643 gentis

209 1657 446 1750 prospiciens,
473 1681 578 1752 quem
600 1670 686 1727 tunc
708 1681 850 1751 qnoque
871 1657 1115 1747 significabant
1137 1679 1203 1747 po·

210 1761 285 1852 puli
319 1759 523 1830 circumfusi
555 1760 734 1844 convicia,
783 1759 920 1850 ingenti
959 1759 1084 1829 dolore
1116 1781 1203 1828 con-

211 1864 353 1933 entitur.

313 1977 437 2074 ltaque
470 1973 563 2050 hanc
594 2003 715 2050 vocem
743 1981 855 2051 edunt
880 1996 999 2072 postea
1022 1976 1203 2050 Pharisaei

211 2082 431 2154 interfecturi
455 2079 670 2153 Dominum:
711 2080 841 2172 Legem
863 2077 1056 2167 habemus,
1090 2098 1125 2154 et
1149 2107 1200 2152 se-

210 2187 368 2256 cundnm
386 2185 497 2274 legem
512 2199 667 2255 nostram
684 2183 776 2254 mori
798 2209 877 2254 eum
899 2199 1049 2278 oportet.
1100 2183 1205 2274 Legis

102 2371 105 2378 Ι
210 2287 329 2358 studio
349 2300 384 2357 et
397 2299 579 2377 praetextu
593 2287 632 2354 in
649 2311 729 2356 eum
745 2287 926 2374 saeviunt,
955 2289 1037 2382 quia
1060 2288 1203 2380 opinio-

211 2415 293 2459 nem
324 2389 483 2481 ipsorum
515 2389 560 2458 de
587 2390 663 2478 lege
689 2391 847 2460 taxabat:
888 2413 958 2484 qua
983 2389 1204 2471 labefactata,

206 2491 372 2586 politiam
390 2491 564 2561 ruituram
582 2513 655 2564 esse
672 2489 990 2566 ratiocinabantur.
1043 2489 1095 2562 lta
1113 2516 1205 2562 sem-

211 2617 275 2688 per
288 2593 457 2664 omnibus
473 2594 647 2666 aetatibus
667 2591 855 2685 opiniones
877 2595 1043 2688 politicae
1063 2595 1107 2663 de
1129 2593 1205 2683 lege

209 2698 331 2768 ferunt
345 2709 500 2789 petram,
528 2711 562 2768 et
577 2707 717 2767 armant
729 2696 983 2786 gubernatores
998 2711 1122 2767 contra
1145 2719 1204 2766 ve-

210 2823 287 2871 ram
302 2793 508 2869 Ecclesiam.

314 2919 420 2994 Nunc
435 2921 581 3003 videtis,
608 2945 699 3016 quae
721 2937 927 3012 argumenta
944 2923 1132 3015 praecipue
1150 2945 1205 2992 sa-

211 3023 348 3118 pientes
363 3023 529 3110 incitent,
554 3023 617 3118 qui
632 3023 764 3094 nostris
778 3019 945 3094 Ecclesiis
961 3025 1097 3096 inimici
1113 3039 1207 3110 sunt,

212 3125 314 3198 aiunt
327 3126 492 3195 ordinem
506 3138 540 3196 et
552 3119 777 3196 harmoniam
792 3125 935 3218 politiae
955 3125 1206 3199 ecclesiasticae

211 3225 363 3314 turbari,
385 3227 488 3300 aiunt
501 3225 582 3318 iuge
596 3227 806 3298 sacrificium
820 3227 967 3314 aboleri,
986 3228 1087 3299 aiunt
1100 3229 1208 3300 disci·

213 3329 332 3424 plinae
357 3353 486 3402 nervos
509 3329 612 3400 solvi.
662 3325 740 3400 Hac
758 3343 841 3402 sunt
861 3353 963 3402 voces
980 3328 1205 3424 politicorum

212 3431 385 3512 virorum,
412 3433 474 3526 qni
490 3431 578 3523 legis
591 3433 754 3504 custodes
769 3427 951 3523 perhiberi
964 3433 1101 3509 volunt.
1133 3431 1207 3503 Nec

214 3535 290 3604 leve
306 3548 357 3605 est
371 3529 440 3604 hoc
453 3547 642 3616 certamen,
659 3559 724 3605 nec
737 3534 946 3606 diiudicatio
962 3535 1012 3623 bt,
1033 3550 1072 3607 ut
1088 3537 1127 3606 in
1144 3561 1209 3604 ne-

213 3635 319 3728 gotiis
333 3637 546 3712 forensibus.

315 3753 386 3827 Sed
404 3749 491 3826 haec
512 3753 586 3844 ipsa
603 3768 720 3848 petra,
751 3755 855 3827 etiam
878 3780 959 3826 cum
984 3755 1052 3826 icta
1076 3768 1145 3840 est,
1174 3767 1209 3825 et

672 233 832 314 DECL
866 229 940 314 DE
971 232 1137 312 Mosa
1171 227 1480 308 FERIENTE
1510 229 1771 314 PETRAM.

1351 403 1401 480 Et
1424 406 1508 500 quia
1532 405 1629 478 Deus
1650 407 1689 476 iu
1711 407 1773 480 illa
1797 423 1916 504 petrae
1940 411 2185 504 percussione,
2208 416 2243 486 id

1250 522 1320 594 est,
1351 522 1465 578 morte
1487 509 1551 578 filii
1575 511 1732 582 ostendit
1754 513 2038 602 magnitudinem
2068 516 2141 586 irae
2164 541 2246 588 suae

1251 613 1420 682 adversus
1437 625 1594 702 peccata,
1620 635 1686 682 nos
1708 637 1852 708 quoque
1869 641 1950 686 vere
1966 640 2248 710 expavescamus,

1252 729 1285 786 et
1299 712 1501 784 errantibus
1517 714 1771 803 cupiditatibus
1785 717 1908 788 frenos
1922 719 2135 794 iniiciamus.

1352 813 1462 885 Ponit
1479 830 1646 908 utrosque
1661 813 1777 903 Deus,
1804 833 1838 890 et
1852 815 1971 894 hostes
1985 817 2191 910 Evangelii,
2215 837 2247 894 et

1252 917 1360 1002 alios,
1395 916 1459 1010 qui
1490 918 1699 988 simulantes
1730 923 1889 992 studium
1923 920 2132 1012 Evangelii,
2175 925 2247 994 sine
2321 992 2322 1024 ,

1254 1032 1351 1090 metu
1373 1016 1442 1090 Dei
1474 1019 1732 1111 cupiditatibus
1763 1023 1835 1094 suis
1865 1024 2063 1116 indulgent.
2128 1026 2248 1122 ltaque

1253 1145 1356 1212 saepe
1394 1134 1474 1212 post
1505 1134 1710 1191 renovatam
1742 1125 1926 1198 doctrinae
1959 1151 2082 1199 vocem
2114 1129 2249 1200 duriter

1254 1237 1467 1318 quassantur
1484 1235 1578 1294 totae
1592 1237 1724 1312 gentes.

1355 1324 1499 1416 Magnis
1511 1325 1769 1398 calamitatibus
1785 1329 1845 1398 illa
1862 1327 1938 1422 ipsa
1952 1331 2147 1404 multitudo
2162 1357 2248 1424 pau·

1255 1427 1354 1498 latim
1377 1428 1491 1498 deleta
1514 1441 1585 1514 est,
1611 1452 1701 1522 qnae
1723 1455 1844 1500 vocem
1863 1431 1984 1528 Moysi
2006 1434 2186 1520 audierat,
2217 1449 2250 1506 et

1255 1531 1439 1600 manifesta
1455 1529 1519 1600 Dei
1540 1529 1739 1602 testimonia
1758 1532 1913 1604 viderat:
1947 1537 2030 1630 quia
2056 1535 2134 1606 sine
2154 1553 2249 1608 metu

1255 1629 1323 1702 Dei
1339 1633 1483 1716 ruebat,
1508 1657 1579 1726 quo
1596 1657 1716 1706 caecae
1733 1635 1944 1728 cupiditates
1957 1632 2163 1710 trahebant:
2189 1665 2249 1712 nec

1256 1735 1381 1818 fidem,
1408 1758 1472 1804 nec
1488 1759 1606 1804 veram
1624 1735 1884 1808 invocationem
1902 1739 1993 1810 tucri
2007 1743 2185 1812 studebat.

1358 1833 1555 1926 Dissipatae
1577 1849 1660 1906 snnt
1682 1851 1717 1907 et
1737 1840 1857 1908 decem
1882 1843 1998 1914 tribus
2013 1855 2091 1934 post
2107 1841 2248 1912 Heliam

1257 1951 1292 2010 et
1308 1935 1507 2008 Heliseum:
1533 1938 1709 2010 scutalia
1726 1942 1910 2028 omittam,
1934 1942 2110 2016 Laodicea
2134 1959 2170 2016 et
2184 1943 2250 2016 Co-

1257 2041 1388 2120 lossae,
1415 2063 1511 2109 anno
1528 2040 1689 2131 proximo
1706 2055 1785 2133 post
1797 2041 1898 2114 Pauli
1916 2061 2086 2132 mortem,
2112 2061 2153 2118 ut
2167 2071 2250 2118 nar-
2325 2078 2326 2144 3

1257 2155 1311 2212 rat
1323 2139 1539 2232 Eutropius,
1565 2137 1768 2214 dehiscente
1785 2158 1900 2228 terra,
1926 2149 2114 2239 absorptae
2130 2165 2224 2222 snut.

1362 2241 1491 2314 Fuerat
1514 2256 1649 2326 autem,
1676 2259 1716 2314 ut
1737 2245 1854 2332 scitis,
1879 2245 2118 2319 Ecclesiarum
2147 2251 2186 2321 in
2210 2251 2250 2321 iis

1258 2345 1399 2437 oppidis
1415 2339 1585 2438 οἶκηστὴς
1600 2341 1733 2416 Paulus
1750 2347 1842 2439 ipse,
1874 2351 1936 2442 qui
1958 2367 1992 2422 ct
2012 2367 2175 2423 amanter
2196 2367 2250 2424 ea-

1258 2472 1337 2518 rum
1355 2447 1517 2538 pietatem
1534 2447 1722 2538 praedicat.
1777 2449 1848 2522 Sed
1874 2453 2005 2546 reliqui
2026 2468 2130 2526 erant
2149 2455 2250 2528 multi
2326 2489 2327 2502 ¹

1258 2544 1392 2619 hostes:
1441 2547 1545 2619 multi
1573 2551 1741 2642 exemplis
1773 2553 1977 2646 depravati,
2015 2557 2185 2632 redibant
2209 2559 2251 2628 ad

1258 2651 1414 2746 priorem
1432 2650 1624 2724 licentiam.

1359 2747 1589 2823 Germaniam
1608 2753 1810 2824 universam
1828 2771 1907 2846 post
1922 2761 2110 2830 reverendi
2126 2757 2172 2836 D.
2181 2759 2251 2832 Lu-
2327 2737 2328 2740 Ἴ

1258 2849 1351 2926 theri
1371 2869 1541 2935 mortem,
1570 2868 1723 2948 quantae
1743 2857 1958 2930 calamitates
1980 2863 2252 2954 oppresserunt?

1259 2959 1345 3026 dum
1366 2955 1513 3048 plurimi
1535 2956 1612 3024 sine
1634 2969 1730 3026 metu
1753 2957 1824 3029 Dei
1847 2979 2023 3056 quaerunt
2043 2965 2252 3058 voluptates,

1259 3071 1394 3129 certant
1405 3057 1622 3142 ambitione,
1647 3059 1831 3150 negligunt
1846 3063 2118 3156 inquisitionem
2134 3091 2250 3139 rerum

1260 3161 1553 3230 necessariarum:
1581 3173 1650 3230 eto
1665 3185 1741 3229 rem
1755 3161 1939 3250 miseram,
1959 3168 2178 3242 confirmant
2192 3195 2251 3242 au-

1260 3261 1396 3333 daciam
1415 3275 1450 3331 et
1468 3261 1660 3352 potentiam
1678 3257 1833 3332 hostium
1850 3261 2050 3358 Evangelii.

1361 3361 1515 3434 Pericles
1536 3375 1634 3434 moto
1658 3363 1751 3434 hello
1778 3365 1932 3454 difficili,
1973 3371 2111 3464 inquit,
2145 3373 2251 3464 magis

1260 3490 1297 3538 se
1312 3481 1469 3538 metuere
1485 3463 1676 3536 domestica
1694 3465 1791 3552 vitia,
1818 3491 1923 3562 quarn
1938 3465 2097 3544 hostium
2112 3473 2206 3544 vires
2221 3485 2252 3543 et

1261 3567 1429 3652 consilia,
1451 3569 1597 3660 μᾶλλον
1611 3559 1653 3639 di
1665 3560 1884 3664 πεφόβημαι
1898 3568 1966 3656 τὰς
1990 3573 2128 3657 nimine
2147 3571 2251 3670 ἡμῶν

1262 3663 1448 3766 ἁμαρτίας
1454 3721 1466 3755 ,
1507 3663 1619 3763 ἢτᾶς
1638 3673 1718 3741 τῶν
1739 3666 1921 3745 ἐναντίαιν
1951 3669 2131 3758 διανόιας.
2201 3671 2250 3747 Ac

1261 3775 1461 3868 plerunque
1482 3771 1531 3842 ita
1555 3771 1702 3854 accidit,
1733 3773 1833 3868 prius
1853 3775 2046 3848 domestica
2064 3781 2158 3850 mala
2175 3793 2251 3849 sunt

214 3856 340 3929 effudit
354 3851 719 3946 fluminaEvangelii,
744 3871 863 3928 tamen
879 3881 954 3928 non
971 3857 1121 3936 corruit,
1147 3859 1209 3928 sed
1262 3875 1368 3946 exicio
1391 3873 1571 3966 imperiis,
1604 3897 1710 3968 quam
1733 3889 1876 3947 externa
1901 3879 2083 3952 violentia,
2146 3879 2250 3953 Cum.

214 3973 282 4032 ffll
297 3959 409 4030 ardua
427 3959 565 4029 ⁶⁰²l¹¹¹¹¹
584 3957 714 4030 verlice
737 3957 933 4050 minima
958 3957 994 4028 ld
1021 3972 1089 4043 0³1,
1119 3959 1210 4030 Vivit
1262 3999 1331 4071 que
1352 3977 1545 4068 petulantia
1562 3999 1658 4045 nunc
1676 3976 1715 4044 in
1732 3978 1855 4048 multis
1870 3996 2023 4068 crescat,
2048 3982 2249 4076 impendere

213 4061 309 4132 filim
326 4057 393 4132 Del
411 4061 582 4146 luviem·
608 4084 674 4132 ¹¹⁶0
692 4085 921 4167 ‘'meminit‘’
941 4059 1125 4132 d⁰ffll¹1³⁰
1149 4085 1208 4130 ΒΧ·
1262 4079 1414 4148 maiores
1428 4077 1554 4147 ruinae
1568 4077 1744 4148 videntur.
1803 4079 1873 4151 Sed
1892 4107 1954 4152 vos
1971 4109 2035 4154 oro
2050 4097 2084 4155 et
2099 4087 2250 4156 obtestor

214 4163 441 4257 15¹¹S⁰5³l¹¹li⁰
491 4161 761 4256 semi)eretiam
777 4164 1050 4258 ⁰⁰⁸l¹¹⁸³¹lq¹¹⁰⁵
1066 4186 1148 4234 ⁸⁰⁰⁸
1170 4163 1208 4232 5¹¹
1263 4193 1408 4274 propter
1421 4179 1535 4250 filium
1548 4175 1615 4248 Dei
1642 4195 1676 4250 et
1699 4195 1844 4271 propter
1858 4183 2006 4255 salntem
2021 4199 2192 4270 vestram,
2213 4199 2249 4256 ut

214 4289 342 4358 80¹¹ssst
358 4261 517 4338 h¹¹¹¹¹³¹¹⁰
533 4281 667 4352 stmls
694 4265 840 4338 ‘illlam
858 4265 1064 4359 Siplfflfiffl
1082 4267 1210 4337 ⁸dV0i·
1262 4283 1364 4353 adfici
1388 4281 1584 4353 vos-tantis
1608 4275 1786 4352 Ecclesiae
1818 4297 1852 4355 et
1883 4287 2015 4377 patriae
2044 4289 2249 4359 vulneribus

214 4383 350 4440 mmm
373 4367 422 4440 3¹³
446 4370 576 4440 ¹⁰f¹¹¹³l
598 4367 691 4460 59⁵0,
719 4382 759 4442 ¹11
781 4367 949 4460 imperi&
974 4391 1065 4464 ‘lua‘
1087 4368 1209 4438 desen·
1262 4385 1475 4470 ostendatis,
1500 4407 1540 4453 ac
1552 4384 1782 4455 modestiores
1798 4397 1834 4457 et
1847 4385 1884 4456 in
1901 4389 2000 4461 omni
2023 4389 2142 4461 officio
2167 4388 2248 4460 dili·

215 4471 304 4542 dnnt
321 4469 438 4558 idola,
460 4485 496 4544 et
507 4471 611 4540 falsas
626 4473 670 4542 de
693 4469 768 4560 lege
787 4471 997 4561 opiniones,
1027 4483 1062 4542 et
1083 4469 1210 4542 sitiunt
1262 4482 2026 4581 gemtor„,isis‚·u11)eu3mitigegpoem
2059 4489 2143 4563 No„
2159 4489 2247 4562 enim

210 4573 421 4664 §inguinem
439 4586 534 4645 ¹¹²⁰st
548 4571 791 4644 {meantium
805 4570 943 4660 Deum,
964 4587 1109 4648 evertat·
1261 4589 1399 4660 inutilis
1415 4600 1468 4658 est
1480 4587 1681 4658 emendatio
1695 4613 1852 4676 morum,
1877 4593 1938 4662 sed
1953 4591 2059 4664 etiarn
2074 4593 2168 4665 inter
2178 4591 2247 4663 rni-

317 4688 374 4762 Ad
396 4687 489 4762 hanc
509 4715 655 4783 rupem,
681 4691 719 4762 id
736 4705 809 4776 est,
829 4694 873 4762 ad
891 4693 1006 4764 filium
1022 4689 1108 4778 Dei,
1131 4687 1209 4762 Do-
1264 4715 1326 4764 nas
1357 4689 1589 4781 imperiorum
1622 4690 1695 4759 illis
1725 4691 1809 4782 ipsis
1840 4695 2004 4765 salutaris
2030 4709 2103 4782 est,
2137 4696 2197 4790 qni
2215 4715 2247 4762 se

214 4795 352 4866 minum
367 4806 529 4866 nostrum
546 4791 662 4866 lesum
679 4788 880 4882 Christum,
902 4817 1108 4888 percussum
1123 4795 1210 4884 lege,
1262 4797 1510 4864 emendarunt.
1551 4791 1677 4863 Servat
1691 4793 1785 4861 enim
1802 4791 1897 4866 Dens
1911 4797 2049 4892 aliquas
2066 4799 2121 4868 sni
2136 4809 2247 4868 coetos

214 4896 340 4984 idest,
364 4897 623 4989 persolventem
642 4885 760 4990 λύτρα
776 4920 842 4989 pro
863 4899 990 4980 nobis,
1023 4897 1209 4986 confugia·
1261 4895 1450 4990 reliquias,
1474 4909 1514 4965 nt
1528 4905 1610 4963 ante
1626 4895 1850 4965 obsidionem
1868 4895 2105 4995 lerosolymae
2121 4901 2197 4991 pios
2209 4919 2245 4966 ex

213 5023 305 5085 mos,
331 5014 366 5071 et
379 5013 550 5092 petamus,
574 5011 614 5069 nt
627 5011 764 5070 mentes
778 5013 917 5071 nostras
930 4995 1209 5074 flumineEvan-
1261 5001 1350 5070 urbe
1365 4998 1546 5070 discedere
1558 4995 1671 5068 iussit.
1725 4992 1774 5068 Et
1787 4999 1926 5092 mitigat
1941 4997 2039 5072 Deus
2055 5003 2141 5074 totis
2153 4999 2247 5072 urbi·

213 5097 493 5194 geliisuipotct.
544 5097 619 5172 Nos
635 5099 742 5172 etiarn
757 5101 874 5188 avidi,
900 5097 965 5174 hos
981 5101 1102 5174 latices
1118 5097 1208 5172 hau·
1261 5101 1339 5186 bus,
1365 5121 1497 5193 poenas
1513 5111 1659 5191 propter
1676 5098 1879 5193 aliquorum
1895 5104 2190 5189 emendationem,
2210 5113 2246 5171 nt

215 5199 370 5282 riamus,
394 5216 488 5274 recte
509 5203 685 5274 discamus
705 5203 924 5289 doctrinam,
954 5204 1208 5297 ampleetamur
1260 5203 1414 5275 ostendit
1429 5199 1629 5291 exemplum
1644 5197 1804 5276 Ninives.

212 5322 310 5380 eam,
341 5314 378 5371 st
401 5305 446 5374 ad
471 5327 575 5376 usum
600 5305 809 5398 quotidiana
837 5304 1063 5380 invocatione
1089 5319 1207 5378 trans·
1360 5301 1458 5376 Haec
1474 5306 1520 5374 de
1536 5303 1756 5394 amplissimo
1777 5317 1986 5394 argumento
2009 5305 2165 5378 breviter
2183 5297 2245 5374 hoc

210 5400 377 5474 feramus.
1258 5418 1418 5499 tempore
1437 5405 1530 5491 diri,
1550 5430 1629 5478 cnm
1653 5407 1800 5500 quidem
1821 5401 1911 5480 mihi
1928 5409 1974 5480 ad
1989 5422 2126 5482 caetera
2139 5409 2243 5499 impa-
