4616 5816
187 249 266 326 405
680 243 838 324 nucu
887 243 965 322 ut:
994 231 1708 326 PRA'EMMHHOMERUM.
2129 254 2207 331 tot

193 424 343 495 insertam
357 432 461 506 suut,
490 431 530 492 ut
546 419 694 492 velutin
715 420 845 492 illustri
862 433 898 491 et
914 419 1098 512 perspicuo
1114 441 1181 511 po·
1232 418 1295 504 cis,
1316 430 1357 488 ut
1371 415 1513 507 ingenia
1527 417 1688 488 liberalia
1703 431 1738 490 et
1753 413 1945 513 συζητικὰ,
1969 444 2048 494 mm
2062 429 2214 521 quadam,

192 526 278 597 sitae
292 525 388 608 loco,
413 524 457 592 ad
473 546 615 592 ornnem
639 523 853 612 posteritatis
867 523 1075 592 memoriam
1096 521 1184 592 reti·
1233 535 1273 592 ut
1286 520 1335 592 ait
1349 514 1582 602 Plutarchus,
1605 515 1789 618 εὐμουσίᾳ
1808 524 2049 602 erudirentur.

195 625 291 712 ueri,
317 639 351 696 et
375 649 455 696 curu
478 623 713 694 admiratione
729 625 877 714 spectari
899 637 1052 714 possent.
1101 621 1185 692 Ple·
1337 619 1459 715 Neque
1476 617 1686 714 cadaveris,
1702 615 1772 696 hoc
1789 637 1854 708 est,
1879 643 2044 700 acutulas
2058 643 2093 702 et
2112 629 2215 700 suavi·
2288 621 2289 708 i

197 752 284 800 nuru
304 740 356 798 est
378 730 502 816 polima
525 723 675 796 Homeri
700 727 831 798 talibus
858 727 1062 808 sententiis,
1095 749 1193 817 quae·
1236 739 1289 796 tas
1305 747 1466 806 morum,
1491 723 1623 812 ingenii
1643 725 1740 816 quod
1757 727 1953 798 moderatio
1970 755 2011 800 ac
2028 725 2217 801 humanitas
2288 719 2289 768 ¹

198 831 295 900 velut
311 831 451 920 pondus
467 841 502 898 et
525 827 747 898 autoritatem
770 831 886 917 legum
904 824 1054 908 habeut,
1079 851 1188 920 quae·
1239 827 1313 904 ullo
1333 825 1370 894 iu
1387 821 1518 916 'scripto
1535 826 1583 894 ita
1598 849 1758 918 expressa
1775 843 1845 915 est,
1870 843 1911 900 ut
1927 831 1966 898 in
1980 829 2125 902 Homeri
2143 839 2217 924 poli-
2288 775 2289 864 i

131 949 135 958 '
199 955 269 1027 que
289 930 470 1002 meritout
492 930 634 998 oracula
656 931 853 1002 sutdivina
892 951 1041 1022 esponsa
1067 930 1189 1018 singn—
1239 941 1343 998 mate.
1394 925 1639 1022 Quapropter,
1664 930 1694 998 si
1710 953 1833 1000 verum
1853 945 1905 1002 est
1925 936 2019 1026 quod
2038 935 2108 1004 dici
2131 936 2221 1018 solet,

201 1033 270 1104 lari
293 1056 374 1102 cum
396 1031 569 1121 religione
586 1032 786 1116 observari,
810 955 1072 1123 meinoriaeque
1090 1055 1190 1100 man-
1241 1029 1359 1100 studia
1377 1030 1475 1098 abire
1490 1030 1528 1098 in
1544 1052 1678 1116 mores,
1702 1030 1755 1100 ira
1772 1048 1813 1106 ut
1827 1055 1949 1104 verum
1967 1049 2037 1120 est,
2062 1035 2136 1106 fieri
2157 1060 2221 1104 non

202 1134 291 1219 dari,
310 1149 345 1206 et
359 1157 497 1223 semper
511 1135 558 1202 ob
573 1134 694 1203 oculos
709 1129 833 1203 halseri
849 1135 1036 1204 debebant.
1065 1132 1192 1222 Quod·
1243 1144 1368 1224 potest,
1395 1130 1482 1224 quin
1496 1125 1746 1202 humanissimi
1762 1147 1797 1204 et
1811 1135 2007 1206 dulcissimi
2022 1135 2146 1208 Podtae
2159 1151 2222 1207 tra·
2288 1141 2289 1210 l

204 1261 273 1332 que
300 1237 346 1305 de
367 1231 541 1326 Euripide
563 1231 688 1304 Cicero
718 1237 826 1306 dixit:
868 1235 914 1308 Se
936 1235 1094 1325 singulos
1118 1236 1193 1304 eius
1245 1233 1418 1318 clatione,
1444 1232 1586 1323 ingenia
1603 1257 1748 1326 quoque
1769 1237 1975 1324 mitescant,
2000 1233 2224 1331 liautquehu·
2288 1215 2289 1296 i

204 1359 337 1422 versus,
362 1337 867 1429 singulatestimoniaputare‚
892 1339 927 1407 id
946 1339 1059 1408 multo
1077 1339 1195 1408 verius
1245 1334 1408 1404 mauiora
1426 1347 1460 1403 et
1477 1333 1588 1424 magis
1611 1335 1761 1426 placida.
1813 1335 2012 1408 Hocrredo
2030 1339 2099 1408 viri
2119 1339 2223 1428 magni

206 1442 251 1512 de
266 1437 422 1510 Homero
436 1438 506 1508 dici
521 1462 621 1530 posse
636 1439 791 1524 videtur,
816 1465 896 1509 cum
911 1437 1116 1532 Euripides,
1140 1463 1196 1508 re·
1248 1451 1280 1507 et
1295 1437 1554 1527 praestantibus
1570 1435 1724 1525 ingeniis
1745 1439 1897 1529 praediti
1912 1441 2226 1524 animadvertentes,
2288 1473 2289 1532 ι

205 1541 367 1636 liquique
381 1538 525 1624 Po'e'tae,
553 1541 649 1611 velut
662 1541 771 1612 rivuli
787 1567 828 1612 es
845 1540 1013 1628 Homero,
1038 1567 1102 1612 ceu
1117 1565 1196 1633 per·
1248 1539 1308 1609 alii
1326 1544 1449 1629 poema
1464 1535 1613 1607 Homeri
1630 1536 1860 1610 humanitatis
1874 1541 2065 1626 officinam,
2083 1543 2141 1610 alii
2156 1541 2226 1610 lon·
2288 1535 2289 1600 l

205 1644 405 1716 euuiloute
422 1642 625 1715 scaturiant.
1249 1656 1319 1713 tem
1353 1639 1469 1708 omnis
1503 1641 1687 1711 suavitatis
1720 1655 1755 1712 et
1785 1647 1980 1712 venustatis
2005 1643 2227 1735 adpellaroat.

1250 1741 1388 1812 Plinius
1403 1741 1558 1832 primum
1576 1742 1791 1812 liberalioris
1815 1745 1999 1814 doctrinae
2025 1757 2064 1815 ee
2085 1743 2228 1836 antiqui-

1250 1844 1331 1912 tatis
1355 1856 1536 1934 parentem
1560 1840 1756 1914 Homerum
1784 1859 1905 1930 vocat,
1940 1843 2043 1916 Plato
2070 1849 2228 1936 optimum

1250 1945 1343 2015 vitae
1359 1944 1578 2033 magistrum.
1626 1943 1746 2038 Atque
1761 1957 1802 2014 ut
1815 1945 2055 2035 intelligamus
2069 1947 2151 2017 istos
2163 1969 2229 2013 ma·
2288 1997 2289 2070 p

210 2113 440 2206 cogitationes
470 2137 549 2184 snas
573 2113 743 2202 dirigunt.
800 2113 1037 2198 Meministis,
1066 2111 1200 2183 Adole—
1251 2043 2230 2240 ξὲὲῆῃξῖἀῖἱῗιῗξιἔὲἵοῗζῖἰᾘυῗΐὲζοέξὲῖῗξζ

210 2231 362 2302 scentes,
384 2215 552 2286 maximas
567 2215 604 2284 in
621 2214 808 2288 Dialectica
822 2213 1136 2300 vocariaBo'e’tio,
1163 2215 1198 2284 id
1252 2248 1636 2320 „tindpspecpagmm
1658 2248 2065 2342 „mutilagpmffiug
2084 2262 2231 2320 amem.
2288 2241 2289 2306 l

212 2342 322 2413 genus
355 2340 559 2388 communes
586 2311 799 2414 προλήψειςε
840 2315 1009 2402 Talibus,
1042 2317 1201 2410 iuquam,
1253 2351 1346 2435 bris,
1371 2349 1824 2424 saciendgfflfflnqfflm

211 2419 373 2492 maximis
392 2431 529 2490 constat
554 2431 667 2490 tolum
694 2426 818 2510 polima
844 2417 1014 2504 Homeri,
1047 2414 1115 2488 hoc
1139 2432 1201 2498 est,
1353 2449 1493 2542 Duplex
1513 2463 1565 2520 m
1585 2447 1957 2540 pogmaggflomerch
1980 2461 2232 2540 argumentum,
2288 2443 2289 2504 ι

212 2522 460 2639 ⁰⁰mm¹¹¹¹ibi¹⁵
491 2534 526 2590 ‘t
555 2520 751 2638 mmsii'iif
781 2521 911 2638 ¹⁰3an
942 2545 982 2590 ³⁰
1010 2517 1203 2612 Praeceiffi‘
1255 2548 1416 2622 Alterum
1433 2550 1536 2634 llias,
1569 2551 1720 2621 alterum
1743 2548 1904 2647 Odyssea
1933 2551 2149 2625 inscribitur.
2196 2545 2232 2617 in

199 2648 372 2708 morum,
397 2637 558 2713 vitaeque
585 2633 620 2690 et
639 2621 796 2690 esvrlrum
814 2622 1025 2706 officiorum,
1051 2645 1202 2714 quarum
2288 2619 2289 2646 ¹

1252 2652 1365 2722 iliade
1381 2647 1592 2722 Plutarchus
1606 2653 1719 2722 robur
1731 2653 1903 2744 eorporis,
1928 2653 1965 2720 in
1977 2648 2138 2748 Odyssea
2152 2651 2233 2719 vires
2288 2653 2289 2736 l

212 2727 251 2796 in
284 2724 384 2794 ⁰¹⁰¹st
411 2723 482 2794 viii
509 2737 543 2792 0¹
564 2723 762 2794 ³⁰¹i⁰¹¹ib¹¹⁵
788 2747 872 2793 ⁰⁵⁰⁵
903 2724 1072 2794 iiiiiiime
1098 2735 1203 2815 P³¹²¹0
1253 2753 1387 2844 ingenii
1403 2753 1573 2822 celebrari
1589 2755 1635 2823 ab
1649 2752 1808 2823 Homero
1830 2754 2015 2824 existimat.
2065 2749 2233 2824 Describi·
2288 2747 2289 2816 ξ

213 2827 325 2904 multa
344 2827 462 2906 docet,
488 2825 598 2894 multa
624 2824 799 2914 sapienter
819 2839 956 2906 monet,
984 2825 1133 2896 instillat
1151 2838 1201 2894 te·
1254 2869 1314 2926 m,
1336 2868 1455 2926 ,utem
1487 2855 1524 2922 in
1552 2853 1662 2924 made
1692 2855 1826 2925 benum
1885 2869 1925 2926 m
1947 2855 2040 2924 fama
2066 2851 2235 2924 nobilissi·
2288 2825 2289 2896 t

214 2951 319 2998 uerae
341 2927 447 2996 aetati
465 2921 729 2996 honestissimas
747 2941 781 2996 et
804 2925 1026 2998 suavissimas
1043 2925 1204 3008 noticias,
1254 2981 1370 3043 mum,
1394 2951 1646 3027 inhonestum
1666 2906 1851 3048 atpium:
1866 2958 1963 3049 quod
1979 2953 2235 3026 Graedtonm

214 3028 422 3147 m⁰dff⁵²if¹⁸’
446 3028 696 3146 verecundia&
722 3051 762 3096 ³⁰
784 3027 1001 3121 reliquarum
1016 3029 1202 3145 virtutum:
1255 3059 1433 3128 barbaros
1453 3081 1516 3148 pro
1531 3057 1736 3127 delensione
1755 3057 1946 3148 pudicitiae
1969 3057 2180 3146 coniugalis,
2202 3065 2236 3120 ut

213 3143 395 3248 midam
415 3141 450 3199 εἰ
469 3123 700 3198 hum³¹¹¹²³²¹⁸
722 3152 862 3246 “Jmm
884 3129 1006 3198 ”¹¹¹¹OE
1021 3129 1204 3250 ⁰⁰J¹¹⁰¹¹⁰f
1255 3160 1742 3239 ulciscerenturadulterium,
1758 3173 1791 3230 et
1800 3157 1966 3228 violatam
1978 3153 2126 3250 hospitii
2141 3158 2236 3226 fidem
2288 3199 2289 3246 3

213 3231 402 3321 Magister:
435 3243 643 3320 praestatae
665 3229 963 3324 ellicrtquandam
981 3256 1080 3324 quaer
1101 3255 1203 3320 expe·
1256 3273 1448 3351 gemtum·
1499 3255 1834 3355 Odymmnfinet
1849 3281 1985 3330 mom
1999 3257 2154 3354 Ulyssis’
2178 3256 2236 3324 sub
2288 3253 2289 3334 a

211 3332 377 3408 rientiam
393 3353 513 3450 rerum
528 3331 790 3450 ininvenibus,
813 3355 903 3450 quae
924 3331 1001 3402 laus
1017 3333 1148 3425 alioqui
1166 3345 1205 3400 ut
1257 3364 1357 3434 cuius
1383 3361 1536 3451 imagine
1557 3359 1665 3433 pom
1687 3361 1806 3431 vim
1837 3359 2031 3453 sapientem
2063 3383 2104 3430 ae
2126 3355 2237 3451 popm·
2288 3347 2289 3358 ι

212 3457 352 3508 summa
367 3445 432 3518 est,
455 3447 505 3503 rta
520 3433 587 3502 solr
602 3445 770 3502 senectuti
786 3434 967 3509 tribuitur.
999 3433 1092 3506 Nota
1108 3433 1203 3502 euim
1257 3487 1357 3550 rum,
1380 3465 1560 3556 variisque
1573 3463 1736 3534 swnnae
1752 3463 1917 3554 procellis
1932 3463 2120 3545 hemum,
2138 3473 2170 3530 e,
2185 3454 2239 3549 qui

214 3551 266 3612 ⁰⁸²
281 3535 454 3610 'meum
467 3533 590 3606 mini
603 3533 749 3606 P⁰i⁸³²²
1257 3569 1435 3636 fortunam
1460 3565 1611 3634 consilio
1633 3585 1752 3654 regere
1774 3587 1814 3634 ac
1838 3562 2015 3634 moderari
2037 3565 2160 3647 sciret,
2185 3561 2237 3627 de-

654 3696 717 3737 nou
734 3679 835 3737 omnia
848 3675 961 3738 tardior
976 3688 1053 3738 aetas
1258 3669 1410 3738 scribere
1429 3666 1555 3736 voluit.

293 3775 382 3864 Quae
396 3781 548 3862 fugiemus
562 3775 670 3857 hebet,
695 3783 767 3841 seris
783 3783 951 3840 veniamus
967 3783 1003 3838 ab
1021 3779 1114 3838 annis
1359 3767 1413 3838 De
1436 3791 1504 3860 qua
1530 3779 1647 3859 parte,
1687 3787 1767 3834 cerm
1793 3789 1869 3834 eam
1894 3765 1993 3855 prius
2021 3758 2238 3856 interpretari

1259 3869 1534 3952 decreverimus,
1571 3891 1681 3960 pauca
1706 3867 1746 3935 in
1770 3866 1964 3958 praesentia
1985 3861 2077 3934 mihi
2101 3863 2239 3934 dicenda

1259 3995 1332 4041 esse
1346 3970 1440 4040 duxi.
1488 3968 1541 4040 Ae
1558 3969 1713 4060 primum
1730 3963 1798 4038 hoc
1812 3992 1887 4038 nou
1902 3981 1954 4038 est
1968 3967 2137 4050 dubium,
2163 3962 2240 4055 quin

1261 4076 1298 4142 in
1314 4071 1424 4142 iliade
1441 4071 1588 4142 militiae
1605 4070 1760 4164 bellique
1782 4083 1890 4154 artes,
1919 4068 1959 4138 in
1974 4063 2135 4162 Odyssea
2152 4080 2241 4151 togae

1261 4190 1294 4248 et
1310 4173 1404 4266 pacis
1418 4173 1626 4256 describere,
1646 4184 1750 4264 atque
1765 4171 1812 4240 ita
1829 4172 1866 4240 in
1884 4183 1959 4240 toto
1976 4177 2137 4260 poemate
2152 4179 2241 4236 utro-

1261 4301 1329 4370 que
1353 4297 1479 4364 genere
1502 4274 1633 4344 artium
1648 4273 1718 4343 tale
1734 4273 1934 4362 ingenium,
1958 4271 2055 4363 quod
2073 4266 2240 4356 Rempub.

1261 4379 1453 4471 aliquando
1468 4377 1666 4465 gubernare
1681 4375 1836 4456 deberet,
1862 4373 2069 4460 informare,
2095 4367 2241 4445 erudire,

1261 4505 1301 4550 ae
1327 4500 1537 4572 praeparare
1563 4475 1724 4548 voluerit.
1785 4471 1906 4564 Pingit
1933 4471 2043 4562 igitur
2067 4472 2106 4540 in
2127 4467 2243 4562 Ulysse

1261 4581 1449 4670 imaginem
1476 4580 1656 4672 quandam
1691 4575 1806 4646 civilis
1833 4589 1868 4647 et
1900 4573 2171 4663 togataevitae,
2208 4567 2241 4634 in

1263 4682 1374 4752 iliade
1389 4705 1473 4748 vero
1491 4679 1658 4750 militaria
1681 4678 1838 4768 exempla
1857 4675 2042 4768 proponit:
2076 4669 2133 4744 his
2157 4668 2241 4740 enirn

1261 4786 1397 4856 artibus
1411 4780 1647 4873 Respublicae
1668 4804 1708 4850 ae
1729 4801 1835 4868 regna
1858 4791 2048 4870 mentitur,
2076 4785 2244 4851 tenentur,

1264 4899 1523 4977 cogunturque,
1548 4877 1655 4954 ethis
1673 4880 1809 4952 artibus
1826 4881 2038 4950 instructum
2053 4899 2126 4948 esse
2144 4893 2244 4965 opor·

276 5069 400 5152 ΟἩ,
604 5065 634 5126 ‚d
900 5067 909 5086 ,
980 5067 987 5082 ,
1106 5065 1113 5080 ,
1262 5001 1329 5072 tet,
1364 4986 1569 5104 quicunque
1588 4983 1793 5104 Hemp.·est
1815 4983 2008 5101 aliquando
2032 4991 2244 5052 tractaturus.

230 5143 232 5146 ·
309 5097 340 5134 ¹¹¹
376 5083 614 5152 srtturpe,q1u
648 5064 830 5148 ¹³¹¹¹⁰¹¹¹⁰¹¹¹’
858 5063 1036 5149 qmd¹¹¹¹¹⁸’
1063 5061 1212 5147 ‘¹⁰¹d¹¹⁰¹¹
1263 5088 1377 5160 Notus
1393 5101 1445 5160 est
1460 5087 1741 5158 eormerusmodr
1760 5081 1906 5154 Homer:
1924 5103 2057 5163 versus,
2082 5073 2245 5172 qqule·
2288 5135 2289 5146 ,

273 5171 397 5238 Plenius
410 5184 441 5236 οἳ
453 5173 560 5234 msliffl
576 5166 738 5252 chrilil’l’⁰
753 5181 783 5230 ‘³²
798 5165 942 5230 emim
957 5165 1103 5230 docuerit.
1261 5193 1437 5262 xandrnm
1454 5188 1629 5279 Magnum
1647 5187 1694 5256 ita
1717 5185 1928 5258 delectatum
1946 5185 2084 5268 ierunt,
2109 5194 2149 5251 ut
2173 5196 2245 5248 eum

227 5302 384 5376 involvit
402 5325 487 5372 vero
509 5296 597 5370 hacc
619 5295 824 5389 gravissima
851 5318 890 5365 ae
913 5295 1130 5365 sanctissima
1147 5295 1213 5364 do·
1262 5313 1399 5384 semper
1416 5292 1454 5360 in
1471 5314 1533 5360 ore
1550 5285 1731 5360 habuerit:

170 5403 173 5410 ’
225 5419 341 5500 grnata
354 5401 567 5476 dulcissimis
581 5414 614 5471 et
629 5396 895 5470 iucundissimis
917 5396 1081 5468 iconibus
1097 5396 1212 5487 poe'ti-
1297 5403 1478 5494 ἀμφότερον
1496 5402 1644 5488 βασιλεῦς
1663 5399 1696 5470 τ’
1719 5397 1846 5491 dyodde
1866 5395 2018 5490 κρατερός
2036 5394 2070 5464 τ’
2094 5383 2251 5476 αἰχμητής,

196 1867 200 1878 .
311 1805 523 1880 Traduntur
553 1807 593 1878 in
625 1832 698 1880 uua
730 1809 889 1903 qualibet
915 1824 990 1882 arte
1024 1807 1200 1900 principia

210 1911 403 2008 quaedam,
428 1925 462 1982 et
479 1934 685 1980 communes
699 1912 871 1996 noticiae,
897 1915 940 1982 ad
957 1934 1056 2006 quas,
1083 1909 1144 2004 qui
1161 1910 1199 1978 in

210 2016 255 2085 iis
279 2027 466 2086 versantur
486 2011 639 2096 artibus,
672 2013 834 2084 velutad
856 2011 1018 2084 Lesbiam
1043 2013 1198 2101 regulam

216 3905 297 3984 Hoc
313 3934 399 3982 vero
414 3908 577 3982 divinum
600 3905 811 3976 beneficium
835 3917 987 3998 praestat
1010 3907 1113 3976 lectio
1130 3905 1208 3976 Ho-

217 4013 321 4100 meri,
344 4035 482 4104 nempe,
502 4009 597 4104 quod
614 4009 797 4099 ingenium
812 4007 978 4090 iuvenile,
1002 4008 1105 4076 senili
1123 4033 1208 4100 pru-

218 4109 338 4190 dentia
353 4113 495 4196 imbuit,
521 4134 558 4180 ea
574 4111 682 4197 enim,
706 4134 796 4202 quae
811 4133 912 4180 senes
926 4133 989 4201 per
1006 4110 1101 4199 longi
1118 4123 1207 4182 tern-

216 4218 317 4314 poris
338 4238 442 4287 usum
458 4208 721 4304 deprehendere
741 4213 875 4297 solent,
901 4236 990 4306 quae
1012 4211 1092 4280 illos
1108 4215 1208 4281 docet

220 4341 409 4392 numerosa
423 4315 530 4386 series
550 4338 744 4396 annorum,
770 4327 803 4383 et
820 4314 910 4383 varii
929 4339 1047 4384 rerum
1066 4339 1105 4382 ac
1118 4315 1210 4383 vitae

220 4419 399 4494 humanae
412 4439 529 4496 casus,
553 4438 595 4484 ex
611 4411 679 4485 hoc
699 4416 859 4506 poemate
880 4441 943 4508 per
960 4416 1208 4505 compendium

221 4538 390 4616 tanquam
406 4545 425 4590 e
441 4513 607 4588 thesauro
623 4529 682 4586 aut
697 4517 796 4586 fonte
816 4529 933 4607 petere
949 4530 1054 4608 atque
1070 4512 1210 4586 haurire

221 4627 318 4697 iicet.
368 4621 451 4694 Non
472 4617 579 4712 paulo
600 4617 694 4688 enim
715 4618 877 4688 foelicius
897 4615 956 4688 hie
973 4619 1126 4688 traditur
1147 4623 1212 4686 ‹lo-

221 4728 336 4802 ctrina
351 4737 444 4795 recte
459 4737 495 4796 et
510 4721 609 4792 beate
625 4720 787 4804 vivendi,
813 4743 919 4814 quam
936 4721 974 4788 in
991 4720 1072 4788 ullis
1086 4717 1212 4788 Philo-

222 4827 417 4922 sophorum
436 4821 694 4904 monumentis,
726 4835 766 4894 ut
782 4847 863 4892 vere
879 4823 923 4892 de
937 4819 1096 4891 Homero
1113 4821 1211 4890 dixe·

222 4933 271 5004 rit
286 4928 474 5020 Horatius,
499 4926 594 5020 quod
616 4920 693 4994 ille:
