4646 5824
183 291 259 368 att
641 285 803 362 DECL.
841 283 917 360 DE
945 281 1215 368 tustanus
1246 285 1760 370 REGlOMONTANO.
2152 299 2224 372 82⁰

185 467 224 536 in
245 479 317 538 tarn
338 463 440 536 brevi
464 461 556 534 vitae
578 460 774 547 curriculo,
808 459 880 532 nisi
900 461 963 533 illa
985 461 1116 534 mentis
1137 485 1179 534 ar
1230 457 1578 553 Regiomontannm,
1608 489 1689 534 cum
1721 477 1869 536 naturae
1900 467 1971 536 vim
1997 479 2032 538 et
2061 469 2223 542 volunta-

185 567 339 662 pectoris
353 564 517 638 incendia
531 563 628 636 Deus
643 577 679 635 et
691 563 837 634 iuvisset
850 576 886 634 et
899 564 1109 636 adiuvisset:
1137 575 1180 635 ut
1230 577 1300 634 tem
1325 567 1557 636 adolescentis
1573 567 1846 649 considerasset,
1873 592 1948 639 non
1971 569 2090 639 solum
2104 563 2222 645 hotta-

186 671 278 744 solet
299 669 470 740 immensa
491 667 650 740 bonitate
663 669 708 738 ad
729 666 967 738 restituendas
983 679 1018 738 et
1032 691 1177 738 conser-
1229 679 1306 754 tor,
1330 669 1513 740 sedetiam
1536 671 1608 740 dux
1630 670 1697 740 luit
1719 671 1758 742 in
1774 670 1850 762 ipsa
1866 673 1973 768 adyta
1991 671 2221 746 sanctissima

184 775 318 846 vandas
332 785 425 844 artes
441 771 533 840 vitae
548 769 760 840 necessarias
776 769 815 838 in
832 769 931 839 omni
949 792 1075 860 genere
1092 769 1177 840 sub-
1229 764 1358 840 harum
1384 772 1526 842 artium.
1587 769 1728 842 Horum
1755 760 2087 860 consuetudinem,'
2099 777 2223 862 studia,

184 877 270 946 inde
285 875 434 946 excitare
456 887 490 946 et
504 873 674 944 adiuvare
689 871 849 946 artifices.
901 869 1175 942 Profectoenim
1229 873 1421 944 certamina
1438 875 1523 946 dum
1541 873 1669 964 cogito,
1684 887 1818 944 veteres
1833 878 1939 946 etiarn
1954 873 2091 948 scholas
2109 893 2222 950 mente

183 976 251 1050 Dei
274 977 427 1060 aeterni,
457 977 521 1069 qui
542 977 623 1046 lons
645 983 696 1045 est
721 973 932 1066 sapientiae,
965 975 1175 1046 beneficium
1229 976 1389 1062 intueor,
1415 999 1567 1070 quarum
1590 977 1773 1070 diligentia
1802 971 1868 1047 hae
1897 992 1989 1048 artes
2013 996 2222 1072 propagatae

184 1094 246 1166 est,
268 1079 398 1152 artium
414 1091 448 1150 et
461 1077 703 1148 doctrinarum
717 1077 756 1146 in
772 1099 899 1166 genere
915 1071 1074 1148 humano
1090 1100 1176 1145 con·
1228 1091 1323 1148 sunt.
1367 1077 1427 1149 Sic
1442 1073 1641 1160 Theletem‚
1669 1077 1852 1149 Melonem
1877 1095 1910 1150 et
1938 1075 2130 1151 Eudoxum
2146 1107 2223 1152 eru-

183 1183 348 1258 servatio.
389 1179 483 1252 Huic
498 1181 608 1270 igitur
623 1180 752 1270 gratias
767 1201 927 1270 agamus,
954 1179 1104 1250 subinde
1119 1203 1177 1248 re-
1228 1180 1373 1251 dierunt
1393 1183 1589 1252 sacerdotes
1611 1179 1796 1276 Aegyptii,
1831 1177 2223 1264 EudoxusPlatonem.

182 1285 344 1358 stituenti
366 1285 482 1355 lucem
497 1283 760 1367 doctrinarum,
787 1295 821 1352 et
837 1303 996 1365 oremus,
1020 1305 1066 1350 ne
1083 1282 1177 1352 sinat
1228 1279 1288 1354 Sic
1302 1295 1404 1354 antea
1422 1279 1522 1354 Atlas
1538 1283 1669 1354 dicitur
1679 1279 1813 1354 Orioni
1827 1277 1920 1354 hanc
1935 1285 2137 1358 doctrinam
2154 1301 2223 1360 tra-

182 1411 259 1460 eam
283 1386 449 1481 extingui.
501 1383 590 1455 Vult
611 1399 728 1456 atatem
751 1385 796 1456 ad
812 1407 910 1454 suam
928 1384 1175 1456 liberalitatem
1228 1385 1377 1456 didisse:
1410 1387 1483 1455 imo
1507 1398 1546 1456 ut
1562 1384 1741 1472 existimo,
1766 1387 1815 1456 sic
1836 1385 2000 1480 longaevi
2022 1389 2078 1458 illi
2102 1391 2222 1481 primis

183 1489 287 1561 etiam
305 1491 470 1560 accedere
486 1487 702 1558 mediocrem
723 1487 762 1556 in
785 1487 890 1556 nobis
905 1485 1126 1576 diligentiam
1142 1497 1176 1556 et
1229 1489 1355 1558 mundi
1380 1487 1621 1582 temporibus,
1647 1485 1782 1574 Adam,
1807 1483 1928 1575 Noha,
1953 1489 2055 1576 Sem,
2084 1487 2222 1583 loseph,

182 1593 421 1664 sedulitatem:
450 1591 527 1662 vult
542 1614 618 1660 nou
633 1589 783 1660 tastidiis
799 1601 833 1658 et
849 1601 1055 1681 contemptu
1070 1588 1174 1657 abiici
1228 1591 1376 1682 posteris
1394 1587 1486 1660 hanc
1507 1589 1704 1660 doctrinam
1725 1589 1968 1674 tradiderunt,
1991 1618 2032 1662 ac
2051 1594 2221 1687 possessio

182 1717 245 1766 sua
266 1717 434 1778 munera,
468 1695 564 1786 quod
587 1692 626 1760 iu
650 1691 816 1784 parabola
839 1691 883 1760 de
912 1691 1175 1782 negotiantibus
1228 1693 1303 1764 eius
1317 1695 1355 1762 in
1371 1689 1533 1787 Aegypto
1549 1706 1686 1764 retenta
1702 1707 1753 1763 est
1767 1693 1852 1762 inde
1865 1717 1977 1790 usqne
1997 1692 2164 1788 aloseph
2181 1695 2221 1764 ad

183 1797 289 1869 etiam
320 1797 358 1866 in
390 1807 599 1886 argumento
627 1793 789 1886 graviore
814 1793 1042 1883 significatur.
1101 1791 1175 1863 Nec
1228 1793 1420 1865 Ptolemaei
1449 1809 1619 1880 aetatem,
1652 1807 1687 1866 et
1713 1795 1895 1890 aliquanto
1929 1798 2104 1889 amplius,
2147 1799 2222 1892 plus
2307 1779 2308 1786 ἵ

181 1901 334 1971 absurde
358 1899 494 1970 dictum
516 1911 568 1968 est
589 1921 609 1966 a
633 1897 780 1968 Platone
803 1895 867 1969 lib.
891 1893 928 1966 4.
955 1897 998 1966 de
1018 1896 1173 1984 legibus:
1227 1899 1369 1969 duobus
1392 1897 1552 1968 millibus
1574 1921 1764 1970 annorum.
1816 1895 1908 1967 Tam
1925 1901 1988 1968 diu
2008 1901 2175 1970 stabilem
2192 1913 2223 1969 et
2307 1901 2308 1986 3

181 1997 233 2084 ὥς
249 1993 506 2094 &adspirasti
519 1993 647 2094 καιρὸς
662 1993 709 2072 τὰ
725 1991 953 2094 ἀνθρώπινα
973 1992 1175 2094 διακυβερ-
1227 2015 1355 2071 tertam
1375 1997 1458 2070 huic
1474 2000 1657 2070 doctrinae
1671 2000 1790 2070 sedem
1805 1995 1904 2070 Deus
1920 2003 2105 2087 attribuit,
2133 2002 2224 2072 inter
2307 1989 2308 2084 l

180 2108 276 2178 ruins
291 2095 510 2198 ξύμπαντα,
536 2094 772 2197 ἡμερώτερον
784 2097 863 2195 μὴν
879 2095 1008 2197 τρίτον
1030 2101 1174 2200 ξυγχω-
1228 2103 1342 2172 varias
1372 2096 1661 2172 monarchiamm
1691 2102 1919 2177 mutationes.
1978 2101 2050 2176 Sed
2075 2127 2117 2174 ea
2141 2120 2222 2175 tunc
2307 2097 2308 2104 ἶ

180 2209 293 2303 ρῆσαι
313 2199 458 2288 τούτοις
478 2199 559 2278 δεῖν
577 2202 733 2276 ἕπεσθαι
754 2199 898 2296 τέχνην.
925 2203 1045 2274 idest:
1074 2205 1174 2278 Deus
1225 2205 1292 2275 luit
1310 2207 1578 2298 praecipuorum
1596 2199 1870 2274 monarcharum
1886 2207 2070 2296 sapientia,
2095 2221 2135 2278 ut
2153 2231 2222 2276 non

180 2310 345 2404 quidem,
370 2323 403 2378 et
421 2307 576 2387 occasio,
602 2305 761 2378 universi
777 2306 894 2398 operis
917 2327 1090 2376 summam
1109 2329 1173 2396 gu·
1226 2332 1306 2377 cum
1323 2307 1476 2392 artibus,
1502 2308 1563 2376 secl
1587 2331 1666 2376 cum
1685 2301 1847 2378 hostibus
1868 2309 1960 2378 bella
1979 2311 2135 2399 gerenda
2152 2333 2221 2378 esse

180 2413 324 2484 bernat:
351 2412 411 2480 sed
427 2425 542 2482 tamen
558 2409 731 2502 placidius
746 2421 807 2493 est,
833 2401 1036 2492 cotstedere,
1062 2422 1173 2478 artem
1226 2411 1374 2495 scirent,
1401 2423 1435 2480 et
1457 2411 1496 2477 in
1511 2410 1638 2478 mediis
1651 2409 1756 2478 bellis
1769 2409 1951 2478 literarum
1969 2412 2166 2498 domicilia,
2191 2425 2223 2480 et

179 2538 321 2610 quoque
332 2513 593 2604 adiungendam
611 2535 695 2596 esse,
720 2523 759 2582 ut
776 2511 814 2580 in
830 2509 932 2596 navi3
959 2510 1024 2598 etsi
1040 2522 1174 2602 tempe·
1226 2514 1411 2582 doctorum
1435 2525 1554 2582 coetus
1577 2525 1815 2604 protegerent.
1865 2509 1970 2581 Nunc
1993 2509 2086 2605 proh
2109 2515 2223 2598 dolor,

179 2631 250 2690 stas
263 2615 479 2700 dominatur,
505 2629 623 2686 tamen
638 2638 712 2684 non
730 2615 801 2684 sint
817 2612 925 2682 ociosi
941 2611 1100 2702 remiges,
1124 2613 1172 2681 ita
1226 2627 1374 2704 vagatur
1389 2609 1474 2684 haec
1490 2613 1661 2705 sapientia
1684 2614 1762 2684 sine
1784 2615 1946 2705 patronis
1970 2627 2003 2684 et
2030 2617 2112 2686 sine
2132 2629 2222 2685 certa

180 2733 216 2792 et
245 2743 393 2790 munera
417 2717 540 2788 divina
568 2730 772 2788 reverenter
798 2713 1030 2807 accipiamus,
1063 2727 1098 2786 et
1123 2715 1173 2784 eis
1225 2720 1324 2802 sede,
1358 2731 1398 2787 nt
1420 2716 1587 2788 interitus
1611 2711 1737 2786 harum
1760 2715 1891 2785 artium
1923 2721 2139 2788 metuendus
2169 2717 2221 2788 sit.

179 2822 335 2895 studiose
357 2821 538 2906 fruamm,
565 2842 675 2914 eaque
699 2831 844 2911 propter
865 2817 1014 2908 gloriam
1043 2813 1112 2888 Dei
1139 2831 1173 2886 et
1225 2821 1298 2892 Sed
1315 2817 1430 2890 Deum
1446 2831 1605 2888 autorem
1623 2819 1776 2898 oremu's,
1800 2841 1845 2886 ne
1861 2841 1923 2887 sua
1938 2843 2088 2890 munera
2108 2821 2222 2913 perire

179 2947 403 2998 communem
420 2923 621 3022 utilitatem,
644 2935 818 3016 quantum
833 2919 1002 2990 mediocri
1018 2919 1173 3010 diligen·
1225 2924 1327 2994 sinat.
1378 2919 1469 2992 Cum
1491 2935 1607 2991 autem
1628 2943 1764 2990 summa
1788 2933 1877 2990 esset
1899 2917 2126 2994 familiaritas
2146 2945 2222 2992 cum

178 3029 228 3100 tia
240 3047 448 3119 possumus,
475 3037 649 3106 tueamur,
675 3037 716 3094 ut
729 3021 898 3114 scripturn
916 3035 986 3092 est:
1013 3018 1092 3091 Hoc
1107 3022 1172 3092 lla-
1226 3017 1469 3104 Purbacchio‚
1497 3037 1531 3093 et
1554 3023 1694 3092 assidua
1713 3022 1970 3094 sententiarum
1989 3025 2138 3096 collatio
2157 3025 2223 3094 cir-

179 3129 323 3220 gitatur,
347 3139 388 3198 ut
402 3127 522 3196 fideles
539 3125 659 3212 simus,
681 3138 786 3220 atque
799 3119 866 3194 hac
882 3125 956 3215 ipsa
970 3125 1008 3192 in
1023 3147 1062 3192 re
1076 3119 1173 3194 hunc
1225 3128 1313 3198 citer
1327 3125 1559 3210 decennium,
1582 3125 1713 3196 multas
1728 3127 1894 3196 obscuras
1915 3127 2103 3209 materias,
2130 3141 2172 3198 ut
2186 3127 2223 3196 fit
2306 3179 2307 3186 τ

177 3229 505 3323 Regiomontanum
521 3227 719 3300 imitemur:
747 3227 804 3297 cui
823 3250 902 3296 cum
918 3223 1014 3298 Deus
1037 3226 1172 3318 ingenii
1225 3223 1336 3302 σύντε
1357 3222 1439 3300 δύω
1468 3223 1685 3324 ἀρχομένω,
1720 3228 1918 3314 illustrant,
1950 3229 2007 3298 vel
2031 3229 2223 3298 observant
2306 3297 2307 3320 ,

179 3347 215 3406 et
237 3331 397 3426 corporis
419 3331 510 3402 vires
532 3331 681 3402 discenti
704 3329 937 3414 necessarias,
969 3346 1173 3420 praecepto·
1226 3345 1364 3412 motus,
1390 3355 1431 3400 ac
1446 3325 1721 3423 deprehendunt
1733 3328 1861 3399 Martis
1882 3341 2019 3400 motum
2035 3354 2115 3400 non
2139 3353 2222 3400 cnn·
2306 3333 2307 3392 l

178 3461 254 3508 rem
268 3434 513 3520 excellentem,
534 3433 646 3504 libros
661 3431 862 3504 studiorum
876 3429 990 3502 socios
1005 3431 1172 3518 dedisset,
1224 3457 1349 3526 gruere
1364 3435 1406 3502 ad
1427 3433 1584 3518 tabulas,
1609 3433 1668 3502 sed
1686 3433 1838 3502 duorum
1864 3455 2130 3526 nonnunquam
2145 3455 2222 3522 gra-
2306 3489 2307 3538 ἦ

176 3535 242 3610 has
258 3537 459 3610 occasiones
474 3561 549 3608 non
567 3535 740 3627 neglexit,
765 3559 840 3606 non
855 3547 894 3606 ut
909 3534 1014 3605 multi
1030 3534 1092 3604 alii
1107 3559 1172 3604 vo·
1224 3541 1336 3608 duum
1359 3559 1517 3606 errorem
1538 3558 1622 3606 esse.
1684 3531 1866 3625 Incipiunt
1887 3533 1996 3623 igitur
2018 3536 2221 3606 tabularum
2306 3549 2307 3552 ’

177 3643 330 3735 luptates
347 3653 383 3712 et
396 3640 583 3732 pecuniam
598 3635 783 3730 praetulit,
808 3639 869 3708 sed
883 3635 1051 3706 omnibus
1072 3635 1171 3728 inge-
1224 3637 1520 3709 emendationem.
1548 3707 1550 3711 ,
1582 3635 1689 3708 Forte
1722 3633 1932 3720 Bessarion,
1967 3633 2222 3720 virGraecus,
2306 3653 2307 3668 ¹

178 3745 232 3816 nii
255 3755 362 3838 atque
384 3740 496 3812 animi
516 3741 654 3812 viribus
677 3741 715 3810 in
740 3734 826 3810 haec
850 3739 965 3811 studia
997 3739 1173 3824 incubuit,
1224 3741 1386 3812 doctrina
1403 3741 1594 3825 excellens,
1619 3763 1701 3810 cnm
1719 3751 1809 3809 esset
1823 3733 2044 3824 Cardinalis,
2070 3753 2159 3810 tnnc
2178 3739 2220 3808 ad

178 3846 355 3942 quaesivit
375 3845 509 3938 ubique
525 3843 701 3924 eruditos,
727 3865 880 3935 quorum
899 3839 1072 3934 sapientia
1088 3865 1171 3915 eru·
1225 3841 1444 3914 Fridericum
1467 3843 1717 3934 imperatorem
1732 3838 1884 3931 Legatos
1900 3853 1988 3912 erat.
2031 3837 2162 3910 lscum
2179 3843 2220 3908 de

179 3949 335 4022 diceturs
360 3961 395 4018 et
410 3945 586 4031 vicissim,
611 3957 785 4042 quantum
801 3942 935 4036 putuit,
961 3943 1034 4014 suis
1052 3943 1172 4036 operi·
1224 3943 1418 4016 Ptolemaei
1435 3943 1595 4014 doctrina
1612 3937 1873 4014 Purbacchium
1896 3941 2007 4013 multa
2025 3942 2219 4014 sciscitatus

157 4055 246 4124 hus
269 4065 361 4124 artes
380 4049 583 4124 illustravit.
636 4045 758 4138 Quare
777 4059 812 4118 et
829 4044 903 4118 Deo
929 4069 1072 4137 agamus
1091 4068 1172 4136 gra·
1225 4061 1325 4132 esset,
1349 4059 1384 4118 et
1400 4047 1641 4118 dexteritatem
1657 4046 1733 4116 eius
1748 4045 1786 4114 in
1801 4043 2009 4134 explicando
2026 4046 2218 4114 admirare·

177 4143 259 4242 tias,
273 4152 335 4249 qui
348 4146 436 4224 haec
450 4175 515 4223 sua
530 4173 678 4224 munera
693 4173 767 4221 nnn
783 4147 931 4219 omnino
948 4147 1062 4240 perire
1075 4148 1173 4235 sinit,
1224 4163 1301 4231 tur,
1328 4148 1453 4242 petivit
1476 4149 1522 4218 ab
1544 4173 1585 4218 eo
1595 4201 1606 4239 ,
1631 4161 1671 4219 ut
1682 4143 1875 4239 Epitomen
1900 4159 2130 4240 componeret
2146 4145 2217 4214 eins

178 4243 215 4328 et
241 4256 481 4336 voluntatem,
515 4253 758 4344 intentionem
786 4265 821 4326 et
856 4249 1105 4322 adsiduitatem
1131 4251 1169 4320 in
1223 4252 1326 4338 libri,
1352 4251 1410 4322 cui
1432 4250 1559 4322 titulus
1581 4261 1633 4320 est
1651 4242 1795 4350 μεγάλη
1819 4239 2002 4332 σύνταξις.
2062 4245 2105 4319 ld
2130 4270 2217 4340 opus

175 4357 463 4450 Regiomontano
491 4356 692 4430 laudemus=
720 4377 807 4450 quas
829 4352 940 4446 ipsius
960 4352 1110 4424 virtutes
1132 4367 1181 4425 ut·
1223 4357 1460 4445 iutermptum
1504 4364 1620 4422 morte
1657 4345 1872 4424 Purbacchii
1893 4347 2215 4442 ,Reginmontauus

176 4460 327 4557 propius
340 4458 536 4552 aspiciatis,
560 4457 687 4531 itinera
710 4457 787 4528 eius
803 4455 1012 4548 cognoscite.
1065 4453 1171 4526 Post·
1222 4455 1391 4528 absolvit:
1426 4453 1510 4550 quia
1542 4469 1584 4526 ut
1618 4453 1693 4546 ipse
1727 4467 1866 4539 narrat,
1897 4453 2095 4524 moriturus
2127 4449 2213 4522 Pur·

177 4587 286 4661 quam
307 4563 348 4634 in
368 4560 481 4654 patria
499 4557 765 4634 Grammaticeu
780 4558 924 4644 didicit,
950 4581 1039 4650 puer
1052 4553 1170 4629 adhuc
1221 4551 1409 4639 bacchius,
1449 4557 1545 4628 inter
1577 4569 1731 4627 extrema
1763 4557 1929 4626 mandata
1961 4555 1999 4624 id
2035 4555 2213 4648 petiveras.

175 4669 277 4740 venit
301 4665 342 4736 in
363 4662 592 4736 Academiam
623 4661 830 4758 Lypsicam,
866 4660 931 4732 ubi
953 4657 1169 4732 Dialecticen
1223 4659 1303 4750 Qua
1318 4661 1356 4730 in
1378 4683 1417 4728 re
1434 4659 1537 4729 valde
1557 4658 1760 4728 mirandum
1779 4671 1851 4740 est,
1873 4671 1960 4728 tuuc
1976 4657 2054 4727 sine
2071 4653 2211 4727 Graecis

176 4785 211 4844 et
225 4771 401 4842 elementa
417 4765 456 4836 in
474 4761 654 4860 sphaerica
668 4763 870 4838 avidissime
889 4761 1051 4855 arripuit.
1096 4761 1168 4834 Sed
1220 4763 1381 4834 lontibus
1398 4763 1608 4832 sententiam
1625 4783 1742 4830 enses
1765 4759 1839 4856 illis
1853 4757 2027 4830 Arabicae
2044 4757 2209 4830 versionis

175 4887 305 4948 natura
338 4871 491 4960 flagrem
520 4868 680 4940 discendi
717 4865 928 4961 cupiditate,
967 4863 1169 4960 requirebat
1220 4864 1376 4938 tenebris
1392 4887 1514 4934 eruere
1532 4861 1700 4955 potuisse.
1744 4857 1784 4932 ld
1798 4885 1882 4932 vero
1898 4861 1974 4931 lieri
1991 4881 2207 4956 nequaquam

173 4971 284 5050 huius
305 4973 417 5046 studii
441 4973 549 5042 duces
573 4995 614 5044 ac
636 4969 751 5042 socios
774 4964 1006 5062 pulcherrimi
1025 4967 1169 5049 laboris,
1218 4966 1411 5061 potuisset,
1432 4966 1501 5036 nisi
1524 4976 1670 5058 propter
1694 4988 1862 5055 magnum
1877 4985 1981 5036 nsum
2002 4963 2129 5034 intuto
2149 4961 2206 5030 illo

174 5093 210 5152 et
225 5077 401 5150 Viennam
424 5071 587 5146 audierat
605 5071 833 5167 praecipuum
858 5095 931 5142 esse
945 5069 1167 5141 domicilium
1219 5070 1349 5143 artium
1367 5069 1454 5139 orbe
1476 5068 1796 5138 demonstrationes
1816 5067 1867 5137 eis
1888 5065 2034 5148 obviae,
2059 5079 2093 5136 et
2112 5061 2208 5134 facile

174 5175 284 5252 huius
303 5171 567 5268 Philosophiae.
621 5173 742 5266 Quare
766 5174 805 5244 iu
832 5171 1015 5246 Austriam
1042 5175 1168 5244 admo-
1218 5171 1455 5267 penetrabiles
1475 5169 1635 5242 luissent.
1686 5167 1758 5242 Sed
1771 5181 1891 5240 tamen
1905 5161 1974 5238 hoc
1993 5167 2108 5262 ipsum
2123 5185 2206 5258 opus

175 5283 262 5354 dum
293 5280 495 5352 adolescens
526 5277 770 5372 proficiscitur.
829 5273 887 5346 Ibi
912 5275 1051 5344 invenit
1074 5274 1167 5346 Pur·
1217 5273 1525 5364 Regiomontanus
1547 5285 1666 5363 postea
1680 5269 1837 5351 Romae,
1862 5293 1942 5340 cum
1968 5268 2102 5340 Graece
2118 5267 2204 5336 didi-

174 5377 360 5458 bacchium
383 5379 578 5475 Bavarum,
611 5371 934 5472 ingeniosissimum
960 5377 1098 5462 virum,
1132 5374 1166 5450 e't
1218 5378 1338 5462 cisset,
1363 5389 1399 5446 et
1415 5369 1600 5446 Theonem
1618 5375 1813 5458 conterret,
1841 5359 2055 5444 emen'davit.
2082 5367 2203 5442 ¹Ertat

173 5502 284 5562 aetate
315 5509 356 5556 ac
390 5485 577 5556 autoritate
607 5485 805 5556 florentem.
866 5477 935 5550 llic
964 5479 1166 5570 complexus
1216 5477 1378 5574 Epistola
1388 5475 1666 5568 Regiomontani
1680 5475 1784 5570 plena
1799 5475 1952 5569 pietatis,
1972 5474 2011 5544 in
2026 5497 2092 5570 qna
2106 5493 2201 5566 prae·
2305 5555 2306 5562 ἵ
