4614 5820
92 195 170 324 m
653 235 814 317 onoc.
846 235 925 318 nn
956 236 1198 318 aasrwmo
1237 235 1545 316 nerscoro.
2048 245 2131 318 aas

182 413 267 488 Post
304 434 435 507 paucos
465 433 580 514 annot
607 437 692 488 sene
722 407 902 508 Episcopo
931 425 1074 488 mortuo
1123 409 1365 486 Ecclesiamm
1396 411 1713 506 tranquillitatem,
1751 413 1976 508 disciplinam
2002 431 2037 488 et
2069 421 2129 509 pia
2250 432 2253 443 ’

90 519 230 594 basilius
252 517 430 606 suffragiis
451 516 615 588 omnium
637 516 808 588 ordinum
832 529 972 590 creatur
984 511 1075 608 Epi·
1126 517 1242 588 studia
1261 516 1469 588 turbarunt:
1496 536 1585 607 quae
1603 539 1660 585 res
1678 516 1858 606 ingentem
1875 521 2038 590 dolorem
2054 517 2127 592 Bas

87 644 219 716 scopus,
245 619 394 690 minime
409 619 605 715 tranquillo
621 634 792 712 tempore.
842 617 934 708 Nam
949 633 985 690 et
1000 617 1074 690 Va-
1124 619 1207 689 silio
1230 617 1363 692 attulit.
1414 615 1484 688 Sed
1505 617 1687 711 aliquanto
1709 633 1790 710 post
1808 623 1978 694 accersito
2003 618 2125 694 Theo·

88 725 182 798 lentis
191 730 201 802 ,l
210 721 436 816 imperatoris
456 723 559 794 lumr
583 723 779 808 crescebat,
814 721 877 816 qui
899 721 1074 794 antistites
1126 722 1227 794 dosio
1255 733 1290 792 et
1310 720 1456 792 barbari
1480 720 1631 811 repressi
1655 734 1757 808 sunt,
1791 735 1826 796 et
1849 725 2034 797 restitutae
2055 721 2128 796 Ec-

88 841 170 900 recte
198 825 389 898 sentientes
416 825 548 917 passim
569 825 715 898 aedibus
737 824 810 896 suis
833 824 1006 915 pellebat,
1037 837 1074 896 et
1125 823 1269 911 clasiae,
1290 823 1384 894 bella
1407 836 1526 895 tamen
1540 817 1801 916 Episcopomm
1823 826 1986 918 regiones
2008 843 2044 900 et
2067 853 2124 898 re-

87 929 297 1023 imperatoris
321 927 458 998 rabiem
480 924 578 998 Deus
596 928 689 998 fame
712 941 746 998 et
763 926 868 998 bellis
891 925 1074 1020 puniebat,
1125 926 1224 998 ditus
1242 938 1435 1000 mutarent.
1492 927 1581 996 lude
1606 925 1711 1006 etiam
1735 929 1780 998 ad
1803 943 2001 1003 extremum
2028 930 2125 1000 rixae

88 1049 117 1106 ct
136 1043 268 1104 secutae
291 1042 376 1100 sunt
398 1030 517 1100 variae
529 1025 768 1100 Ecclesiarum
788 1029 1071 1102 dilacerationes.
1125 1053 1207 1100 cum
1228 1027 1357 1098 vicinis
1371 1024 1560 1121 Episcopis
1575 1025 1712 1100 Basilio
1737 1043 1836 1100 ortae
1859 1046 1962 1118 sunt,
1987 1033 2026 1102 in
2044 1037 2127 1128 qui-

86 1135 150 1207 Has
170 1133 329 1204 miserias
348 1132 541 1204 domestica
557 1127 734 1202 Ecclesiae
751 1131 942 1202 concordia
959 1131 1073 1202 lenie-
1125 1133 1194 1202 bus
1210 1155 1249 1202 ea
1266 1130 1512 1202 moderatione
1528 1153 1613 1200 usus
1629 1129 1815 1217 scribitur,
1840 1147 1881 1204 ut
1895 1135 2033 1208 reditus
2047 1137 2126 1206 adi-

87 1242 157 1324 bat,
177 1259 282 1330 quam
299 1235 437 1325 magnis
451 1235 578 1306 ciliciis
593 1231 747 1305 Basilius
764 1235 940 1310 tuebatur.
993 1233 1072 1304 An·
1127 1234 1176 1303 mi
1198 1233 1268 1304 sibi
1287 1255 1411 1324 passus
1435 1233 1498 1318 sit,
1524 1235 1585 1304 sed
1605 1234 1775 1338 pristinas
1789 1237 1952 1328 regiones
1968 1261 2052 1310 suae
2068 1239 2126 1310 in-

86 1364 171 1412 nona
191 1341 306 1410 laxata
329 1351 398 1424 est,
423 1337 552 1430 partim
578 1335 663 1430 quia
687 1335 876 1407 autoritate
890 1359 954 1408 sua
972 1337 1071 1406 locu·
1125 1335 1315 1427 spectionis
1337 1335 1543 1422 retinuerit,
1570 1361 1616 1406 ne
1637 1336 1688 1407 ibi
1710 1340 1873 1410 doctores
1887 1339 1995 1432 impii
2013 1341 2126 1412 collo-

88 1443 186 1536 pletes
213 1441 411 1534 permovit,
444 1453 485 1514 ut
513 1439 734 1512 frumentum
757 1438 930 1508 mediocri
954 1439 1071 1530 precio
1125 1437 1197 1509 cari
1222 1451 1376 1530 possent.
1429 1437 1527 1508 luter
1552 1451 1603 1509 tot
1626 1439 1819 1511 certamina
1844 1443 2033 1515 consenuit
2053 1441 2126 1514 Ba-

87 1545 284 1616 aenderent:
320 1539 450 1634 partim
475 1541 559 1636 quia
584 1565 625 1610 ex
646 1541 783 1610 aerario
806 1537 1005 1627 Ecclesiae,
1037 1554 1072 1612 et
1124 1541 1243 1626 silius,
1285 1565 1327 1608 ex
1357 1541 1489 1634 quibus
1521 1541 1691 1611 eluctatus
1721 1543 1908 1632 omnibus,
1951 1546 2126 1618 foeliciter

87 1645 226 1718 venditis
241 1645 397 1740 propriis
415 1645 588 1738 praediis,
614 1667 717 1736 opem
733 1643 818 1714 tulit
833 1641 1030 1735 egentibus.
1125 1642 1268 1714 llorenti
1281 1638 1439 1713 Ecclesia
1456 1642 1523 1714 sub
1537 1642 1639 1714 initia
1656 1643 1798 1735 imperii
1816 1641 2034 1735 Theodosii,
2060 1650 2124 1720 de-

177 1747 267 1820 Cum
290 1747 399 1838 igitur
412 1743 545 1819 Valens
564 1747 758 1838 imperator
778 1743 849 1816 iam
874 1745 912 1814 iu
936 1770 976 1816 ea
992 1745 1070 1816 loca
1124 1746 1227 1818 cessit
1254 1769 1296 1817 er
1326 1740 1393 1816 hac
1415 1745 1500 1818 vita.
1552 1743 1656 1816 Hanc
1678 1743 1803 1816 Basilii
1830 1743 2016 1821 historiam
2040 1775 2125 1843 par·
2250 1779 2252 1784 ¹

87 1851 233 1934 veniens,
260 1850 401 1922 iuberet
409 1851 584 1922 Basilium
602 1847 774 1920 adsentiri
782 1844 946 1934 Arianis,
969 1847 1071 1942 eique
1125 1848 1188 1918 tim
1212 1840 1253 1918 ei
1273 1847 1428 1918 aliorum
1450 1849 1695 1920 monumentis
1717 1850 1972 1942 excerpsimus,
1997 1853 2124 1948 inqua

88 1954 146 2024 nisi
166 1955 445 2044 obtemperaret,
481 1951 585 2024 exilia
610 1965 645 2023 et
667 1951 847 2044 supplicia
864 1951 1071 2022 minaretur.
1126 1949 1280 2042 primum
1304 1951 1349 2020 de
1369 1963 1538 2042 perpetua
1552 1946 1732 2021 Ecclesiae
1750 1951 2010 2042 gubernatione
2027 1956 2125 2046 cogi-

88 2055 197 2127 Pueris
230 2053 389 2152 (inquit)
426 2055 487 2124 illa
524 2054 810 2126 terriculamenta
838 2053 1070 2146 proponenda
1125 2067 1250 2128 temus.
1301 2049 1474 2122 Videmus
1497 2047 1555 2122 hic
1579 2077 1722 2147 quoque
1745 2078 1819 2125 non
1835 2050 2124 2149 humanisprae·

88 2181 168 2245 esse,
193 2159 260 2230 sibi
274 2181 361 2226 vero
377 2159 485 2228 vitam
498 2156 588 2248 eripi
604 2179 715 2248 posse,
741 2157 800 2225 sed
814 2155 1070 2231 confessionem
1124 2155 1225 2226 sidiis
1249 2167 1424 2226 servatam
1448 2177 1522 2224 esse
1538 2151 1734 2226 Ecclesiam
1757 2155 1852 2228 inter
1865 2171 1920 2230 tot
1938 2161 2123 2250 procellas,

88 2261 230 2334 veritatis
248 2259 342 2352 eripi
358 2283 433 2332 non
448 2283 561 2352 posse.
613 2257 843 2352 Fueruntque
859 2259 986 2328 diebus
1003 2256 1071 2328 ali·
1124 2257 1255 2351 quibus
1281 2271 1367 2328 tunc
1390 2271 1552 2350 quassata
1576 2271 1639 2330 est.
1699 2255 1812 2331 Multi
1835 2260 1974 2336 sorores
1995 2264 2122 2334 eodem

88 2377 162 2456 quot
181 2362 374 2436 continuae
394 2375 428 2434 et
449 2385 546 2433 aeres
562 2362 656 2433 inter
671 2359 858 2431 Valentem
876 2359 1070 2452 imperato·
1124 2374 1281 2452 tempore
1309 2361 1577 2450 grassabantur,
1613 2355 1760 2443 Ariani,
1794 2358 2021 2452 Manichaei,
2052 2362 2123 2437 Ca·

88 2487 151 2535 rem
170 2481 201 2538 et
218 2463 397 2536 Basiliam
419 2461 685 2550 contentiones,
711 2483 798 2558 quas
821 2463 964 2532 tandem
984 2462 1070 2533 illu·
1124 2457 1228 2532 thari.
1285 2457 1334 2532 Et
1358 2461 1557 2553 imperator
1571 2461 1705 2532 Valens
1733 2463 1772 2532 in
1802 2465 1990 2538 loelicibus
2012 2468 2123 2542 armis

89 2568 140 2640 stri
159 2569 319 2660 exemplo
335 2565 433 2639 Deus
448 2567 604 2638 diremit.
656 2566 747 2640 Cum
763 2565 859 2634 enim
874 2563 985 2636 iratus
1002 2563 1071 2633 im·
1123 2559 1321 2638 attrahebat
1334 2579 1454 2654 gentes
1467 2564 1670 2634 barbaricas
1685 2565 1778 2636 intra
1795 2567 1882 2638 lines
1898 2569 1951 2639 sui
1966 2570 2123 2662 imperii,

88 2686 211 2761 perator
226 2671 384 2742 venisset
399 2671 438 2739 in
455 2671 627 2762 templum
643 2687 723 2740 cum
737 2681 872 2738 armato
889 2665 1068 2753 satellitio,
1123 2681 1158 2738 et
1178 2667 1277 2738 domi
1300 2666 1521 2760 perniciosae
1544 2666 1710 2738 factionis
1727 2665 1852 2740 'studio
1870 2673 2032 2744 vastabat
2049 2669 2123 2744 Ec·

88 2771 307 2844 otBasilium
329 2773 415 2842 inde
438 2773 648 2858 abduceret,
678 2771 825 2841 eumad
846 2771 1068 2840 sacerdotum
1123 2769 1257 2844 clesias.
1324 2766 1368 2838 In
1392 2763 1449 2838 his
1472 2769 1581 2840 tantis
1606 2769 1876 2842 difficultatibus
1901 2784 2020 2844 tamen
2045 2798 2121 2844 non

88 2875 172 2944 sedes
188 2873 399 2956 accessisset,
423 2873 541 2946 subita
553 2874 689 2962 vertigo
703 2873 954 2964 imperatorem
969 2895 1070 2941 ever-
1124 2885 1176 2943 est
1194 2871 1348 2942 extincta
1371 2869 1432 2942 lux
1454 2871 1636 2942 doctrinae
1657 2873 1831 2946 coelestis.
1885 2873 2007 2965 Quare
2023 2899 2122 2950 nunc

86 2975 139 3062 tit,
162 2977 207 3048 ita
230 2991 274 3049 ut
295 2977 367 3047 nisi
383 2974 535 3047 Diaconi
550 2975 706 3069 proximi
724 2974 892 3045 manibus
905 2987 1070 3065 exceptus
1124 2998 1266 3070 quoque
1284 2974 1323 3043 in
1341 2985 1414 3044 tam
1430 2973 1524 3045 tristi
1538 2975 1747 3046 confusione
1762 2976 1996 3070 imperiorum
2013 2973 2123 3062 huius

87 3091 115 3148 et
134 3092 343 3153 sustentatos
366 3079 508 3166 luisset,
540 3079 716 3170 collapsus
738 3077 815 3147 solo
838 3100 966 3169 corpus
988 3076 1070 3146 alli·
1124 3078 1265 3163 aetatis,
1299 3099 1480 3168 speremus
1510 3089 1630 3148 tamen
1653 3074 1770 3150 Deum
1799 3093 2026 3152 servaturum
2047 3104 2122 3152 esse

87 3201 176 3252 surus
192 3181 314 3255 luerit.
366 3179 541 3252 Tremens
560 3181 670 3272 igitur
685 3191 719 3250 et
735 3179 908 3250 attonitus
923 3203 964 3247 ex
979 3191 1070 3250 tem·
1124 3181 1196 3250 lilio
1227 3175 1502 3265 haereditatem,
1533 3175 1710 3250 Ecclesiae
1741 3182 1908 3254 videlicet
1935 3196 1969 3255 et
2000 3183 2123 3256 litera-

87 3282 137 3372 plo
155 3306 174 3354 a
193 3283 369 3354 ministris
385 3283 547 3354 effertur:
574 3297 615 3354 ut
628 3279 848 3352 Heliodorus
862 3280 995 3351 dicitur
1009 3303 1070 3350 su·
1124 3307 1202 3352 rum
1224 3306 1264 3352 ac
1286 3282 1469 3352 doctrinae
1491 3283 1684 3355 domicilia.
1737 3281 1865 3354 Basilii
1881 3308 1967 3356 vero
1983 3286 2123 3357 foelici-

87 3383 148 3456 bita
168 3385 454 3458 consternatione
474 3381 663 3478 oppressus
678 3407 771 3468 esse,
797 3407 881 3456 cum
896 3381 1069 3476 templum
1124 3398 1230 3456 tatem
1253 3383 1515 3474 praedicemus,
1541 3383 1604 3476 qui
1624 3385 1789 3456 extentis
1805 3386 2121 3458 lluctibuselucta-

88 3483 118 3556 iu
132 3489 215 3558 urbe
230 3487 481 3582 Hierosolyma
496 3488 713 3580 spoliaturus
727 3499 827 3558 esset.
1119 3503 1198 3567 tur,
1231 3485 1328 3555 salva
1359 3487 1445 3554 navi
1465 3509 1528 3555 sua
1552 3487 1591 3554 in
1614 3499 1756 3578 portum
1778 3490 1959 3580 pervenit:
1993 3490 2030 3560 id
2056 3503 2120 3575 est,

173 3589 251 3662 Hoc
277 3591 437 3681 exemplo
461 3589 725 3684 aliquantulum
746 3609 903 3680 repressa
924 3601 977 3659 est
997 3584 1070 3658 Va·
1124 3587 1269 3660 retinuit
1287 3587 1382 3678 piam
1396 3581 1574 3657 Ecclesiae
1590 3589 1836 3674 concordiam,
1863 3592 1981 3684 quoad
1998 3591 2098 3665 vixit.

88 3690 178 3764 lentis
191 3691 390 3764 iracundia.
424 3690 493 3763 Sed
508 3693 711 3764 discedente
723 3690 946 3782 imperatore,
966 3713 1070 3778 prae-
1222 3687 1386 3783 Cumque
1407 3685 1486 3760 Deo
1507 3689 1637 3781 gratias
1657 3713 1818 3782 agemus,
1842 3683 1941 3786 quod
1966 3695 2119 3766 subinde

86 3793 183 3865 lectus
206 3797 362 3866 edictum
386 3795 655 3886 proscriptionis
671 3794 896 3884 pronunciat.
947 3787 1068 3862 Etiam
1124 3793 1293 3864 salutares
1315 3794 1479 3862 doctores
1498 3793 1641 3864 excitat:
1668 3795 1712 3863 de
1732 3795 1839 3866 nobis
1861 3795 1966 3887 ipsis,
1991 3798 2036 3868 de
2052 3821 2120 3868 no·

87 3897 124 3966 ad
136 3897 197 3968 iter
212 3897 334 3968 omnia
352 3911 535 3990 paraverat
545 3893 710 3966 Basilius.
751 3893 848 3964 Tum
862 3919 945 3964 vcro
961 3895 1070 3965 beno-
1122 3910 1196 3968 stro
1227 3918 1353 3982 cursu,
1385 3895 1429 3965 de
1461 3896 1592 3966 nostris
1611 3897 1750 3974 ,studiis
1772 3922 1857 3968 vero
1881 3921 1961 3968 cnm
1985 3899 2119 3989 gemitu

87 3999 225 4070 volentia
249 3996 430 4070 Ecclesiae
454 4022 534 4088 erga
559 3993 776 4090 Episcopum
804 4010 984 4090 perspecta
1006 4011 1069 4084 est,
1122 4000 1333 4090 cogitemus,
1364 4022 1406 4068 ac
1425 4012 1507 4068 vota
1529 3999 1716 4085 satiamus,
1748 4013 1789 4070 ut
1807 3996 1904 4070 Deus
1925 4024 1991 4072 nos
2013 4002 2118 4073 faciat

88 4123 165 4192 quae
178 4125 392 4194 concurrens
408 4101 584 4191 flagitavit
598 4125 679 4171 eum
696 4099 764 4170 sibi
784 4099 906 4186 reddi,
933 4123 973 4168 ac
988 4099 1069 4170 eiici
1121 4099 1287 4174 salutaria
1312 4123 1447 4190 organa
1462 4097 1639 4191 Reipub,
1668 4125 1730 4170 seu
1745 4115 1786 4173 ut
1802 4102 1962 4198 loquitur
1974 4101 2119 4189 Paulus,

87 4198 250 4291 prohibet.
304 4202 409 4274 Metu
423 4203 532 4294 igitur
546 4217 722 4298 tyrannus
738 4215 897 4288 coactus,
922 4201 1069 4294 permit·
1123 4227 1203 4274 vasa
1220 4202 1502 4284 misericordiae,
1526 4227 1591 4274 nec
1603 4203 1815 4286 abiiciamus
1827 4205 1921 4274 inter
1936 4229 2015 4276 vasa
2032 4205 2118 4286 irae,

88 4303 123 4373 tit
144 4321 179 4378 ut
195 4306 349 4378 Basilius
372 4319 523 4380 maneat.
575 4305 647 4375 Nec
670 4305 787 4377 multo
808 4317 886 4398 post
909 4327 989 4374 cum
1012 4305 1070 4374 in·
1121 4304 1240 4399 qualia
1262 4305 1409 4375 luerunt
1424 4300 1585 4389 Pharao,
1609 4303 1724 4391 Nero,
1752 4305 1901 4392 Valens,
1927 4303 2064 4395 Arius,
2078 4323 2118 4380 et

86 4405 245 4480 foeliciter
268 4433 348 4478 cum
376 4403 523 4480 Gotthis
548 4408 771 4494 dimicasset,
796 4431 903 4501 seque
925 4407 964 4476 in
986 4407 1069 4496 iuga
1120 4405 1182 4477 alii
1210 4406 1510 4487 innumerabiles,
1543 4408 1607 4498 qui
1636 4409 1782 4480 luerunt
1806 4423 1921 4501 pestes
1937 4406 2117 4482 Ecclesiae
2200 4409 2205 4418 “

87 4505 119 4574 in
141 4535 248 4581 casam
274 4511 441 4582 rusticam
465 4509 675 4597 abdidisset,
700 4533 777 4580 casa
802 4507 1069 4604 asequentibus
1121 4524 1155 4581 et
1174 4501 1314 4599 generis
1335 4505 1496 4580 humani.
1547 4507 1820 4604 Haecquotidie
1839 4537 2064 4603 magnacura
2082 4529 2117 4586 et
2240 4529 2243 4535 '

87 4610 247 4684 militibus
263 4613 425 4700 incensa,
450 4613 502 4685 ibi
519 4613 724 4684 combustus
739 4612 857 4705 periit.
910 4609 1068 4681 Hicexi-
1120 4611 1364 4683 sollicitudine
1383 4612 1568 4702 cogitanda
1591 4627 1685 4688 sunt.
1737 4612 1900 4686 Recitavi
1920 4630 2116 4706 resgestas,

87 4721 135 4781 tus
163 4715 227 4787 luit
258 4715 421 4812 tyranni,
454 4716 514 4810 qui
547 4715 626 4808 pios
650 4716 811 4812 doctores
836 4738 877 4784 ex
898 4709 1068 4784 Ecclesiis
1120 4716 1158 4784 in
1173 4715 1304 4808 quibus
1321 4727 1357 4785 et
1371 4737 1480 4806 genus
1497 4715 1679 4785 doctrinae
1691 4717 1925 4808 conspicitur,
1951 4733 1986 4790 et
1996 4719 2116 4790 lucent

87 4817 203 4902 passim
227 4819 393 4904 eiecerat,
420 4833 453 4888 et
473 4820 543 4890 late
563 4815 739 4889 Arianum
762 4817 859 4887 virus
883 4829 1066 4908 sparserat.
1119 4815 1246 4888 Basilii
1274 4815 1423 4888 virtutes
1453 4818 1604 4902 multae,
1638 4819 1683 4888 dc
1705 4819 1839 4913 quibus
1858 4821 2032 4912 prolixius
2058 4822 2116 4890 di-

87 4909 312 4991 lletiouerant
340 4935 459 4992 tamen
488 4921 528 4990 iu
546 4921 668 4992 'allicio
692 4932 727 4991 ct
752 4917 911 5002 veritatis
932 4918 1068 5008 proles-
1118 4943 1254 5005 eerem,
1285 4919 1316 4988 si
1349 4932 1487 5012 tempus
1516 4933 1707 5013 pateretur.
1776 4919 1900 5006 Fides,
1943 4937 2117 5015 quaeest

89 5016 175 5092 sione
198 5045 362 5114 maguam
387 5020 494 5094 Asiae
519 5037 677 5115 partem,
718 5036 759 5095 ut
780 5021 873 5104 dixi,
910 5018 1067 5092 Basilius
1118 5021 1279 5093 omnium
1302 5021 1475 5095 virtutum
1497 5037 1630 5110 mater,
1663 5023 1702 5093 in
1726 5045 1853 5114 genere
1876 5025 2058 5096 doctrinae
2082 5041 2117 5098 et

88 5131 116 5188 et
141 5125 245 5195 vicini
266 5123 437 5218 Episcopi
468 5127 578 5218 ipsius
601 5125 747 5207 iratres,
779 5119 816 5196 et
834 5122 898 5194 alii
920 5123 1067 5218 quidam
1118 5124 1315 5196 constantia
1352 5124 1584 5196 confessionis
1613 5127 1780 5198 cernitur.
1854 5121 1990 5198 Extant·
2019 5129 2115 5198 enim

89 5225 265 5298 coniuncti.
574 5259 577 5268 ·
775 5231 777 5236 ‘
1117 5227 1248 5320 scripta
1279 5226 1426 5312 basilii,
1465 5253 1556 5322 quae
1588 5251 1670 5299 cum
1698 5229 1827 5301 multas
1857 5232 2116 5303 controversias

175 5327 258 5402 Post
281 5331 426 5427 tyranni
448 5329 632 5402 interitum
655 5329 802 5422 impune
815 5342 888 5401 tota
903 5323 988 5401 Asia
1006 5353 1068 5400 va·
1117 5329 1324 5421 dogmatum
1352 5331 1577 5418 contineant,
1610 5333 1806 5404 ostendunt
1836 5345 1929 5404 recte
1959 5357 2040 5404 eum
2070 5335 2115 5405 de

89 5428 149 5515 rati
168 5446 248 5504 sunt
264 5431 441 5506 barbarici
459 5433 646 5521 exercitus,
671 5455 826 5530 quornm
842 5444 941 5504 arma
961 5431 1067 5506 etiam
1117 5433 1286 5506 omnibus
1305 5431 1465 5507 articulis
1482 5432 1669 5528 Evangelii
1692 5435 1851 5508 ausisse.
1901 5433 2113 5532 Propugna-
