4688 5826
205 279 281 358 ιιι
883 235 1051 351 nucu?
1078 271 1173 350 nu
1207 271 1580 356 uenturam
1644 339 1645 342 γ
2179 263 2256 354 ιιι·

206 447 336 529 biliam
351 413 455 546 saepe
475 439 630 523 cledi'um
645 445 729 518 'nou
743 466 819 519 uno
833 447 871 524 iu
888 447 966 518 loco
983 439 1069 521 tales
1083 439 1204 520 bomi-
1251 447 1379 520 mittit:
1413 447 1464 520 ita
1486 449 1552 520 ubi
1582 435 1746 522 homines
1764 451 1831 522 illa
1861 433 2046 522 barbarica
2061 435 2249 543 'beluaudi

207 577 272 629 nes
288 551 498 649 Rebuspub.
527 564 668 622 autores
696 551 855 654 luerunt.
914 548 996 620 llias
1025 552 1203 624 malorum
1252 551 1678 654 consuetudinedevinctl
1695 553 1812 624 bsrere
1829 565 2039 647 coeperamt,
2064 555 2249 626 duratille

206 669 330 732 manet
353 679 411 728 eas
428 654 604 735 civitates,
629 673 720 746 quae
742 665 827 723 saint
842 653 910 724 sub
933 665 1069 724 rectore
1084 667 1200 726 temu-
1252 653 1354 723 furor
1375 653 1481 722 etiam
1504 677 1585 724 cerm
1610 676 1684 724 nun
1709 669 1792 727 sunt
1815 657 1910 747 poti,
1936 667 1971 727 et
1989 657 2103 726 iidem·
2113 655 2250 727 rabiosi

207 753 318 836 leuto.
377 755 597 832 Rectaenim
612 752 702 826 Cato
724 754 831 838 dixit,
859 775 933 825 uno
949 767 1111 847 excepto,
1137 779 1203 828 nc·
1252 779 1292 824 ac
1315 747 1512 826 turbulenti
1535 769 1654 826 motus
1672 757 1711 826 in
1733 759 1862 828 animis
1879 769 2047 848 manent,
2064 759 2251 831 sentiunt-

193 862 340 934 ·minem
361 881 519 956 uuquam
545 859 589 926 ad
605 858 830 926 evertendam
848 854 1025 947 Rempub.
1041 858 1201 929 sobrium
1252 879 1321 950 que
1335 881 1376 927 ac
1390 847 1653 930 debacchantur
1665 860 1775 929 sobrii
1783 861 2087 958 -pariteracpot'i,
2110 885 2179 931 nec
2193 862 2250 954 la-

209 963 412 1049 accessisse3
442 960 502 1030 vix
517 959 613 1028 urim
629 959 703 1028 ulla
719 955 879 1048 Respub.
898 958 959 1027 diu
976 959 1087 1044 stetit,
1112 983 1203 1054 quae
1252 959 1320 1029 cile
1342 955 1455 1048 possis
1475 959 1692 1046 discernere,
1717 985 1931 1058 quancunque
1947 972 2107 1056 tempore
2125 964 2166 1033 in
2189 987 2251 1034 ρος

161 1115 166 1134 ·
208 1065 430 1139 ebriosorum
456 1062 605 1132 consilio
628 1073 723 1152 gesta
746 1074 814 1145 est3
849 1060 908 1130 rix
936 1061 1009 1133 ralla
1034 1061 1204 1146 concidit,
1253 1060 1409 1140 incidas,
1436 1073 1557 1132 utrum
1577 1061 1753 1150 biberint,
1781 1087 1906 1135 necne.
1973 1092 1977 1103 ·

208 1191 314 1264 quam
330 1189 404 1236 non
422 1164 553 1234 ebriosi
572 1162 780 1247 everterint;
807 1163 865 1230 vix
882 1156 954 1231 nlla
979 1187 1055 1232 non
1070 1164 1203 1242 lloruit,
1355 1161 1487 1233 Seneca
1510 1164 1664 1252 graviter
1685 1191 1726 1236 ac
1747 1189 1830 1236 vere
1850 1167 1958 1253 dixit,
1991 1167 2264 1260 consuetudine,

209 1267 450 1370 qrraeasiccis
465 1291 505 1334 ac
520 1265 648 1336 sobriis
661 1257 870 1333 bominibus
884 1265 1202 1336 administraretur.
1253 1265 1413 1334 insaniae
1438 1266 1564 1335 durata
1585 1266 1672 1337 vitia
1705 1269 1790 1338 vinu
1815 1283 2002 1361 concepta,
2038 1271 2145 1341 etiam
2171 1271 2252 1339 sine

207 1375 293 1447 Non
307 1369 418 1463 igitur
431 1367 547 1460 potuit
555 1362 714 1437 Achilles
730 1369 822 1456 apud
833 1362 1031 1436 Humerum
1048 1367 1205 1438 atrocius
1253 1359 1338 1436 vino
1362 1367 1491 1440 valere.
1551 1363 1599 1438 Et
1618 1381 1759 1441 sanctus
1782 1369 1914 1440 Paulus
1935 1373 2033 1444 iubet
2054 1394 2119 1442 nos
2136 1371 2268 1443 vitare‘

209 1474 406 1549 convitium
424 1473 553 1560 ignavo
569 1491 609 1538 ac
629 1490 759 1537 vesano
773 1465 864 1557 Regi
880 1469 1014 1553 dicere,
1041 1493 1147 1564 quarn
1164 1481 1204 1538 ut
1254 1470 1478 1549 ebrietatem,
1506 1483 1691 1560 propterea
1716 1473 1810 1566 quod
1832 1473 1870 1542 in
1888 1497 1925 1542 ea
1947 1473 2036 1546 insit
2054 1475 2184 1557 asotia,
2211 1474 2250 1542 id

207 1577 443 1650 temulentum
468 1593 549 1642 eum
576 1584 735 1652 vocaret,
766 1565 1074 1662 hocunoprobro
1098 1571 1199 1666 quid·
1253 1585 1324 1649 est,
1367 1571 1439 1639 vita
1471 1571 1639 1642 immanis
1666 1595 1707 1643 ac
1730 1573 1894 1660 beluina,
1934 1572 2002 1646 Dei
2034 1577 2167 1668 pariter
2194 1592 2253 1648 ιη.

208 1681 295 1783 quid
312 1689 388 1748 etat
400 1673 690 1764 gravissimorum
704 1670 920 1760 flagitiorum
941 1674 1127 1766 complecti
1150 1674 1204 1740 vi·
1253 1697 1322 1767 qne
1345 1665 1532 1744 bominem
1559 1673 1750 1769 omnisque
1775 1672 1971 1748 honestatis
2002 1678 2253 1770 contemptrix.

207 1805 278 1856 sus.
328 1778 422 1850 Nam
444 1778 483 1846 in
508 1776 638 1868 quibus
655 1769 722 1842 ltoc
743 1773 870 1842 vitium
894 1775 1029 1844 radices
1045 1777 1133 1865 egit,
1160 1777 1204 1844 cle
1254 1773 1407 1864 Qualem
1423 1769 1491 1844 hoc
1511 1797 1622 1864 genus
1643 1771 1830 1855 bantinum
1848 1781 2015 1872 lurcones
2026 1795 2061 1852 et
2078 1777 2256 1852 beluoucs

207 1879 282 1956 illis
302 1875 396 1950 nihil
416 1892 468 1948 est
488 1878 585 1973 quod
609 1877 676 1944 tibi
694 1875 893 1966 pollicearis
918 1889 979 1946 aut
994 1901 1109 1968 speres
1126 1901 1204 1947 mo·
1253 1879 1379 1965 degere
1403 1869 1582 1962 videmus,
1614 1879 1676 1972 qui
1701 1875 1795 1949 nibil
1821 1883 1917 1972 pensi
1939 1877 2089 1968 babent,
2116 1883 2185 1953 uisi
2209 1900 2255 1955 ut

207 1981 322 2058 derati
358 1981 504 2052 bonive:
538 1991 623 2048 sunt
652 1972 816 2046 horrsines
848 1978 1015 2048 omuibus
1044 1981 1204 2072 partibus
1253 1979 1437 2050 totosslies
1461 1993 1652 2073 rsoctesque
1676 1995 1882 2076 perpulerit,
1910 1985 2158 2078 quibus‘mens
2174 1987 2255 2078 ipsa

208 2089 283 2162 suis
299 2107 339 2157 ac
359 2081 530 2152 membris
555 2077 657 2149 lracti
683 2082 930 2170 corruptique,
958 2083 1058 2150 omni
1077 2103 1205 2170 genere
1255 2096 1289 2150 ct
1310 2081 1401 2150 ratio
1421 2103 1616 2174 omnesque
1632 2105 1755 2153 sensus
1778 2085 1910 2156 seilicet
1927 2081 2106 2158 beluando
2121 2103 2257 2180 potan-

208 2185 444 2282 turpitudinis
468 2197 501 2252 et
521 2181 739 2272 flagitiorum
764 2182 1007 2254 contaminati.
1062 2183 1203 2276 Aquam
1254 2185 1373 2276 doque
1403 2183 1523 2252 obruti
1556 2197 1663 2284 atque
1685 2185 1938 2277 obstupefacti,
1977 2213 2161 2283 nunquam
2195 2217 2257 2260 re-

208 2311 234 2364 e*
248 2289 389 2386 pumice
413 2280 528 2378 pelas,
553 2285 583 2353 si
604 2283 793 2352 consilium
815 2285 925 2354 abeis
943 2285 1015 2354 nlla
1033 2285 1070 2354 in
1088 2309 1127 2355 re
1144 2295 1206 2355 aut
1256 2287 1366 2356 deuut
1388 2287 1443 2353 ad·
1459 2305 1550 2368 sese,
1581 2307 1766 2380 nunqnam
1790 2289 1947 2378 rogitant
1967 2292 2102 2384 aliquid
2120 2292 2256 2361 serium

209 2390 435 2488 prudentiam
466 2385 638 2480 requiras.
700 2382 890 2472 Quomodo
916 2388 1012 2454 enisu
1044 2387 1204 2456 animum
1255 2400 1317 2456 aut
1332 2386 1478 2472 dignum
1495 2379 1656 2480 homine,
1684 2391 1744 2458 sed
1761 2393 1855 2482 qnod
1873 2393 1910 2459 in
1926 2393 1988 2484 tali
2006 2394 2076 2464 vita
2093 2391 2167 2463 fieri
2187 2417 2258 2463 ne.

211 2487 404 2568 incendere
414 2485 562 2581 possunt
576 2489 619 2556 ad
631 2485 786 2579 aliquam
803 2487 930 2556 seriam
947 2487 1207 2577 cogitationem,
1256 2511 1349 2558 cesse
1365 2501 1436 2571 est,
1462 2487 1513 2557 sio
1535 2490 1578 2556 ed
1604 2490 1722 2560 omnis
1746 2494 1885 2581 generis
1904 2493 2158 2566 immanissima
2176 2521 2258 2566 see.

211 2589 274 2694 qni
296 2597 357 2666 illa
381 2605 547 2686 perpetua
578 2585 782 2658 beluatione
810 2603 967 2682 potuque
991 2591 1131 2680 penitus
1152 2613 1206 2658 se-
1257 2591 1329 2660 lera
1354 2603 1532 2680 prortnrnt
1556 2579 1647 2673 sese,
1679 2594 1780 2686 quasi
1799 2597 1935 2663 nemini
1958 2599 2153 2692 quidquam
2171 2615 2258 2692 post

209 2699 303 2795 palti
317 2709 403 2767 sunt
423 2691 464 2763 ac'
485 2689 659 2762 demersi?
708 2687 901 2782 Nunquam
922 2691 977 2760 illi
991 2707 1051 2762 aut
1066 2691 1207 2762 rarissi—
1256 2715 1293 2764 se
1318 2692 1584 2785 reliquissem
1607 2695 1809 2767 statuerim,
1867 2695 1950 2767 No„
1973 2701 2042 2768 iam
2066 2701 2180 2768 dicam
2208 2705 2259 2771 de

209 2825 269 2874 me
297 2797 604 2891 expergiscuntur,
644 2791 756 2862 sobrii
780 2804 873 2861 certe
903 2817 1087 2888 rstsuquam
1113 2808 1207 2878 stant,
1256 2793 1497 2885 turpitudine,
1545 2816 1635 2876 quae
1670 2793 1708 2866 in
1742 2797 1902 2890 ipsorum
1935 2801 2120 2893 convivii,
2144 2804 2255 2872 ,qiam

210 2906 414 2977 etiamtum
430 2921 505 2967 non
520 2909 603 2966 sunt
619 2893 713 2985 poti,
738 2905 857 2963 tamen
873 2893 926 2963 illi
945 2897 1070 2966 furiosi
1089 2909 1208 2990 motus
1257 2909 1398 2986 regnat,
1432 2917 1507 2964 non
1528 2899 1573 2965 de
1591 2897 1737 2968 furiosis
1760 2901 1976 2974 clamoribus
1998 2927 2140 2990 eorum,
2169 2905 2259 2999 qui.

209 3007 297 3086 elno
314 2998 475 3092 concepti
491 2993 699 3076 et'excitati,
727 2989 844 3066 adbuc
860 2995 899 3064 in
920 2998 970 3067 eis
991 3011 1207 3069 exaestuant.
1257 3000 1324 3068 bus
1345 2998 1479 3088 plateae
1509 2991 1600 3067 totas
1628 3011 1748 3070 noctes
1772 3019 1980 3093 personant:
2019 3001 2105 3076 haec
2134 3007 2259 3079 adbuc

211 3109 316 3181 Plato
341 3106 381 3173 in
406 3099 555 3193 epistola
579 3099 731 3192 quadam
757 3099 801 3166 ad
827 3094 954 3169 Dionis
977 3101 1209 3192 propinquos,
1258 3101 1358 3170 initia
1375 3113 1458 3168 sum
1475 3099 1605 3174 luroris
1619 3103 1765 3196 etquasi
1787 3105 1922 3195 primae
1936 3109 1981 3176 ad
2000 3131 2257 3204 paroxysmnm

132 3217 139 3224 ”
212 3201 258 3282 de
276 3231 337 3278 sua
356 3206 395 3274 in
413 3202 572 3274 Siciliam
590 3198 874 3292 peregrinatione
894 3202 940 3270 ita
958 3203 1097 3272 scribit:
1124 3201 1207 3290 Quo
1258 3201 1482 3272 accessiones.
1539 3199 1730 3274 lunumera
1750 3206 1819 3276 alia
1838 3209 2260 3297 etgraviorauobisila-

119 3343 122 3350 .
213 3333 295 3384 cum
308 3302 502 3386 eruissem,
528 3301 664 3395 inquit,
697 3299 985 3388 vitaillabeata,
1012 3305 1208 3398 quaesere·
1258 3304 1342 3392 gitia
1359 3325 1399 3372 ex
1417 3299 1484 3372 hac
1499 3303 1596 3374 lerna
1614 3321 1825 3398 erumpunt,
1850 3323 1956 3403 atque
1971 3313 2109 3382 utinam
2128 3313 2258 3383 gnum

212 3418 338 3496 batur,
371 3408 475 3500 plena
502 3404 701 3474 ltalicarum
722 3399 1209 3499 Syracusanartamquemen-
1259 3402 1446 3476 hominum
1483 3406 1587 3475 furor
1615 3431 1876 3504 nonnunquam
1913 3413 2017 3482 etiam
2055 3411 2257 3485 Ecclesiam

215 3524 355 3597 aarum,
377 3507 480 3580 nullo
497 3510 604 3578 medo
626 3499 715 3574 mibi
739 3505 890 3596 placuit,
914 3507 1023 3578 bisin
1040 3509 1098 3578 die
1114 3522 1210 3578 satu·
1259 3531 1333 3578 non
1348 3508 1594 3594 conturbaret,
1621 3507 2106 3602 etReip.n0neseetex;130,

214 3609 296 3692 rum
322 3614 418 3697 fieri,
453 3631 691 3702 necunquam
709 3622 916 3700 pernoctare
933 3611 1067 3695 solnm,
1097 3623 1209 3684 caete·
1360 3607 1560 3703 Cambysen
1584 3609 1670 3706 Cyri
1692 3613 1804 3682 lilium
1825 3617 1973 3686 tradunt
1996 3620 2041 3686 ab
2071 3613 2137 3689 hac
2161 3619 2260 3692 furi,

214 3733 325 3816 raqtm
349 3713 671 3808 qnaeeumitantur
694 3703 780 3779 huic
795 3709 908 3792 vitae,
934 3713 971 3780 in
988 3737 1055 3806 qua
1071 3713 1212 3804 sapiens
1261 3707 1430 3802 agitatum
1461 3711 1587 3791 fuisse,
1629 3735 1734 3806 quem
1761 3739 1840 3784 cum
1871 3714 2060 3810 Praxaspes
2089 3701 2260 3794 stuatsex

215 3814 323 3895 nemo
339 3815 490 3888 eflicitur
503 3835 679 3906 unquam,
698 3813 902 3881 moderatus
916 3837 999 3882 vero
1014 3815 1128 3884 multo
1143 3815 1212 3883 mi·
1260 3813 1487 3904 Principibus
1510 3826 1543 3882 et
1559 3814 1715 3903 paternis
1733 3809 2034 3891 amicicamanuc
2048 3845 2088 3892 ac
2103 3805 2263 3895 lideliter

217 3947 298 3998 nus.
354 3917 466 4007 Negat
489 3915 590 3984 Plato
618 3911 714 4003 gigni
742 3913 949 4004 sapientiam
981 3915 1020 3983 in
1042 3915 1086 3984 iis
1104 3915 1212 4014 locis,
1261 3917 1489 3997 admoneret,
1514 3916 1611 4007 quud
1627 3897 1745 3986 Persis
1763 3919 1824 3988 illa
1842 3921 1918 3989 eins
1939 3925 2151 4014 perpotandi
2168 3951 2261 3995 con.

216 4021 462 4100 ubiltomines
484 4018 541 4087 bis
564 4017 601 4084 in
626 4015 683 4084 dic
707 4014 817 4084 saturi
838 4016 949 4084 liant?
999 4014 1096 4106 Quid
1123 4017 1153 4086 si
1168 4019 1211 4087 ad
1261 4017 1411 4088 suetudo
1434 4015 1653 4106 displiceret,
1688 4018 1790 4092 iussit
1816 4022 1891 4114 ipse
1914 4019 2099 4118 Principes
2123 4048 2264 4100 convo-

219 4123 459 4205 nos'veniret,
485 4145 524 4188 ac
539 4120 675 4188 videret
694 4111 856 4186 homiues
870 4141 942 4186 non
962 4141 1024 4209 per
1043 4119 1214 4188 interval·
1262 4119 1353 4202 cari,
1378 4131 1412 4188 et
1435 4117 1691 4208 interrogabat,
1725 4137 1845 4192 rttnsm
1862 4125 1997 4219 aliquid
2023 4127 2061 4196 in
2078 4151 2131 4210 se,
2157 4137 2260 4224 qnod

218 4233 254 4302 la
285 4229 341 4299 bis
373 4240 434 4296 aut
461 4221 601 4316 saepius
625 4221 663 4288 in
688 4219 747 4287 die
772 4233 927 4303 scituros,
957 4224 1016 4290 sed
1046 4235 1213 4316 perpetua
1262 4213 1582 4311 reprehenderent,
1618 4215 1805 4296 baberent:
1840 4227 1895 4296 illi
1919 4243 2015 4300 metu
2040 4233 2264 4320 mussabant,

221 4333 374 4429 quadam
409 4325 553 4417 crapula
594 4322 749 4413 sinuque
790 4322 978 4402 distentos,
1029 4345 1214 4417 nunquam
1263 4345 1328 4392 nec
1343 4333 1415 4392 erat
1435 4321 1529 4391 inter
1551 4347 1610 4394 eos
1636 4325 1699 4419 qui
1721 4321 1789 4398 hoc
1804 4323 1930 4401 bulcus
1945 4344 2087 4420 tangere
2100 4313 2263 4416 auderet,

220 4436 380 4521 ieiunos,
414 4428 583 4504 siccosve,
616 4423 753 4492 sobrios
778 4425 985 4517 nunquam?
1029 4438 1105 4495 tum
1131 4449 1214 4494 vero
1264 4423 1353 4519 quin
1371 4424 1477 4515 pleno
1494 4449 1555 4494 ore
1570 4425 1762 4500 laudabant
1778 4455 1877 4510 eum,
1904 4445 1938 4502 et
1961 4435 2049 4521 patri
2067 4431 2172 4506 etiam
2188 4434 2263 4532 Cy.

220 4541 328 4626 longe
345 4533 390 4602 ab
407 4526 463 4600 bis
478 4529 566 4598 locis
581 4525 789 4617 sapientiam
808 4527 940 4617 pariter
954 4551 993 4594 ac
1006 4527 1215 4597 modestiam
1264 4551 1304 4596 ro
1323 4525 1565 4618 praeferebant
1582 4527 1752 4623 plerique.
1806 4531 1948 4620 Quibus
1965 4535 2131 4605 laudibus
2151 4538 2263 4608 infla.

222 4640 364 4712 exulare
386 4634 533 4702 diceret:
563 4627 693 4698 Nullus
713 4629 807 4696 euim
831 4629 1040 4714 modestiae,
1065 4643 1132 4699 aut
1149 4631 1214 4700 ulli
1264 4643 1321 4698 tus
1341 4624 1419 4698 Rex
1441 4621 1639 4720 Prexaspen
1655 4633 1770 4702 sulum
1793 4633 1922 4705 accersi
1938 4637 2055 4722 iubet,
2080 4637 2201 4732 Atque
2220 4659 2265 4713 ut

221 4738 348 4812 virtuti
374 4738 472 4806 locus
494 4754 566 4801 esse
590 4743 704 4822 potest
726 4731 765 4798 in
782 4729 848 4800 ista
865 4731 1052 4824 plusquam
1071 4732 1215 4802 beluina
1265 4730 1386 4798 videre
1416 4729 1547 4820 possis,
1578 4732 1713 4826 inquit,
1741 4759 1798 4805 me
1829 4738 1931 4807 etiam
1955 4752 2099 4828 potum,
2138 4757 2264 4813 tamen

222 4841 359 4914 ventris
377 4834 533 4926 ingluvie
548 4857 587 4900 ac
605 4831 696 4902 vitae
712 4832 890 4900 foeditate.
944 4831 1216 4904 lnduunteuim
1264 4827 1394 4900 mentis
1417 4845 1614 4922 compotem
1636 4859 1729 4916 esse,
1761 4832 1869 4907 bodie
1894 4841 1956 4909 ubi
1975 4841 2105 4932 largius
2120 4844 2264 4926 bibero,

221 4944 388 5018 homiues
413 4963 455 5009 cx
477 4934 545 5005 boc
569 4933 713 5003 vivendi
736 4959 834 5002 more
856 4935 1009 5004 furiosus
1031 4949 1217 5030 vastosque
1266 4935 1365 5003 sistes
1387 4927 1478 5001 mihi
1499 4935 1612 5006 lilium
1637 4948 1738 5006 tuum
1762 4940 1936 5010 minorem
1965 4957 2052 5014 „3111
2068 4944 2107 5012 qn
2121 4945 2265 5017 forqbus

222 5069 358 5129 mures,
392 5037 518 5112 et‘tota
541 5051 667 5107 natura
691 5037 899 5120 efferantur,
928 5061 966 5106 ea
990 5061 1157 5107 sensuum
1177 5061 1218 5107 ac
1266 5035 1466 5118 coenaculi,
1505 5037 1544 5104 in
1570 5059 1651 5105 cum
1678 5061 1759 5110 cum
1789 5063 1873 5112 arcu
1905 5045 2064 5133 sagittam
2098 5047 2268 5135 emisero,

221 5147 449 5238 ingeniorum
474 5141 593 5211 feritas
614 5138 744 5206 deinde
758 5138 862 5208 etiam
885 5139 924 5208 in
940 5139 1071 5209 sobriis
1086 5153 1217 5212 manet.
1266 5139 1334 5206 nisi
1362 5138 1478 5226 ipsum
1513 5139 1613 5227 pueri
1639 5163 1702 5210 eor
1727 5143 1977 5230 vulneravero,
2017 5159 2093 5217 tum
2129 5161 2178 5238 tn¹
2205 5175 2267 5222 me

223 5252 324 5324 Sicut
346 5248 442 5318 enim
466 5267 546 5314 cum
579 5239 733 5332 cuipiam
762 5239 799 5308 in
827 5240 901 5309 sole
929 5244 1082 5313 versanti
1114 5255 1218 5333 capnt
1267 5241 1447 5309 ebriosum
1473 5253 1577 5332 atque
1601 5241 1766 5313 insanum
1791 5247 1960 5321 iudicato.
2011 5246 2121 5319 'Haec
2147 5252 2194 5322 ita
2223 5269 2268 5324 ut

158 5405 164 5412 -
222 5352 338 5445 coepit
353 5349 492 5431 dolere,
516 5343 579 5414 ubi
592 5339 725 5416 'iterum
739 5341 949 5412 inumbr‘am
963 5345 1089 5429 rediit,
1114 5346 1218 5414 dolor
1267 5343 1356 5411 dixit
1386 5342 1476 5410 facta
1499 5356 1600 5426 sunt,
1623 5335 1717 5414 'nans
1742 5363 1821 5438 post
1849 5343 1975 5418 horam
1995 5375 2145 5438 coenae,
2179 5379 2265 5426 cum

223 5471 361 5538 tamen,
394 5471 500 5543 quem
523 5446 621 5516 calor
641 5444 741 5529 iecit,
774 5458 914 5544 manet,
946 5469 1012 5516 nec
1027 5447 1144 5516 statim
1161 5469 1219 5514 re·
1241 5487 1244 5515 2
1267 5445 1403 5534 largius,
1428 5443 1497 5511 iam
1523 5445 1706 5524 inuitasset
1729 5472 1820 5530 sese,
1853 5475 2003 5544 puerum
2020 5454 2149 5525 adduci
2166 5457 2266 5527 sisti-
