<?xml version="1.0" encoding="UTF-8"?>
<!DOCTYPE html PUBLIC "-//W3C//DTD XHTML 1.0 Transitional//EN"
    "http://www.w3.org/TR/xhtml1/DTD/xhtml1-transitional.dtd">
<html xmlns="http://www.w3.org/1999/xhtml" xml:lang="en" lang="en">
 <head>
  <title>
</title>
<meta http-equiv="Content-Type" content="text/html;charset=utf-8" />
  <meta name='ocr-system' content='tesseract 3.04.00' />
  <meta name='ocr-capabilities' content='ocr_page ocr_carea ocr_par ocr_line ocrx_word'/>
</head>
<body>
  <div class='ocr_page' id='page_1' title='image "./corpusreformato23melagoog/corpusreformato23melagoog_0154.png"; bbox 0 0 4688 5826; ppageno 0'>
   <div class='ocr_carea' id='block_1_1' title="bbox 26 2957 28 3035">
    <p class='ocr_par' dir='ltr' id='par_1_1' title="bbox 26 2957 28 3035">
     <span class='ocr_line' id='line_1_1' title="bbox 26 2957 28 3000; baseline 0 0"><span class='ocrx_word' id='word_1_1' title='bbox 26 2957 28 3000; x_wconf 84' lang='lat' dir='ltr'>t</span> 
     </span>
     <span class='ocr_line' id='line_1_2' title="bbox 26 3001 28 3035; baseline 0 0"><span class='ocrx_word' id='word_1_2' title='bbox 26 3001 28 3035; x_wconf 88' lang='lat' dir='ltr'>t</span> 
     </span>
    </p>
   </div>
   <div class='ocr_carea' id='block_1_2' title="bbox 27 3057 1015 3155">
    <p class='ocr_par' dir='ltr' id='par_1_2' title="bbox 27 3057 1015 3155">
     <span class='ocr_line' id='line_1_3' title="bbox 27 3057 1015 3155; baseline 0.013 -29"><span class='ocrx_word' id='word_1_3' title='bbox 27 3089 28 3112; x_wconf 48' lang='grc' dir='ltr'><strong>ι</strong></span> <span class='ocrx_word' id='word_1_4' title='bbox 64 3057 254 3155; x_wconf 80' lang='lat' dir='ltr'>boemanos,</span> <span class='ocrx_word' id='word_1_5' title='bbox 278 3071 341 3137; x_wconf 92' lang='lat' dir='ltr'>sed</span> <span class='ocrx_word' id='word_1_6' title='bbox 361 3081 401 3140; x_wconf 92' lang='lat' dir='ltr'>ut</span> <span class='ocrx_word' id='word_1_7' title='bbox 414 3069 694 3140; x_wconf 88' lang='lat' dir='ltr'>adolescentibus</span> <span class='ocrx_word' id='word_1_8' title='bbox 711 3072 954 3152; x_wconf 81' lang='lat' dir='ltr'><strong>consulerent,</strong></span> <span class='ocrx_word' id='word_1_9' title='bbox 981 3083 1015 3139; x_wconf 92' lang='lat' dir='ltr'>et</span> 
     </span>
    </p>
   </div>
   <div class='ocr_carea' id='block_1_3' title="bbox 54 259 2061 400">
    <p class='ocr_par' dir='ltr' id='par_1_3' title="bbox 54 259 2061 400">
     <span class='ocr_line' id='line_1_4' title="bbox 54 259 2061 400; baseline -0.008 -2"><span class='ocrx_word' id='word_1_10' title='bbox 54 319 115 400; x_wconf 79' lang='lat' dir='ltr'>us</span> <span class='ocrx_word' id='word_1_11' title='bbox 478 307 647 388; x_wconf 78' lang='lat' dir='ltr'>nucu</span> <span class='ocrx_word' id='word_1_12' title='bbox 677 261 1002 387; x_wconf 75' lang='lat' dir='ltr'>uzu&#39;auaur.</span> <span class='ocrx_word' id='word_1_13' title='bbox 1032 259 1599 385; x_wconf 80' lang='lat' dir='ltr'>tuaurruuurtcuu.</span> <span class='ocrx_word' id='word_1_14' title='bbox 1984 304 2061 382; x_wconf 80' lang='lat' dir='ltr'>ess</span> 
     </span>
    </p>
   </div>
   <div class='ocr_carea' id='block_1_4' title="bbox 63 444 2060 678">
    <p class='ocr_par' dir='ltr' id='par_1_4' title="bbox 63 444 2060 678">
     <span class='ocr_line' id='line_1_5' title="bbox 63 444 2060 584; baseline -0.008 -18"><span class='ocrx_word' id='word_1_15' title='bbox 63 444 111 566; x_wconf 64' lang='lat' dir='ltr'>ltt=</span> <span class='ocrx_word' id='word_1_16' title='bbox 130 485 393 564; x_wconf 70' lang='lat' dir='ltr'>cartarum</span> <span class='ocrx_word' id='word_1_17' title='bbox 428 481 624 579; x_wconf 61' lang='lat' dir='ltr'>pateretis</span> <span class='ocrx_word' id='word_1_18' title='bbox 661 483 999 584; x_wconf 75' lang='lat' dir='ltr'>Georgil&#39;lo&#39;ct-</span> <span class='ocrx_word' id='word_1_19' title='bbox 1072 485 1217 574; x_wconf 79' lang='lat' dir='ltr'>arrogo,</span> <span class='ocrx_word' id='word_1_20' title='bbox 1248 494 1369 553; x_wconf 91' lang='lat' dir='ltr'>tamen</span> <span class='ocrx_word' id='word_1_21' title='bbox 1392 503 1432 550; x_wconf 89' lang='lat' dir='ltr'>ea</span> <span class='ocrx_word' id='word_1_22' title='bbox 1454 479 1524 550; x_wconf 92' lang='lat' dir='ltr'>lide</span> <span class='ocrx_word' id='word_1_23' title='bbox 1546 491 1581 551; x_wconf 91' lang='lat' dir='ltr'>ct</span> <span class='ocrx_word' id='word_1_24' title='bbox 1602 476 1787 570; x_wconf 78' lang='lat' dir='ltr'>diligentia</span> <span class='ocrx_word' id='word_1_25' title='bbox 1812 480 1950 552; x_wconf 91' lang='lat' dir='ltr'>tradam</span> <span class='ocrx_word' id='word_1_26' title='bbox 1972 474 2060 552; x_wconf 89' lang='lat' dir='ltr'>baec</span> 
     </span>
     <span class='ocr_line' id='line_1_6' title="bbox 321 581 2059 678; baseline -0.007 -14"><span class='ocrx_word' id='word_1_27' title='bbox 321 587 466 664; x_wconf 76' lang='lat' dir='ltr'>citimi</span> <span class='ocrx_word' id='word_1_28' title='bbox 502 585 707 664; x_wconf 67' lang='lat' dir='ltr'>abactor.</span> <span class='ocrx_word' id='word_1_29' title='bbox 1071 597 1275 678; x_wconf 91' lang='lat' dir='ltr'>praecepta,</span> <span class='ocrx_word' id='word_1_30' title='bbox 1307 597 1349 655; x_wconf 92' lang='lat' dir='ltr'>ut</span> <span class='ocrx_word' id='word_1_31' title='bbox 1373 605 1529 676; x_wconf 82' lang='lat' dir='ltr'>sperem,</span> <span class='ocrx_word' id='word_1_32' title='bbox 1559 605 1661 674; x_wconf 88' lang='lat' dir='ltr'>posse</span> <span class='ocrx_word' id='word_1_33' title='bbox 1693 581 1830 676; x_wconf 80' lang='lat' dir='ltr'>percipi</span> <span class='ocrx_word' id='word_1_34' title='bbox 1861 595 1967 676; x_wconf 91' lang='lat' dir='ltr'>atque</span> <span class='ocrx_word' id='word_1_35' title='bbox 2000 583 2059 653; x_wconf 91' lang='lat' dir='ltr'>in-</span> 
     </span>
    </p>
   </div>
   <div class='ocr_carea' id='block_1_5' title="bbox 54 683 1196 831">
    <p class='ocr_par' dir='ltr' id='par_1_5' title="bbox 54 683 1196 831">
     <span class='ocr_line' id='line_1_7' title="bbox 54 683 1196 831; baseline -0.036 -18"><span class='ocrx_word' id='word_1_36' title='bbox 54 727 138 812; x_wconf 81' lang='lat' dir='ltr'>Duxi</span> <span class='ocrx_word' id='word_1_37' title='bbox 153 733 255 806; x_wconf 86' lang='lat' dir='ltr'>vobis</span> <span class='ocrx_word' id='word_1_38' title='bbox 266 724 378 808; x_wconf 73' lang='lat' dir='ltr'>initio</span> <span class='ocrx_word' id='word_1_39' title='bbox 388 737 636 828; x_wconf 81' lang='lat' dir='ltr'>exponendam</span> <span class='ocrx_word' id='word_1_40' title='bbox 652 739 725 808; x_wconf 90' lang='lat' dir='ltr'>e&#39;sse</span> <span class='ocrx_word' id='word_1_41' title='bbox 740 757 893 816; x_wconf 89' lang='lat' dir='ltr'>causam,</span> <span class='ocrx_word' id='word_1_42' title='bbox 910 755 1020 831; x_wconf 87' lang='lat' dir='ltr'>quare</span> <span class='ocrx_word' id='word_1_43' title='bbox 1071 683 1196 774; x_wconf 50' lang='lat' dir='ltr'>“¹¹⁵8ss</span> 
     </span>
    </p>
   </div>
   <div class='ocr_carea' id='block_1_6' title="bbox 56 837 1020 1634">
    <p class='ocr_par' dir='ltr' id='par_1_6' title="bbox 56 837 1020 1634">
     <span class='ocr_line' id='line_1_8' title="bbox 56 837 1020 934; baseline -0.004 -24"><span class='ocrx_word' id='word_1_44' title='bbox 56 837 174 934; x_wconf 88' lang='lat' dir='ltr'>publice</span> <span class='ocrx_word' id='word_1_45' title='bbox 196 840 322 910; x_wconf 90' lang='lat' dir='ltr'>docere</span> <span class='ocrx_word' id='word_1_46' title='bbox 346 837 536 931; x_wconf 89' lang='lat' dir='ltr'>incipiam,</span> <span class='ocrx_word' id='word_1_47' title='bbox 571 838 724 934; x_wconf 89' lang='lat' dir='ltr'>nequis</span> <span class='ocrx_word' id='word_1_48' title='bbox 756 837 929 932; x_wconf 80' lang='lat' dir='ltr'>existimet</span> <span class='ocrx_word' id='word_1_49' title='bbox 962 859 1020 906; x_wconf 90' lang='lat' dir='ltr'>me</span> 
     </span>
     <span class='ocr_line' id='line_1_9' title="bbox 56 933 1018 1032; baseline -0.001 -21"><span class='ocrx_word' id='word_1_50' title='bbox 56 965 117 1011; x_wconf 90' lang='lat' dir='ltr'>neo</span> <span class='ocrx_word' id='word_1_51' title='bbox 129 939 272 1010; x_wconf 91' lang='lat' dir='ltr'>consilio</span> <span class='ocrx_word' id='word_1_52' title='bbox 286 940 513 1032; x_wconf 90' lang='lat' dir='ltr'>impudenter</span> <span class='ocrx_word' id='word_1_53' title='bbox 527 939 567 1011; x_wconf 91' lang='lat' dir='ltr'>in</span> <span class='ocrx_word' id='word_1_54' title='bbox 582 935 650 1012; x_wconf 86' lang='lat' dir='ltr'>boc</span> <span class='ocrx_word' id='word_1_55' title='bbox 668 933 844 1010; x_wconf 91' lang='lat' dir='ltr'>theatrum</span> <span class='ocrx_word' id='word_1_56' title='bbox 861 938 1018 1029; x_wconf 83' lang='lat' dir='ltr'>prodire.</span> 
     </span>
     <span class='ocr_line' id='line_1_10' title="bbox 56 1033 1020 1142; baseline -0.002 -28"><span class='ocrx_word' id='word_1_57' title='bbox 56 1039 115 1134; x_wconf 83' lang='lat' dir='ltr'>Ego</span> <span class='ocrx_word' id='word_1_58' title='bbox 131 1041 219 1110; x_wconf 92' lang='lat' dir='ltr'>enim</span> <span class='ocrx_word' id='word_1_59' title='bbox 236 1066 316 1112; x_wconf 92' lang='lat' dir='ltr'>cum</span> <span class='ocrx_word' id='word_1_60' title='bbox 333 1053 365 1114; x_wconf 90' lang='lat' dir='ltr'>et</span> <span class='ocrx_word' id='word_1_61' title='bbox 388 1053 514 1112; x_wconf 90' lang='lat' dir='ltr'>natura</span> <span class='ocrx_word' id='word_1_62' title='bbox 531 1041 597 1112; x_wconf 92' lang='lat' dir='ltr'>sim</span> <span class='ocrx_word' id='word_1_63' title='bbox 613 1040 792 1142; x_wconf 84' lang='lat' dir='ltr'>timidior,</span> <span class='ocrx_word' id='word_1_64' title='bbox 815 1053 849 1112; x_wconf 83' lang='lat' dir='ltr'>ct</span> <span class='ocrx_word' id='word_1_65' title='bbox 873 1033 938 1112; x_wconf 90' lang='lat' dir='ltr'>bas</span> <span class='ocrx_word' id='word_1_66' title='bbox 960 1064 1020 1112; x_wconf 86' lang='lat' dir='ltr'>ar-</span> 
     </span>
     <span class='ocr_line' id='line_1_11' title="bbox 57 1141 1019 1238; baseline -0.003 -23"><span class='ocrx_word' id='word_1_67' title='bbox 57 1159 95 1215; x_wconf 91' lang='lat' dir='ltr'>tes</span> <span class='ocrx_word' id='word_1_68' title='bbox 107 1143 246 1212; x_wconf 83' lang='lat' dir='ltr'>maxime</span> <span class='ocrx_word' id='word_1_69' title='bbox 260 1145 392 1228; x_wconf 89' lang='lat' dir='ltr'>colam,</span> <span class='ocrx_word' id='word_1_70' title='bbox 418 1167 508 1238; x_wconf 90' lang='lat' dir='ltr'>quae</span> <span class='ocrx_word' id='word_1_71' title='bbox 526 1157 646 1216; x_wconf 92' lang='lat' dir='ltr'>amant</span> <span class='ocrx_word' id='word_1_72' title='bbox 669 1141 834 1228; x_wconf 90' lang='lat' dir='ltr'>latebras,</span> <span class='ocrx_word' id='word_1_73' title='bbox 856 1165 921 1213; x_wconf 93' lang='lat' dir='ltr'>nec</span> <span class='ocrx_word' id='word_1_74' title='bbox 943 1165 1019 1212; x_wconf 87' lang='lat' dir='ltr'>me·</span> 
     </span>
     <span class='ocr_line' id='line_1_12' title="bbox 57 1243 1019 1336; baseline -0.003 -21"><span class='ocrx_word' id='word_1_75' title='bbox 57 1257 156 1316; x_wconf 87' lang='lat' dir='ltr'>rentur</span> <span class='ocrx_word' id='word_1_76' title='bbox 185 1243 329 1336; x_wconf 88' lang='lat' dir='ltr'>plausus</span> <span class='ocrx_word' id='word_1_77' title='bbox 359 1245 398 1314; x_wconf 89' lang='lat' dir='ltr'>iu</span> <span class='ocrx_word' id='word_1_78' title='bbox 432 1245 556 1335; x_wconf 90' lang='lat' dir='ltr'>vulgo;</span> <span class='ocrx_word' id='word_1_79' title='bbox 592 1245 723 1314; x_wconf 89' lang='lat' dir='ltr'>deinde</span> <span class='ocrx_word' id='word_1_80' title='bbox 757 1267 838 1314; x_wconf 89' lang='lat' dir='ltr'>cum</span> <span class='ocrx_word' id='word_1_81' title='bbox 865 1244 1019 1332; x_wconf 89' lang='lat' dir='ltr'>videam,</span> 
     </span>
     <span class='ocr_line' id='line_1_13' title="bbox 57 1343 1017 1440; baseline -0.002 -24"><span class='ocrx_word' id='word_1_82' title='bbox 57 1359 162 1440; x_wconf 88' lang='lat' dir='ltr'>quanta</span> <span class='ocrx_word' id='word_1_83' title='bbox 185 1345 323 1416; x_wconf 93' lang='lat' dir='ltr'>sitnon</span> <span class='ocrx_word' id='word_1_84' title='bbox 350 1347 464 1418; x_wconf 89' lang='lat' dir='ltr'>solum</span> <span class='ocrx_word' id='word_1_85' title='bbox 490 1347 657 1418; x_wconf 90' lang='lat' dir='ltr'>scientiae</span> <span class='ocrx_word' id='word_1_86' title='bbox 680 1345 800 1436; x_wconf 88' lang='lat' dir='ltr'>copia,</span> <span class='ocrx_word' id='word_1_87' title='bbox 825 1345 888 1415; x_wconf 86' lang='lat' dir='ltr'>sed</span> <span class='ocrx_word' id='word_1_88' title='bbox 912 1343 1017 1416; x_wconf 90' lang='lat' dir='ltr'>etiam</span> 
     </span>
     <span class='ocr_line' id='line_1_14' title="bbox 57 1447 1018 1540; baseline 0 -24"><span class='ocrx_word' id='word_1_89' title='bbox 57 1448 232 1518; x_wconf 77' lang='lat' dir='ltr'>dexteritate</span> <span class='ocrx_word' id='word_1_90' title='bbox 265 1461 300 1519; x_wconf 90' lang='lat' dir='ltr'>et</span> <span class='ocrx_word' id='word_1_91' title='bbox 331 1447 519 1520; x_wconf 80' lang='lat' dir='ltr'>foelicitate</span> <span class='ocrx_word' id='word_1_92' title='bbox 543 1447 678 1540; x_wconf 89' lang='lat' dir='ltr'>ingenii</span> <span class='ocrx_word' id='word_1_93' title='bbox 711 1468 820 1539; x_wconf 91' lang='lat' dir='ltr'>opus,</span> <span class='ocrx_word' id='word_1_94' title='bbox 858 1470 1018 1538; x_wconf 88' lang='lat' dir='ltr'>praeser-</span> 
     </span>
     <span class='ocr_line' id='line_1_15' title="bbox 57 1543 1017 1634; baseline 0 -16"><span class='ocrx_word' id='word_1_95' title='bbox 57 1549 105 1618; x_wconf 88' lang='lat' dir='ltr'>tim</span> <span class='ocrx_word' id='word_1_96' title='bbox 120 1549 152 1618; x_wconf 94' lang='lat' dir='ltr'>in</span> <span class='ocrx_word' id='word_1_97' title='bbox 165 1543 219 1617; x_wconf 91' lang='lat' dir='ltr'>his</span> <span class='ocrx_word' id='word_1_98' title='bbox 231 1550 423 1620; x_wconf 80' lang='lat' dir='ltr'>subtilibus</span> <span class='ocrx_word' id='word_1_99' title='bbox 442 1551 579 1622; x_wconf 90' lang='lat' dir='ltr'>artibus</span> <span class='ocrx_word' id='word_1_100' title='bbox 594 1549 795 1634; x_wconf 78' lang='lat' dir='ltr'>tradendis,</span> <span class='ocrx_word' id='word_1_101' title='bbox 819 1545 909 1618; x_wconf 92' lang='lat' dir='ltr'>mihi</span> <span class='ocrx_word' id='word_1_102' title='bbox 932 1572 1017 1618; x_wconf 92' lang='lat' dir='ltr'>vero</span> 
     </span>
    </p>
   </div>
   <div class='ocr_carea' id='block_1_7' title="bbox 1069 782 2060 1572">
    <p class='ocr_par' dir='ltr' id='par_1_7' title="bbox 1069 782 2060 1572">
     <span class='ocr_line' id='line_1_16' title="bbox 1145 782 2058 880; baseline -0.005 -22"><span class='ocrx_word' id='word_1_103' title='bbox 1145 784 1306 880; x_wconf 83' lang='lat' dir='ltr'>Exposui</span> <span class='ocrx_word' id='word_1_104' title='bbox 1314 809 1466 870; x_wconf 89' lang='lat' dir='ltr'>causam,</span> <span class='ocrx_word' id='word_1_105' title='bbox 1481 809 1589 880; x_wconf 90' lang='lat' dir='ltr'>quare</span> <span class='ocrx_word' id='word_1_106' title='bbox 1605 783 1644 854; x_wconf 94' lang='lat' dir='ltr'>in</span> <span class='ocrx_word' id='word_1_107' title='bbox 1659 785 1840 877; x_wconf 92' lang='lat' dir='ltr'>publicum</span> <span class='ocrx_word' id='word_1_108' title='bbox 1849 782 2058 878; x_wconf 89' lang='lat' dir='ltr'>prodierim,</span> 
     </span>
     <span class='ocr_line' id='line_1_17' title="bbox 1070 887 2057 984; baseline 0 -26"><span class='ocrx_word' id='word_1_109' title='bbox 1070 911 1162 984; x_wconf 91' lang='lat' dir='ltr'>quae</span> <span class='ocrx_word' id='word_1_110' title='bbox 1188 914 1263 976; x_wconf 89' lang='lat' dir='ltr'>me,</span> <span class='ocrx_word' id='word_1_111' title='bbox 1287 901 1329 960; x_wconf 92' lang='lat' dir='ltr'>ut</span> <span class='ocrx_word' id='word_1_112' title='bbox 1349 911 1474 981; x_wconf 90' lang='lat' dir='ltr'>spero,</span> <span class='ocrx_word' id='word_1_113' title='bbox 1498 887 1698 980; x_wconf 73' lang='lat' dir='ltr'>suspicione</span> <span class='ocrx_word' id='word_1_114' title='bbox 1717 888 1938 978; x_wconf 74' lang='lat' dir='ltr'>arrogantiae</span> <span class='ocrx_word' id='word_1_115' title='bbox 1960 887 2057 978; x_wconf 91' lang='lat' dir='ltr'>apud</span> 
     </span>
     <span class='ocr_line' id='line_1_18' title="bbox 1070 987 2056 1063; baseline -0.002 -3"><span class='ocrx_word' id='word_1_116' title='bbox 1070 991 1185 1061; x_wconf 91' lang='lat' dir='ltr'>bonos</span> <span class='ocrx_word' id='word_1_117' title='bbox 1201 1003 1235 1062; x_wconf 91' lang='lat' dir='ltr'>et</span> <span class='ocrx_word' id='word_1_118' title='bbox 1250 989 1427 1062; x_wconf 88' lang='lat' dir='ltr'>studiosos</span> <span class='ocrx_word' id='word_1_119' title='bbox 1444 989 1622 1063; x_wconf 84' lang='lat' dir='ltr'>liberabit.</span> <span class='ocrx_word' id='word_1_120' title='bbox 1673 987 1776 1059; x_wconf 87' lang='lat' dir='ltr'>Nunc</span> <span class='ocrx_word' id='word_1_121' title='bbox 1793 989 1908 1060; x_wconf 89' lang='lat' dir='ltr'>dicam</span> <span class='ocrx_word' id='word_1_122' title='bbox 1918 989 1961 1058; x_wconf 92' lang='lat' dir='ltr'>de</span> <span class='ocrx_word' id='word_1_123' title='bbox 1976 1010 2056 1058; x_wconf 90' lang='lat' dir='ltr'>meo</span> 
     </span>
     <span class='ocr_line' id='line_1_19' title="bbox 1069 1089 2058 1183; baseline -0.004 -21"><span class='ocrx_word' id='word_1_124' title='bbox 1069 1092 1237 1174; x_wconf 88' lang='lat' dir='ltr'>consilio,</span> <span class='ocrx_word' id='word_1_125' title='bbox 1263 1092 1318 1162; x_wconf 88' lang='lat' dir='ltr'>vel</span> <span class='ocrx_word' id='word_1_126' title='bbox 1347 1091 1464 1183; x_wconf 89' lang='lat' dir='ltr'>potius</span> <span class='ocrx_word' id='word_1_127' title='bbox 1486 1091 1530 1160; x_wconf 92' lang='lat' dir='ltr'>de</span> <span class='ocrx_word' id='word_1_128' title='bbox 1549 1089 1721 1162; x_wconf 90' lang='lat' dir='ltr'>sententia</span> <span class='ocrx_word' id='word_1_129' title='bbox 1736 1104 1940 1162; x_wconf 90' lang='lat' dir='ltr'>nostrorum</span> <span class='ocrx_word' id='word_1_130' title='bbox 1955 1111 2058 1179; x_wconf 90' lang='lat' dir='ltr'>prae-</span> 
     </span>
     <span class='ocr_line' id='line_1_20' title="bbox 1070 1186 2057 1286; baseline -0.001 -23"><span class='ocrx_word' id='word_1_131' title='bbox 1070 1207 1263 1286; x_wconf 88' lang='lat' dir='ltr'>ceptorum.</span> <span class='ocrx_word' id='word_1_132' title='bbox 1314 1191 1364 1264; x_wconf 91' lang='lat' dir='ltr'>Hi</span> <span class='ocrx_word' id='word_1_133' title='bbox 1380 1186 1471 1262; x_wconf 92' lang='lat' dir='ltr'>mihi</span> <span class='ocrx_word' id='word_1_134' title='bbox 1491 1193 1744 1276; x_wconf 79' lang='lat' dir='ltr'>iniunxerunt,</span> <span class='ocrx_word' id='word_1_135' title='bbox 1767 1206 1809 1264; x_wconf 92' lang='lat' dir='ltr'>ut</span> <span class='ocrx_word' id='word_1_136' title='bbox 1822 1193 1958 1264; x_wconf 91' lang='lat' dir='ltr'>tradam</span> <span class='ocrx_word' id='word_1_137' title='bbox 1985 1189 2057 1262; x_wconf 89' lang='lat' dir='ltr'>ele-</span> 
     </span>
     <span class='ocr_line' id='line_1_21' title="bbox 1069 1289 2058 1388; baseline -0.002 -24"><span class='ocrx_word' id='word_1_138' title='bbox 1069 1311 1187 1369; x_wconf 89' lang='lat' dir='ltr'>menta</span> <span class='ocrx_word' id='word_1_139' title='bbox 1214 1289 1465 1366; x_wconf 86' lang='lat' dir='ltr'>Aritbmetices</span> <span class='ocrx_word' id='word_1_140' title='bbox 1487 1307 1522 1366; x_wconf 92' lang='lat' dir='ltr'>et</span> <span class='ocrx_word' id='word_1_141' title='bbox 1546 1292 1790 1380; x_wconf 87' lang='lat' dir='ltr'>Geometriae,</span> <span class='ocrx_word' id='word_1_142' title='bbox 1815 1307 1849 1366; x_wconf 91' lang='lat' dir='ltr'>et</span> <span class='ocrx_word' id='word_1_143' title='bbox 1869 1293 1965 1388; x_wconf 91' lang='lat' dir='ltr'>quod</span> <span class='ocrx_word' id='word_1_144' title='bbox 1992 1315 2058 1362; x_wconf 91' lang='lat' dir='ltr'>na·</span> 
     </span>
     <span class='ocr_line' id='line_1_22' title="bbox 1070 1393 2059 1486; baseline -0.004 -18"><span class='ocrx_word' id='word_1_145' title='bbox 1070 1410 1148 1468; x_wconf 90' lang='lat' dir='ltr'>tura</span> <span class='ocrx_word' id='word_1_146' title='bbox 1173 1393 1300 1466; x_wconf 89' lang='lat' dir='ltr'>barum</span> <span class='ocrx_word' id='word_1_147' title='bbox 1324 1397 1454 1467; x_wconf 75' lang='lat' dir='ltr'>ardeam</span> <span class='ocrx_word' id='word_1_148' title='bbox 1477 1397 1653 1486; x_wconf 90' lang='lat' dir='ltr'>postulat,</span> <span class='ocrx_word' id='word_1_149' title='bbox 1683 1393 1826 1466; x_wconf 92' lang='lat' dir='ltr'>initium</span> <span class='ocrx_word' id='word_1_150' title='bbox 1853 1393 1978 1466; x_wconf 83' lang='lat' dir='ltr'>faciam</span> <span class='ocrx_word' id='word_1_151' title='bbox 2013 1394 2059 1464; x_wconf 92' lang='lat' dir='ltr'>ab</span> 
     </span>
     <span class='ocr_line' id='line_1_23' title="bbox 1069 1493 2060 1572; baseline -0.005 -3"><span class='ocrx_word' id='word_1_152' title='bbox 1069 1493 1315 1572; x_wconf 84' lang='lat' dir='ltr'>Aritbmetica.</span> <span class='ocrx_word' id='word_1_153' title='bbox 1365 1494 1511 1568; x_wconf 87' lang='lat' dir='ltr'>Utinam</span> <span class='ocrx_word' id='word_1_154' title='bbox 1526 1511 1643 1568; x_wconf 88' lang='lat' dir='ltr'>autem</span> <span class='ocrx_word' id='word_1_155' title='bbox 1659 1509 1694 1566; x_wconf 91' lang='lat' dir='ltr'>et</span> <span class='ocrx_word' id='word_1_156' title='bbox 1715 1496 1902 1568; x_wconf 88' lang='lat' dir='ltr'>autoritate</span> <span class='ocrx_word' id='word_1_157' title='bbox 1928 1511 1963 1566; x_wconf 94' lang='lat' dir='ltr'>et</span> <span class='ocrx_word' id='word_1_158' title='bbox 1984 1496 2060 1565; x_wconf 89' lang='lat' dir='ltr'>elo-</span> 
     </span>
    </p>
   </div>
   <div class='ocr_carea' id='block_1_8' title="bbox 58 1591 2058 1740">
    <p class='ocr_par' dir='ltr' id='par_1_8' title="bbox 58 1591 2058 1740">
     <span class='ocr_line' id='line_1_24' title="bbox 58 1591 2058 1740; baseline -0.013 -22"><span class='ocrx_word' id='word_1_159' title='bbox 58 1649 189 1719; x_wconf 90' lang='lat' dir='ltr'>conscius</span> <span class='ocrx_word' id='word_1_160' title='bbox 202 1651 269 1738; x_wconf 86' lang='lat' dir='ltr'>sim</span> <span class='ocrx_word' id='word_1_161' title='bbox 287 1675 385 1722; x_wconf 87' lang='lat' dir='ltr'>meae</span> <span class='ocrx_word' id='word_1_162' title='bbox 399 1651 667 1740; x_wconf 87' lang='lat' dir='ltr'>imbecillitatis,</span> <span class='ocrx_word' id='word_1_163' title='bbox 682 1675 757 1720; x_wconf 90' lang='lat' dir='ltr'>non</span> <span class='ocrx_word' id='word_1_164' title='bbox 772 1650 904 1720; x_wconf 89' lang='lat' dir='ltr'>ambivi</span> <span class='ocrx_word' id='word_1_165' title='bbox 921 1645 1018 1720; x_wconf 91' lang='lat' dir='ltr'>bunc</span> <span class='ocrx_word' id='word_1_166' title='bbox 1070 1600 1213 1693; x_wconf 53' lang='lat' dir='ltr'>quem</span> <span class='ocrx_word' id='word_1_167' title='bbox 1228 1613 1366 1670; x_wconf 51' lang='lat' dir='ltr'>&#39;mlum</span> <span class='ocrx_word' id='word_1_168' title='bbox 1384 1599 1557 1684; x_wconf 33' lang='grc' dir='ltr'>γύψῳ</span> <span class='ocrx_word' id='word_1_169' title='bbox 1579 1611 1619 1669; x_wconf 64' lang='lat'>⁰²</span> <span class='ocrx_word' id='word_1_170' title='bbox 1634 1599 1676 1667; x_wconf 61' lang='lat' dir='ltr'>ad</span> <span class='ocrx_word' id='word_1_171' title='bbox 1695 1591 1821 1669; x_wconf 64' lang='lat' dir='ltr'>hfflm</span> <span class='ocrx_word' id='word_1_172' title='bbox 1838 1597 1968 1668; x_wconf 63' lang='lat' dir='ltr'>”llum</span> <span class='ocrx_word' id='word_1_173' title='bbox 1982 1611 2058 1668; x_wconf 72' lang='lat'><strong>⁸¹¹¹·</strong></span> 
     </span>
    </p>
   </div>
   <div class='ocr_carea' id='block_1_9' title="bbox 58 1699 2058 1894">
    <p class='ocr_par' dir='ltr' id='par_1_9' title="bbox 58 1699 2058 1894">
     <span class='ocr_line' id='line_1_25' title="bbox 58 1699 2058 1821; baseline -0.015 -24"><span class='ocrx_word' id='word_1_174' title='bbox 58 1751 148 1818; x_wconf 60' lang='lat' dir='ltr'><strong>locum</strong></span> <span class='ocrx_word' id='word_1_175' title='bbox 196 1751 259 1821; x_wconf 66' lang='lat' dir='ltr'>diu</span> <span class='ocrx_word' id='word_1_176' title='bbox 537 1754 546 1772; x_wconf 95' lang='lat'><strong>·</strong></span> <span class='ocrx_word' id='word_1_177' title='bbox 775 1752 784 1767; x_wconf 92' lang='lat'><strong>·</strong></span> <span class='ocrx_word' id='word_1_178' title='bbox 979 1751 988 1770; x_wconf 89' lang='lat'><strong>.</strong></span> <span class='ocrx_word' id='word_1_179' title='bbox 1068 1703 1127 1772; x_wconf 87' lang='lat' dir='ltr'>dia</span> <span class='ocrx_word' id='word_1_180' title='bbox 1137 1702 1388 1791; x_wconf 49' lang='lat' dir='ltr'>sadolescentes</span> <span class='ocrx_word' id='word_1_181' title='bbox 1412 1701 1517 1772; x_wconf 90' lang='lat' dir='ltr'>etiam</span> <span class='ocrx_word' id='word_1_182' title='bbox 1542 1699 1692 1772; x_wconf 88' lang='lat' dir='ltr'>excitare</span> <span class='ocrx_word' id='word_1_183' title='bbox 1715 1714 1749 1772; x_wconf 89' lang='lat' dir='ltr'>et</span> <span class='ocrx_word' id='word_1_184' title='bbox 1770 1701 1960 1770; x_wconf 89' lang='lat' dir='ltr'>accendere</span> <span class='ocrx_word' id='word_1_185' title='bbox 1974 1722 2058 1792; x_wconf 91' lang='lat' dir='ltr'>pos-</span> 
     </span>
     <span class='ocr_line' id='line_1_26' title="bbox 157 1752 2057 1894; baseline -0.02 -64"><span class='ocrx_word' id='word_1_186' title='bbox 157 1799 166 1830; x_wconf 74' lang='lat'><em>2</em></span> <span class='ocrx_word' id='word_1_187' title='bbox 261 1776 330 1844; x_wconf 88' lang='lat' dir='ltr'>que</span> <span class='ocrx_word' id='word_1_188' title='bbox 354 1775 548 1842; x_wconf 77' lang='lat' dir='ltr'>repugnavi</span> <span class='ocrx_word' id='word_1_189' title='bbox 569 1752 854 1846; x_wconf 79' lang='lat' dir='ltr'>praeceptoribus</span> <span class='ocrx_word' id='word_1_190' title='bbox 876 1765 1018 1870; x_wconf 69' lang='lat' dir='ltr'>nostru,</span> <span class='ocrx_word' id='word_1_191' title='bbox 1069 1826 1156 1875; x_wconf 42' lang='lat' dir='ltr'>sem.</span> <span class='ocrx_word' id='word_1_192' title='bbox 1209 1801 1307 1892; x_wconf 58' lang='lat' dir='ltr'><strong>Quid</strong></span> <span class='ocrx_word' id='word_1_193' title='bbox 1333 1801 1429 1872; x_wconf 57' lang='lat' dir='ltr'>enim</span> <span class='ocrx_word' id='word_1_194' title='bbox 1452 1801 1644 1894; x_wconf 43' lang='lat' dir='ltr'>optabilius</span> <span class='ocrx_word' id='word_1_195' title='bbox 1669 1823 1743 1871; x_wconf 58' lang='lat' dir='ltr'><strong>m</strong></span> <span class='ocrx_word' id='word_1_196' title='bbox 1767 1800 1909 1872; x_wconf 57' lang='lat' dir='ltr'>docenti</span> <span class='ocrx_word' id='word_1_197' title='bbox 1932 1813 2057 1892; x_wconf 45' lang='lat' dir='ltr'>potest,</span> 
     </span>
    </p>
   </div>
   <div class='ocr_carea' id='block_1_10' title="bbox 58 1846 2057 2298">
    <p class='ocr_par' dir='ltr' id='par_1_10' title="bbox 58 1846 2057 2298">
     <span class='ocr_line' id='line_1_27' title="bbox 58 1846 2057 1992; baseline 0.014 -49"><span class='ocrx_word' id='word_1_198' title='bbox 58 1846 273 1938; x_wconf 67' lang='lat' dir='ltr'>ll⁰f¹³¹¹¹lb¹¹⁵s</span> <span class='ocrx_word' id='word_1_199' title='bbox 287 1869 338 1971; x_wconf 54' lang='grc' dir='ltr'>,υἱ</span> <span class='ocrx_word' id='word_1_200' title='bbox 361 1855 532 1972; x_wconf 58' lang='lat' dir='ltr'>§illimem</span> <span class='ocrx_word' id='word_1_201' title='bbox 558 1851 684 1973; x_wconf 56' lang='lat' dir='ltr'><strong>hfffum</strong></span> <span class='ocrx_word' id='word_1_202' title='bbox 707 1855 857 1974; x_wconf 36' lang='lat' dir='ltr'>“Qu-&#39;¹²’</span> <span class='ocrx_word' id='word_1_203' title='bbox 882 1853 920 1922; x_wconf 55' lang='lat'>⁵¹¹</span> <span class='ocrx_word' id='word_1_204' title='bbox 937 1878 1018 1948; x_wconf 68' lang='lat'>‘¹¹¹¹&#39;</span> <span class='ocrx_word' id='word_1_205' title='bbox 1094 1929 1176 1976; x_wconf 88' lang='lat' dir='ltr'>uam</span> <span class='ocrx_word' id='word_1_206' title='bbox 1197 1900 1327 1974; x_wconf 89' lang='lat' dir='ltr'>habere</span> <span class='ocrx_word' id='word_1_207' title='bbox 1351 1903 1532 1974; x_wconf 81' lang='lat' dir='ltr'>auditores</span> <span class='ocrx_word' id='word_1_208' title='bbox 1559 1903 1721 1972; x_wconf 90' lang='lat' dir='ltr'>incensos</span> <span class='ocrx_word' id='word_1_209' title='bbox 1743 1915 1778 1972; x_wconf 90' lang='lat' dir='ltr'>et</span> <span class='ocrx_word' id='word_1_210' title='bbox 1795 1903 1981 1992; x_wconf 88' lang='lat' dir='ltr'>flagrantes</span> <span class='ocrx_word' id='word_1_211' title='bbox 1998 1902 2057 1970; x_wconf 87' lang='lat' dir='ltr'>di·</span> 
     </span>
     <span class='ocr_line' id='line_1_28' title="bbox 60 1929 2057 2096; baseline 0.018 -76"><span class='ocrx_word' id='word_1_212' title='bbox 60 1953 109 2020; x_wconf 87' lang='lat' dir='ltr'>bus</span> <span class='ocrx_word' id='word_1_213' title='bbox 127 1955 430 2070; x_wconf 32' lang='lat' dir='ltr'>menmedtocrtter</span> <span class='ocrx_word' id='word_1_214' title='bbox 463 1979 623 2042; x_wconf 79' lang='lat' dir='ltr'>exercui,</span> <span class='ocrx_word' id='word_1_215' title='bbox 654 1955 797 2047; x_wconf 76' lang='lat' dir='ltr'>publice</span> <span class='ocrx_word' id='word_1_216' title='bbox 831 1955 1018 2075; x_wconf 69' lang='lat' dir='ltr'>traderem,</span> <span class='ocrx_word' id='word_1_217' title='bbox 1069 1929 1190 2077; x_wconf 52' lang='lat' dir='ltr'>:laudi</span> <span class='ocrx_word' id='word_1_218' title='bbox 1211 2003 1425 2096; x_wconf 50' lang='lat' dir='ltr'>cupiditate?</span> <span class='ocrx_word' id='word_1_219' title='bbox 1478 2003 1549 2076; x_wconf 63' lang='lat' dir='ltr'>Sed</span> <span class='ocrx_word' id='word_1_220' title='bbox 1596 2003 1654 2074; x_wconf 55' lang='lat' dir='ltr'>uqa</span> <span class='ocrx_word' id='word_1_221' title='bbox 1679 2017 1920 2095; x_wconf 56' lang='lat' dir='ltr'>praeceptore,</span> <span class='ocrx_word' id='word_1_222' title='bbox 1941 2001 2057 2074; x_wconf 62' lang='lat' dir='ltr'>nomi</span> 
     </span>
     <span class='ocr_line' id='line_1_29' title="bbox 61 2031 2055 2178; baseline 0.012 -27"><span class='ocrx_word' id='word_1_223' title='bbox 61 2067 233 2170; x_wconf 49' lang='lat' dir='ltr'>Pfafaelnm</span> <span class='ocrx_word' id='word_1_224' title='bbox 247 2049 317 2174; x_wconf 58' lang='lat'>¹3⁰⁰</span> <span class='ocrx_word' id='word_1_225' title='bbox 339 2069 515 2176; x_wconf 51' lang='grc' dir='ltr'>ῙΫΨΡΜΕΞ</span> <span class='ocrx_word' id='word_1_226' title='bbox 542 2081 621 2176; x_wconf 55' lang='grc' dir='ltr'>ΨΜ</span> <span class='ocrx_word' id='word_1_227' title='bbox 644 2058 753 2128; x_wconf 59' lang='lat' dir='ltr'>“hem</span> <span class='ocrx_word' id='word_1_228' title='bbox 769 2051 1019 2176; x_wconf 53' lang='lat' dir='ltr'>inathemmll</span> <span class='ocrx_word' id='word_1_229' title='bbox 1094 2108 1229 2178; x_wconf 88' lang='lat' dir='ltr'>uotidie</span> <span class='ocrx_word' id='word_1_230' title='bbox 1252 2102 1479 2176; x_wconf 84' lang='lat' dir='ltr'>scholasticos</span> <span class='ocrx_word' id='word_1_231' title='bbox 1501 2107 1545 2176; x_wconf 88' lang='lat' dir='ltr'>ad</span> <span class='ocrx_word' id='word_1_232' title='bbox 1567 2031 1632 2176; x_wconf 81' lang='lat' dir='ltr'>llas</span> <span class='ocrx_word' id='word_1_233' title='bbox 1654 2119 1745 2176; x_wconf 87' lang='lat' dir='ltr'>artes</span> <span class='ocrx_word' id='word_1_234' title='bbox 1764 2105 1950 2176; x_wconf 87' lang='lat' dir='ltr'>discendas</span> <span class='ocrx_word' id='word_1_235' title='bbox 1968 2101 2055 2174; x_wconf 88' lang='lat' dir='ltr'>bor·</span> 
     </span>
     <span class='ocr_line' id='line_1_30' title="bbox 59 2131 2055 2298; baseline 0.018 -76"><span class='ocrx_word' id='word_1_236' title='bbox 59 2153 138 2224; x_wconf 76' lang='lat' dir='ltr'>lectio</span> <span class='ocrx_word' id='word_1_237' title='bbox 165 2168 310 2226; x_wconf 75' lang='lat' dir='ltr'>intentu</span> <span class='ocrx_word' id='word_1_238' title='bbox 331 2182 402 2226; x_wconf 84' lang='lat' dir='ltr'>vrrs</span> <span class='ocrx_word' id='word_1_239' title='bbox 423 2159 617 2230; x_wconf 81' lang='lat' dir='ltr'>doctrssrmt</span> <span class='ocrx_word' id='word_1_240' title='bbox 639 2153 801 2227; x_wconf 83' lang='lat' dir='ltr'>Ioannts</span> <span class='ocrx_word' id='word_1_241' title='bbox 825 2153 871 2232; x_wconf 88' lang='lat' dir='ltr'><em>V</em></span> <span class='ocrx_word' id='word_1_242' title='bbox 864 2153 1016 2228; x_wconf 80' lang='lat' dir='ltr'>olmorat</span> <span class='ocrx_word' id='word_1_243' title='bbox 1069 2131 1209 2294; x_wconf 54' lang='lat' dir='ltr'><strong>guum,</strong></span> <span class='ocrx_word' id='word_1_244' title='bbox 1235 2223 1270 2280; x_wconf 54' lang='lat' dir='ltr'>et</span> <span class='ocrx_word' id='word_1_245' title='bbox 1286 2209 1471 2277; x_wconf 54' lang='lat' dir='ltr'><strong>manifesta</strong></span> <span class='ocrx_word' id='word_1_246' title='bbox 1484 2221 1537 2278; x_wconf 58' lang='lat' dir='ltr'>e„</span> <span class='ocrx_word' id='word_1_247' title='bbox 1553 2229 1673 2278; x_wconf 55' lang='lat' dir='ltr'>emm</span> <span class='ocrx_word' id='word_1_248' title='bbox 1687 2207 1844 2291; x_wconf 53' lang='lat' dir='ltr'>mmm,</span> <span class='ocrx_word' id='word_1_249' title='bbox 1859 2229 1961 2298; x_wconf 64' lang='lat' dir='ltr'>,pm</span> <span class='ocrx_word' id='word_1_250' title='bbox 1979 2206 2055 2298; x_wconf 65' lang='lat'>910.</span> 
     </span>
    </p>
   </div>
   <div class='ocr_carea' id='block_1_11' title="bbox 60 2253 2056 2404">
    <p class='ocr_par' dir='ltr' id='par_1_11' title="bbox 60 2253 2056 2404">
     <span class='ocr_line' id='line_1_31' title="bbox 60 2253 2056 2404; baseline 0.019 -82"><span class='ocrx_word' id='word_1_251' title='bbox 60 2255 263 2330; x_wconf 82' lang='lat' dir='ltr'>conticuisset.</span> <span class='ocrx_word' id='word_1_252' title='bbox 315 2253 434 2352; x_wconf 79' lang='lat' dir='ltr'>Atque</span> <span class='ocrx_word' id='word_1_253' title='bbox 452 2259 506 2328; x_wconf 94' lang='lat' dir='ltr'>illi</span> <span class='ocrx_word' id='word_1_254' title='bbox 523 2259 666 2352; x_wconf 88' lang='lat' dir='ltr'>quidem</span> <span class='ocrx_word' id='word_1_255' title='bbox 686 2261 867 2350; x_wconf 90' lang='lat' dir='ltr'>petebant,</span> <span class='ocrx_word' id='word_1_256' title='bbox 891 2272 933 2330; x_wconf 94' lang='lat' dir='ltr'>ut</span> <span class='ocrx_word' id='word_1_257' title='bbox 950 2255 1016 2328; x_wconf 90' lang='lat' dir='ltr'>bac</span> <span class='ocrx_word' id='word_1_258' title='bbox 1067 2334 1197 2404; x_wconf 57' lang='lat' dir='ltr'>mque</span> <span class='ocrx_word' id='word_1_259' title='bbox 1216 2309 1396 2400; x_wconf 47' lang='lat' dir='ltr'>praeditos</span> <span class='ocrx_word' id='word_1_260' title='bbox 1420 2308 1794 2398; x_wconf 54' lang='lat' dir='ltr'>liberaqumingmqq,</span> <span class='ocrx_word' id='word_1_261' title='bbox 1809 2309 1953 2379; x_wconf 51' lang='lat' dir='ltr'>„qiud</span> <span class='ocrx_word' id='word_1_262' title='bbox 1968 2303 2056 2378; x_wconf 63' lang='lat' dir='ltr'>haee</span> 
     </span>
    </p>
   </div>
   <div class='ocr_carea' id='block_1_12' title="bbox 61 2355 1616 2482">
    <p class='ocr_par' dir='ltr' id='par_1_12' title="bbox 61 2355 1616 2482">
     <span class='ocr_line' id='line_1_32' title="bbox 61 2355 1616 2482; baseline 0.024 -62"><span class='ocrx_word' id='word_1_263' title='bbox 61 2356 86 2422; x_wconf 92' lang='lat' dir='ltr'>in</span> <span class='ocrx_word' id='word_1_264' title='bbox 104 2379 133 2426; x_wconf 91' lang='lat' dir='ltr'>re</span> <span class='ocrx_word' id='word_1_265' title='bbox 154 2381 223 2426; x_wconf 91' lang='lat' dir='ltr'>non</span> <span class='ocrx_word' id='word_1_266' title='bbox 247 2357 363 2428; x_wconf 88' lang='lat' dir='ltr'>solum</span> <span class='ocrx_word' id='word_1_267' title='bbox 387 2361 563 2430; x_wconf 86' lang='lat' dir='ltr'>amicitiae</span> <span class='ocrx_word' id='word_1_268' title='bbox 584 2361 746 2456; x_wconf 61' lang='lat' dir='ltr'>ipsorum,</span> <span class='ocrx_word' id='word_1_269' title='bbox 759 2359 934 2430; x_wconf 85' lang='lat' dir='ltr'>rationem</span> <span class='ocrx_word' id='word_1_270' title='bbox 950 2355 1016 2478; x_wconf 60' lang='lat' dir='ltr'>ltp-</span> <span class='ocrx_word' id='word_1_271' title='bbox 1068 2413 1183 2482; x_wconf 46' lang='lat' dir='ltr'>‘mdia</span> <span class='ocrx_word' id='word_1_272' title='bbox 1202 2411 1350 2480; x_wconf 54' lang='lat' dir='ltr'>colenda</span> <span class='ocrx_word' id='word_1_273' title='bbox 1366 2410 1530 2480; x_wconf 52' lang='lat' dir='ltr'><strong>incitato,</strong></span> <span class='ocrx_word' id='word_1_274' title='bbox 1543 2433 1616 2480; x_wconf 59' lang='lat' dir='ltr'>„se</span> 
     </span>
    </p>
   </div>
   <div class='ocr_carea' id='block_1_13' title="bbox 61 2458 2055 2908">
    <p class='ocr_par' dir='ltr' id='par_1_13' title="bbox 61 2458 2055 2908">
     <span class='ocr_line' id='line_1_33' title="bbox 61 2458 2053 2582; baseline 0.018 -58"><span class='ocrx_word' id='word_1_275' title='bbox 61 2458 168 2538; x_wconf 82' lang='lat' dir='ltr'>berem,</span> <span class='ocrx_word' id='word_1_276' title='bbox 198 2461 388 2530; x_wconf 89' lang='lat' dir='ltr'>sedetiam</span> <span class='ocrx_word' id='word_1_277' title='bbox 409 2461 571 2546; x_wconf 84' lang='lat' dir='ltr'>utilitatis</span> <span class='ocrx_word' id='word_1_278' title='bbox 596 2463 893 2582; x_wconf 69' lang='lat' dir='ltr'>adolescentium²</span> <span class='ocrx_word' id='word_1_279' title='bbox 932 2486 1016 2580; x_wconf 68' lang='lat' dir='ltr'>quta</span> <span class='ocrx_word' id='word_1_280' title='bbox 1171 2507 1838 2582; x_wconf 49' lang='lat' dir='ltr'>&amp;minanamfabulamdepaqqade</span> <span class='ocrx_word' id='word_1_281' title='bbox 1920 2535 2053 2582; x_wconf 62' lang='lat' dir='ltr'>mum</span> 
     </span>
     <span class='ocr_line' id='line_1_34' title="bbox 62 2537 2055 2686; baseline 0.007 -10"><span class='ocrx_word' id='word_1_282' title='bbox 62 2581 239 2678; x_wconf 63' lang='lat' dir='ltr'>m³l¹l⁰p⁸¹⁰</span> <span class='ocrx_word' id='word_1_283' title='bbox 262 2563 407 2680; x_wconf 51' lang='grc' dir='ltr'>ΨΜ</span> <span class='ocrx_word' id='word_1_284' title='bbox 429 2557 515 2684; x_wconf 62' lang='lat' dir='ltr'><strong>haef</strong></span> <span class='ocrx_word' id='word_1_285' title='bbox 539 2563 711 2683; x_wconf 36' lang='lat' dir='ltr'>elewiul?</span> <span class='ocrx_word' id='word_1_286' title='bbox 727 2559 912 2681; x_wconf 66' lang='lat' dir='ltr'>l¹¹⁸cl¹⁰l¹⁸</span> <span class='ocrx_word' id='word_1_287' title='bbox 929 2585 1016 2634; x_wconf 63' lang='lat'><strong>⁸⁸⁸¹*</strong></span> <span class='ocrx_word' id='word_1_288' title='bbox 1068 2614 1100 2684; x_wconf 93' lang='lat' dir='ltr'>ei</span> <span class='ocrx_word' id='word_1_289' title='bbox 1114 2613 1220 2685; x_wconf 91' lang='lat' dir='ltr'>tibias</span> <span class='ocrx_word' id='word_1_290' title='bbox 1234 2636 1355 2684; x_wconf 87' lang='lat' dir='ltr'>recens</span> <span class='ocrx_word' id='word_1_291' title='bbox 1370 2613 1533 2684; x_wconf 85' lang='lat' dir='ltr'>inventas</span> <span class='ocrx_word' id='word_1_292' title='bbox 1548 2611 1750 2682; x_wconf 88' lang='lat' dir='ltr'>Mercurius</span> <span class='ocrx_word' id='word_1_293' title='bbox 1771 2537 1936 2686; x_wconf 54' lang='lat' dir='ltr'>dorlalqsllt</span> <span class='ocrx_word' id='word_1_294' title='bbox 1978 2636 2055 2680; x_wconf 78' lang='lat' dir='ltr'>am·</span> 
     </span>
     <span class='ocr_line' id='line_1_35' title="bbox 61 2660 2055 2804; baseline 0.005 -31"><span class='ocrx_word' id='word_1_295' title='bbox 61 2660 517 2774; x_wconf 61' lang='lat' dir='ltr'>dl¹⁰¹¹¹⁰¹¹¹⁰³n⁰t⁰¹²m¹&#39;</span> <span class='ocrx_word' id='word_1_296' title='bbox 572 2664 669 2736; x_wconf 63' lang='lat' dir='ltr'>V¹⁰¹l</span> <span class='ocrx_word' id='word_1_297' title='bbox 689 2678 895 2783; x_wconf 46' lang='lat' dir='ltr'>&#39;Quicum</span> <span class='ocrx_word' id='word_1_298' title='bbox 914 2678 1014 2734; x_wconf 44' lang='grc' dir='ltr'>πῖθ’</span> <span class='ocrx_word' id='word_1_299' title='bbox 1067 2717 1196 2785; x_wconf 88' lang='lat' dir='ltr'>bulaus</span> <span class='ocrx_word' id='word_1_300' title='bbox 1220 2715 1265 2784; x_wconf 88' lang='lat' dir='ltr'>ad</span> <span class='ocrx_word' id='word_1_301' title='bbox 1290 2715 1423 2784; x_wconf 86' lang='lat' dir='ltr'>flumen</span> <span class='ocrx_word' id='word_1_302' title='bbox 1476 2714 1593 2804; x_wconf 91' lang='lat' dir='ltr'>coepit</span> <span class='ocrx_word' id='word_1_303' title='bbox 1623 2713 1748 2784; x_wconf 85' lang='lat' dir='ltr'>inflare</span> <span class='ocrx_word' id='word_1_304' title='bbox 1783 2714 1905 2786; x_wconf 91' lang='lat' dir='ltr'>tibiam</span> <span class='ocrx_word' id='word_1_305' title='bbox 1942 2667 2055 2786; x_wconf 70' lang='lat' dir='ltr'>&#39;Etsi</span> 
     </span>
     <span class='ocr_line' id='line_1_36' title="bbox 62 2764 2055 2908; baseline 0.028 -81"><span class='ocrx_word' id='word_1_306' title='bbox 62 2775 123 2830; x_wconf 85' lang='lat' dir='ltr'>rttas</span> <span class='ocrx_word' id='word_1_307' title='bbox 153 2777 436 2856; x_wconf 87' lang='lat' dir='ltr'>praeceptorum,</span> <span class='ocrx_word' id='word_1_308' title='bbox 473 2779 548 2836; x_wconf 91' lang='lat' dir='ltr'>tum</span> <span class='ocrx_word' id='word_1_309' title='bbox 588 2791 674 2836; x_wconf 91' lang='lat' dir='ltr'>vero</span> <span class='ocrx_word' id='word_1_310' title='bbox 708 2779 812 2836; x_wconf 85' lang='lat' dir='ltr'>ettam</span> <span class='ocrx_word' id='word_1_311' title='bbox 850 2764 1016 2835; x_wconf 81' lang='lat' dir='ltr'>voluntas</span> <span class='ocrx_word' id='word_1_312' title='bbox 1067 2831 1184 2886; x_wconf 71' lang='lat' dir='ltr'>,utem</span> <span class='ocrx_word' id='word_1_313' title='bbox 1210 2767 1476 2886; x_wconf 76' lang='lat' dir='ltr'>demulcebatlrr</span> <span class='ocrx_word' id='word_1_314' title='bbox 1503 2839 1610 2899; x_wconf 87' lang='lat' dir='ltr'>sono,</span> <span class='ocrx_word' id='word_1_315' title='bbox 1645 2829 1764 2886; x_wconf 90' lang='lat' dir='ltr'>tamen</span> <span class='ocrx_word' id='word_1_316' title='bbox 1789 2839 1867 2886; x_wconf 87' lang='lat' dir='ltr'>cum</span> <span class='ocrx_word' id='word_1_317' title='bbox 1892 2765 1931 2886; x_wconf 81' lang='lat' dir='ltr'>ils</span> <span class='ocrx_word' id='word_1_318' title='bbox 1953 2813 2055 2908; x_wconf 90' lang='lat' dir='ltr'>aquis</span> 
     </span>
    </p>
   </div>
   <div class='ocr_carea' id='block_1_14' title="bbox 62 2865 2059 3112">
    <p class='ocr_par' dir='ltr' id='par_1_14' title="bbox 62 2865 2059 3112">
     <span class='ocr_line' id='line_1_37' title="bbox 62 2865 2055 3006; baseline 0.004 -28"><span class='ocrx_word' id='word_1_319' title='bbox 62 2883 156 2978; x_wconf 60' lang='lat' dir='ltr'>mlum</span> <span class='ocrx_word' id='word_1_320' title='bbox 181 2865 312 2958; x_wconf 63' lang='lat' dir='ltr'>⁰pllm⁸</span> <span class='ocrx_word' id='word_1_321' title='bbox 347 2888 426 2984; x_wconf 57' lang='lat' dir='ltr'>‘fga</span> <span class='ocrx_word' id='word_1_322' title='bbox 460 2891 535 2986; x_wconf 58' lang='lat' dir='ltr'>‘ein</span> <span class='ocrx_word' id='word_1_323' title='bbox 575 2867 780 2988; x_wconf 54' lang='lat' dir='ltr'>lilem&#39;rlim&#39;</span> <span class='ocrx_word' id='word_1_324' title='bbox 840 2865 1013 2986; x_wconf 74' lang='lat' dir='ltr'>Videbam</span> <span class='ocrx_word' id='word_1_325' title='bbox 1067 2919 1204 2987; x_wconf 88' lang='lat' dir='ltr'>videret</span> <span class='ocrx_word' id='word_1_326' title='bbox 1226 2915 1351 2986; x_wconf 86' lang='lat' dir='ltr'>laciem</span> <span class='ocrx_word' id='word_1_327' title='bbox 1372 2917 1524 2987; x_wconf 80' lang='lat' dir='ltr'>ridicule</span> <span class='ocrx_word' id='word_1_328' title='bbox 1546 2916 1758 3002; x_wconf 79' lang='lat' dir='ltr'>deformari,</span> <span class='ocrx_word' id='word_1_329' title='bbox 1790 2916 1921 2986; x_wconf 84' lang='lat' dir='ltr'>inflatis</span> <span class='ocrx_word' id='word_1_330' title='bbox 1942 2915 2055 3006; x_wconf 88' lang='lat' dir='ltr'>genis,</span> 
     </span>
     <span class='ocr_line' id='line_1_38' title="bbox 63 2963 2059 3112; baseline 0.025 -78"><span class='ocrx_word' id='word_1_331' title='bbox 63 2985 131 3031; x_wconf 79' lang='lat' dir='ltr'>tntu</span> <span class='ocrx_word' id='word_1_332' title='bbox 148 2989 201 3036; x_wconf 90' lang='lat' dir='ltr'>eos</span> <span class='ocrx_word' id='word_1_333' title='bbox 226 2991 303 3037; x_wconf 92' lang='lat' dir='ltr'>non</span> <span class='ocrx_word' id='word_1_334' title='bbox 320 2967 439 3062; x_wconf 80' lang='lat' dir='ltr'>aliquo</span> <span class='ocrx_word' id='word_1_335' title='bbox 461 2983 598 3059; x_wconf 68' lang='lat' dir='ltr'>prtvtlo</span> <span class='ocrx_word' id='word_1_336' title='bbox 624 2971 743 3038; x_wconf 72' lang='lat' dir='ltr'>⁸l⁰d¹⁰</span> <span class='ocrx_word' id='word_1_337' title='bbox 766 2969 901 3038; x_wconf 59' lang='lat' dir='ltr'>desem</span> <span class='ocrx_word' id='word_1_338' title='bbox 923 2963 1013 3038; x_wconf 74' lang='lat' dir='ltr'>m¹h¹</span> <span class='ocrx_word' id='word_1_339' title='bbox 1067 3019 1184 3090; x_wconf 92' lang='lat' dir='ltr'>statim</span> <span class='ocrx_word' id='word_1_340' title='bbox 1201 3017 1329 3089; x_wconf 86' lang='lat' dir='ltr'>abiecit</span> <span class='ocrx_word' id='word_1_341' title='bbox 1340 3018 1458 3093; x_wconf 91' lang='lat' dir='ltr'>tibias.</span> <span class='ocrx_word' id='word_1_342' title='bbox 1509 3015 1582 3087; x_wconf 89' lang='lat' dir='ltr'>Has</span> <span class='ocrx_word' id='word_1_343' title='bbox 1599 3015 1736 3112; x_wconf 90' lang='lat' dir='ltr'>Satyri,</span> <span class='ocrx_word' id='word_1_344' title='bbox 1762 3018 1823 3111; x_wconf 89' lang='lat' dir='ltr'>qui</span> <span class='ocrx_word' id='word_1_345' title='bbox 1841 3018 1933 3112; x_wconf 90' lang='lat' dir='ltr'>capti</span> <span class='ocrx_word' id='word_1_346' title='bbox 1949 3016 2059 3087; x_wconf 87' lang='lat' dir='ltr'>novi··</span> 
     </span>
    </p>
   </div>
   <div class='ocr_carea' id='block_1_15' title="bbox 1067 3119 2057 3394">
    <p class='ocr_par' dir='ltr' id='par_1_15' title="bbox 1067 3119 2057 3394">
     <span class='ocr_line' id='line_1_39' title="bbox 1068 3119 2055 3212; baseline -0.001 -23"><span class='ocrx_word' id='word_1_347' title='bbox 1068 3134 1138 3191; x_wconf 90' lang='lat' dir='ltr'>tate</span> <span class='ocrx_word' id='word_1_348' title='bbox 1160 3121 1241 3190; x_wconf 93' lang='lat' dir='ltr'>soni</span> <span class='ocrx_word' id='word_1_349' title='bbox 1269 3131 1510 3204; x_wconf 88' lang='lat' dir='ltr'>accurrerant,</span> <span class='ocrx_word' id='word_1_350' title='bbox 1545 3119 1697 3190; x_wconf 89' lang='lat' dir='ltr'>abiectas</span> <span class='ocrx_word' id='word_1_351' title='bbox 1718 3120 1835 3191; x_wconf 90' lang='lat' dir='ltr'>statim</span> <span class='ocrx_word' id='word_1_352' title='bbox 1857 3119 2055 3212; x_wconf 80' lang='lat' dir='ltr'>excipiunt:</span> 
     </span>
     <span class='ocr_line' id='line_1_40' title="bbox 1068 3219 2055 3318; baseline -0.003 -28"><span class='ocrx_word' id='word_1_353' title='bbox 1068 3221 1116 3293; x_wconf 89' lang='lat' dir='ltr'>ita</span> <span class='ocrx_word' id='word_1_354' title='bbox 1138 3221 1246 3292; x_wconf 88' lang='lat' dir='ltr'>tibiae</span> <span class='ocrx_word' id='word_1_355' title='bbox 1266 3233 1401 3313; x_wconf 89' lang='lat' dir='ltr'>spretae</span> <span class='ocrx_word' id='word_1_356' title='bbox 1422 3247 1442 3290; x_wconf 89' lang='lat' dir='ltr'>a</span> <span class='ocrx_word' id='word_1_357' title='bbox 1460 3219 1625 3306; x_wconf 87' lang='lat' dir='ltr'>Pallade,</span> <span class='ocrx_word' id='word_1_358' title='bbox 1650 3235 1843 3314; x_wconf 90' lang='lat' dir='ltr'>coeperunt</span> <span class='ocrx_word' id='word_1_359' title='bbox 1857 3220 1994 3318; x_wconf 85' lang='lat' dir='ltr'>Satyris</span> <span class='ocrx_word' id='word_1_360' title='bbox 2015 3220 2055 3288; x_wconf 91' lang='lat' dir='ltr'>in</span> 
     </span>
     <span class='ocr_line' id='line_1_41' title="bbox 1067 3317 2057 3394; baseline -0.004 0"><span class='ocrx_word' id='word_1_361' title='bbox 1067 3322 1203 3394; x_wconf 90' lang='lat' dir='ltr'>deliciis</span> <span class='ocrx_word' id='word_1_362' title='bbox 1223 3343 1307 3393; x_wconf 86' lang='lat' dir='ltr'>esse.</span> <span class='ocrx_word' id='word_1_363' title='bbox 1357 3319 1415 3394; x_wconf 87' lang='lat' dir='ltr'>Ad</span> <span class='ocrx_word' id='word_1_364' title='bbox 1436 3317 1533 3392; x_wconf 88' lang='lat' dir='ltr'>bunc</span> <span class='ocrx_word' id='word_1_365' title='bbox 1555 3323 1702 3394; x_wconf 91' lang='lat' dir='ltr'>modum</span> <span class='ocrx_word' id='word_1_366' title='bbox 1721 3323 1878 3394; x_wconf 87' lang='lat' dir='ltr'>sinamus</span> <span class='ocrx_word' id='word_1_367' title='bbox 1899 3345 1983 3392; x_wconf 87' lang='lat' dir='ltr'>sane</span> <span class='ocrx_word' id='word_1_368' title='bbox 1997 3322 2057 3390; x_wconf 93' lang='lat' dir='ltr'>in-</span> 
     </span>
    </p>
   </div>
   <div class='ocr_carea' id='block_1_16' title="bbox 64 3165 1014 3364">
    <p class='ocr_par' dir='ltr' id='par_1_16' title="bbox 64 3165 1014 3364">
     <span class='ocr_line' id='line_1_42' title="bbox 64 3165 1014 3266; baseline 0.009 -33"><span class='ocrx_word' id='word_1_369' title='bbox 64 3183 198 3254; x_wconf 87' lang='lat' dir='ltr'>quantum</span> <span class='ocrx_word' id='word_1_370' title='bbox 229 3181 393 3263; x_wconf 88' lang='lat' dir='ltr'>possent,</span> <span class='ocrx_word' id='word_1_371' title='bbox 427 3193 487 3240; x_wconf 90' lang='lat' dir='ltr'>eos</span> <span class='ocrx_word' id='word_1_372' title='bbox 518 3173 562 3242; x_wconf 88' lang='lat' dir='ltr'>ad</span> <span class='ocrx_word' id='word_1_373' title='bbox 589 3165 652 3247; x_wconf 81' lang='lat' dir='ltr'>has</span> <span class='ocrx_word' id='word_1_374' title='bbox 675 3183 783 3260; x_wconf 90' lang='lat' dir='ltr'>artes,</span> <span class='ocrx_word' id='word_1_375' title='bbox 817 3195 908 3266; x_wconf 92' lang='lat' dir='ltr'>quae</span> <span class='ocrx_word' id='word_1_376' title='bbox 932 3185 1014 3242; x_wconf 89' lang='lat' dir='ltr'>suut</span> 
     </span>
     <span class='ocr_line' id='line_1_43' title="bbox 65 3265 738 3364; baseline 0.022 -31"><span class='ocrx_word' id='word_1_377' title='bbox 65 3288 121 3336; x_wconf 84' lang='lat' dir='ltr'>vcra</span> <span class='ocrx_word' id='word_1_378' title='bbox 132 3265 375 3364; x_wconf 87' lang='lat' dir='ltr'>Philosophiae</span> <span class='ocrx_word' id='word_1_379' title='bbox 390 3271 511 3360; x_wconf 89' lang='lat' dir='ltr'>initia,</span> <span class='ocrx_word' id='word_1_380' title='bbox 535 3271 738 3348; x_wconf 89' lang='lat' dir='ltr'>invitarent.</span> 
     </span>
    </p>
   </div>
   <div class='ocr_carea' id='block_1_17' title="bbox 137 3416 2182 3518">
    <p class='ocr_par' dir='ltr' id='par_1_17' title="bbox 137 3416 2182 3518">
     <span class='ocr_line' id='line_1_44' title="bbox 137 3416 2182 3518; baseline -0 -26"><span class='ocrx_word' id='word_1_381' title='bbox 137 3416 247 3508; x_wconf 88' lang='lat' dir='ltr'>Quare</span> <span class='ocrx_word' id='word_1_382' title='bbox 270 3446 353 3494; x_wconf 91' lang='lat' dir='ltr'>cum</span> <span class='ocrx_word' id='word_1_383' title='bbox 373 3445 489 3494; x_wconf 89' lang='lat' dir='ltr'>meam</span> <span class='ocrx_word' id='word_1_384' title='bbox 511 3447 655 3518; x_wconf 89' lang='lat' dir='ltr'>operam</span> <span class='ocrx_word' id='word_1_385' title='bbox 671 3425 791 3495; x_wconf 88' lang='lat' dir='ltr'>deesse</span> <span class='ocrx_word' id='word_1_386' title='bbox 802 3421 960 3516; x_wconf 83' lang='lat' dir='ltr'>Reipub.</span> <span class='ocrx_word' id='word_1_387' title='bbox 980 3438 1016 3496; x_wconf 88' lang='lat' dir='ltr'>et</span> <span class='ocrx_word' id='word_1_388' title='bbox 1067 3425 1169 3516; x_wconf 89' lang='lat' dir='ltr'>geriia</span> <span class='ocrx_word' id='word_1_389' title='bbox 1190 3423 1379 3494; x_wconf 89' lang='lat' dir='ltr'>illiberalia</span> <span class='ocrx_word' id='word_1_390' title='bbox 1399 3423 1566 3496; x_wconf 87' lang='lat' dir='ltr'>delectari</span> <span class='ocrx_word' id='word_1_391' title='bbox 1587 3423 1668 3493; x_wconf 92' lang='lat' dir='ltr'>aliis</span> <span class='ocrx_word' id='word_1_392' title='bbox 1689 3425 1884 3515; x_wconf 81' lang='lat' dir='ltr'>agrestibus</span> <span class='ocrx_word' id='word_1_393' title='bbox 1904 3424 2053 3510; x_wconf 85' lang='lat' dir='ltr'>artibus,</span> <span class='ocrx_word' id='word_1_394' title='bbox 2177 3453 2182 3466; x_wconf 49' lang='lat' dir='ltr'>v</span> 
     </span>
    </p>
   </div>
   <div class='ocr_carea' id='block_1_18' title="bbox 39 3514 2143 5551">
    <p class='ocr_par' dir='ltr' id='par_1_18' title="bbox 39 3514 2143 5551">
     <span class='ocr_line' id='line_1_45' title="bbox 67 3514 2053 3619; baseline 0.003 -33"><span class='ocrx_word' id='word_1_395' title='bbox 67 3514 302 3594; x_wconf 82' lang='lat' dir='ltr'>adolescentium</span> <span class='ocrx_word' id='word_1_396' title='bbox 323 3523 470 3597; x_wconf 92' lang='lat' dir='ltr'>utilitati</span> <span class='ocrx_word' id='word_1_397' title='bbox 499 3527 653 3611; x_wconf 89' lang='lat' dir='ltr'>nollem,</span> <span class='ocrx_word' id='word_1_398' title='bbox 682 3527 915 3618; x_wconf 90' lang='lat' dir='ltr'>perpulerunt</span> <span class='ocrx_word' id='word_1_399' title='bbox 935 3539 1016 3595; x_wconf 88' lang='lat' dir='ltr'>tau-</span> <span class='ocrx_word' id='word_1_400' title='bbox 1067 3531 1130 3598; x_wconf 83' lang='lat' dir='ltr'>aut</span> <span class='ocrx_word' id='word_1_401' title='bbox 1145 3525 1263 3618; x_wconf 90' lang='lat' dir='ltr'>potius</span> <span class='ocrx_word' id='word_1_402' title='bbox 1278 3527 1450 3619; x_wconf 90' lang='lat' dir='ltr'>quaedam</span> <span class='ocrx_word' id='word_1_403' title='bbox 1464 3527 1659 3614; x_wconf 82' lang='lat' dir='ltr'>fragmenta</span> <span class='ocrx_word' id='word_1_404' title='bbox 1674 3526 1805 3595; x_wconf 90' lang='lat' dir='ltr'>artium</span> <span class='ocrx_word' id='word_1_405' title='bbox 1817 3523 2053 3610; x_wconf 79' lang='lat' dir='ltr'>circumferre,</span> 
     </span>
     <span class='ocr_line' id='line_1_46' title="bbox 67 3615 2050 3720; baseline 0.007 -40"><span class='ocrx_word' id='word_1_406' title='bbox 67 3615 138 3704; x_wconf 87' lang='lat' dir='ltr'>den,</span> <span class='ocrx_word' id='word_1_407' title='bbox 160 3637 198 3695; x_wconf 89' lang='lat' dir='ltr'>ut</span> <span class='ocrx_word' id='word_1_408' title='bbox 221 3626 410 3716; x_wconf 89' lang='lat' dir='ltr'>pollicerer</span> <span class='ocrx_word' id='word_1_409' title='bbox 434 3651 491 3698; x_wconf 91' lang='lat' dir='ltr'>me</span> <span class='ocrx_word' id='word_1_410' title='bbox 515 3627 713 3720; x_wconf 90' lang='lat' dir='ltr'>periculum</span> <span class='ocrx_word' id='word_1_411' title='bbox 735 3628 911 3698; x_wconf 85' lang='lat' dir='ltr'>iacturum</span> <span class='ocrx_word' id='word_1_412' title='bbox 930 3651 1013 3701; x_wconf 86' lang='lat' dir='ltr'>esse.</span> <span class='ocrx_word' id='word_1_413' title='bbox 1067 3652 1128 3698; x_wconf 87' lang='lat' dir='ltr'>seu</span> <span class='ocrx_word' id='word_1_414' title='bbox 1145 3640 1310 3720; x_wconf 84' lang='lat' dir='ltr'>quaestus</span> <span class='ocrx_word' id='word_1_415' title='bbox 1332 3649 1456 3707; x_wconf 92' lang='lat' dir='ltr'>causa,</span> <span class='ocrx_word' id='word_1_416' title='bbox 1479 3649 1542 3696; x_wconf 92' lang='lat' dir='ltr'>seu</span> <span class='ocrx_word' id='word_1_417' title='bbox 1563 3640 1603 3698; x_wconf 93' lang='lat' dir='ltr'>ut</span> <span class='ocrx_word' id='word_1_418' title='bbox 1621 3627 1827 3718; x_wconf 89' lang='lat' dir='ltr'>popularem</span> <span class='ocrx_word' id='word_1_419' title='bbox 1843 3626 2050 3718; x_wconf 90' lang='lat' dir='ltr'>opinionem</span> 
     </span>
     <span class='ocr_line' id='line_1_47' title="bbox 68 3711 2052 3818; baseline -0.004 -15"><span class='ocrx_word' id='word_1_420' title='bbox 68 3711 155 3803; x_wconf 83' lang='lat' dir='ltr'>Quare</span> <span class='ocrx_word' id='word_1_421' title='bbox 164 3740 238 3816; x_wconf 88' lang='lat' dir='ltr'>pcto</span> <span class='ocrx_word' id='word_1_422' title='bbox 254 3751 275 3798; x_wconf 92' lang='lat' dir='ltr'>a</span> <span class='ocrx_word' id='word_1_423' title='bbox 290 3727 411 3813; x_wconf 86' lang='lat' dir='ltr'>vobis,</span> <span class='ocrx_word' id='word_1_424' title='bbox 434 3742 475 3799; x_wconf 93' lang='lat' dir='ltr'>ut</span> <span class='ocrx_word' id='word_1_425' title='bbox 490 3753 546 3798; x_wconf 90' lang='lat' dir='ltr'>me</span> <span class='ocrx_word' id='word_1_426' title='bbox 562 3724 628 3799; x_wconf 87' lang='lat' dir='ltr'>hac</span> <span class='ocrx_word' id='word_1_427' title='bbox 641 3727 748 3798; x_wconf 86' lang='lat' dir='ltr'>ollicii</span> <span class='ocrx_word' id='word_1_428' title='bbox 766 3728 925 3815; x_wconf 89' lang='lat' dir='ltr'>ratione,</span> <span class='ocrx_word' id='word_1_429' title='bbox 940 3753 1015 3798; x_wconf 91' lang='lat' dir='ltr'>non</span> <span class='ocrx_word' id='word_1_430' title='bbox 1066 3730 1246 3818; x_wconf 88' lang='lat' dir='ltr'>colligant.</span> <span class='ocrx_word' id='word_1_431' title='bbox 1305 3725 1374 3798; x_wconf 90' lang='lat' dir='ltr'>Sed</span> <span class='ocrx_word' id='word_1_432' title='bbox 1396 3721 1538 3798; x_wconf 88' lang='lat' dir='ltr'>honesti</span> <span class='ocrx_word' id='word_1_433' title='bbox 1558 3727 1691 3816; x_wconf 88' lang='lat' dir='ltr'>ingenii</span> <span class='ocrx_word' id='word_1_434' title='bbox 1714 3743 1785 3810; x_wconf 77' lang='lat' dir='ltr'>est,</span> <span class='ocrx_word' id='word_1_435' title='bbox 1818 3723 1911 3798; x_wconf 87' lang='lat' dir='ltr'>nihil</span> <span class='ocrx_word' id='word_1_436' title='bbox 1934 3749 2052 3797; x_wconf 90' lang='lat' dir='ltr'>amare</span> 
     </span>
     <span class='ocr_line' id='line_1_48' title="bbox 69 3825 2053 3934; baseline 0.001 -40"><span class='ocrx_word' id='word_1_437' title='bbox 69 3827 227 3934; x_wconf 64' lang='lat' dir='ltr'>ttfogautia</span> <span class='ocrx_word' id='word_1_438' title='bbox 248 3841 312 3899; x_wconf 91' lang='lat' dir='ltr'>aut</span> <span class='ocrx_word' id='word_1_439' title='bbox 334 3829 470 3920; x_wconf 90' lang='lat' dir='ltr'>ingenii</span> <span class='ocrx_word' id='word_1_440' title='bbox 497 3829 626 3901; x_wconf 84' lang='lat' dir='ltr'>fiducia</span> <span class='ocrx_word' id='word_1_441' title='bbox 651 3830 690 3899; x_wconf 91' lang='lat' dir='ltr'>in</span> <span class='ocrx_word' id='word_1_442' title='bbox 716 3831 898 3922; x_wconf 92' lang='lat' dir='ltr'>publicum</span> <span class='ocrx_word' id='word_1_443' title='bbox 930 3855 1014 3922; x_wconf 89' lang='lat' dir='ltr'>pro-</span> <span class='ocrx_word' id='word_1_444' title='bbox 1065 3831 1248 3902; x_wconf 90' lang='lat' dir='ltr'>ardeutius</span> <span class='ocrx_word' id='word_1_445' title='bbox 1273 3851 1380 3924; x_wconf 87' lang='lat' dir='ltr'>quam</span> <span class='ocrx_word' id='word_1_446' title='bbox 1403 3829 1606 3910; x_wconf 89' lang='lat' dir='ltr'>veritatem,</span> <span class='ocrx_word' id='word_1_447' title='bbox 1635 3843 1670 3901; x_wconf 93' lang='lat' dir='ltr'>et</span> <span class='ocrx_word' id='word_1_448' title='bbox 1693 3825 1758 3900; x_wconf 89' lang='lat' dir='ltr'>hac</span> <span class='ocrx_word' id='word_1_449' title='bbox 1780 3829 1970 3922; x_wconf 89' lang='lat' dir='ltr'>cupiditate</span> <span class='ocrx_word' id='word_1_450' title='bbox 1994 3828 2053 3896; x_wconf 93' lang='lat' dir='ltr'>in-</span> 
     </span>
     <span class='ocr_line' id='line_1_49' title="bbox 69 3919 2052 4024; baseline 0.005 -34"><span class='ocrx_word' id='word_1_451' title='bbox 69 3919 144 3992; x_wconf 84' lang='lat' dir='ltr'>dttsse</span> <span class='ocrx_word' id='word_1_452' title='bbox 162 3928 373 4004; x_wconf 82' lang='lat' dir='ltr'>existimetis.</span> <span class='ocrx_word' id='word_1_453' title='bbox 423 3929 549 4002; x_wconf 90' lang='lat' dir='ltr'>Minus</span> <span class='ocrx_word' id='word_1_454' title='bbox 580 3943 698 4002; x_wconf 89' lang='lat' dir='ltr'>autem</span> <span class='ocrx_word' id='word_1_455' title='bbox 726 3931 927 4024; x_wconf 66' lang='lat' dir='ltr'>&#39;poenitebit</span> <span class='ocrx_word' id='word_1_456' title='bbox 958 3957 1014 4002; x_wconf 91' lang='lat' dir='ltr'>me</span> <span class='ocrx_word' id='word_1_457' title='bbox 1066 3955 1232 4014; x_wconf 86' lang='lat' dir='ltr'>censum,</span> <span class='ocrx_word' id='word_1_458' title='bbox 1254 3944 1417 4022; x_wconf 83' lang='lat' dir='ltr'>expetere</span> <span class='ocrx_word' id='word_1_459' title='bbox 1432 3931 1583 4001; x_wconf 89' lang='lat' dir='ltr'>solidam</span> <span class='ocrx_word' id='word_1_460' title='bbox 1602 3931 1800 4001; x_wconf 80' lang='lat' dir='ltr'>doctrinam</span> <span class='ocrx_word' id='word_1_461' title='bbox 1820 3933 1865 4002; x_wconf 90' lang='lat' dir='ltr'>de</span> <span class='ocrx_word' id='word_1_462' title='bbox 1884 3930 2052 4001; x_wconf 89' lang='lat' dir='ltr'>universa</span> 
     </span>
     <span class='ocr_line' id='line_1_50' title="bbox 70 4016 2051 4126; baseline 0.007 -39"><span class='ocrx_word' id='word_1_463' title='bbox 70 4016 205 4098; x_wconf 80' lang='lat' dir='ltr'>facilitatis</span> <span class='ocrx_word' id='word_1_464' title='bbox 227 4055 346 4116; x_wconf 87' lang='lat' dir='ltr'>meae,</span> <span class='ocrx_word' id='word_1_465' title='bbox 377 4031 408 4102; x_wconf 89' lang='lat' dir='ltr'>si</span> <span class='ocrx_word' id='word_1_466' title='bbox 431 4053 629 4122; x_wconf 79' lang='lat' dir='ltr'>cognovero</span> <span class='ocrx_word' id='word_1_467' title='bbox 651 4033 758 4104; x_wconf 91' lang='lat' dir='ltr'>etiam</span> <span class='ocrx_word' id='word_1_468' title='bbox 779 4032 1013 4126; x_wconf 83' lang='lat' dir='ltr'>frequentiam</span> <span class='ocrx_word' id='word_1_469' title='bbox 1065 4047 1214 4118; x_wconf 87' lang='lat' dir='ltr'>natura,</span> <span class='ocrx_word' id='word_1_470' title='bbox 1240 4035 1285 4103; x_wconf 90' lang='lat' dir='ltr'>de</span> <span class='ocrx_word' id='word_1_471' title='bbox 1298 4032 1550 4123; x_wconf 86' lang='lat' dir='ltr'>religionibus,</span> <span class='ocrx_word' id='word_1_472' title='bbox 1574 4034 1618 4102; x_wconf 93' lang='lat' dir='ltr'>de</span> <span class='ocrx_word' id='word_1_473' title='bbox 1633 4033 1791 4104; x_wconf 91' lang='lat' dir='ltr'>motibus</span> <span class='ocrx_word' id='word_1_474' title='bbox 1811 4045 1847 4104; x_wconf 90' lang='lat' dir='ltr'>et</span> <span class='ocrx_word' id='word_1_475' title='bbox 1868 4031 2051 4103; x_wconf 73' lang='lat' dir='ltr'>effectibus</span> 
     </span>
     <span class='ocr_line' id='line_1_51' title="bbox 71 4131 2051 4238; baseline 0.004 -44"><span class='ocrx_word' id='word_1_476' title='bbox 71 4137 181 4238; x_wconf 65' lang='lat' dir='ltr'>tequam</span> <span class='ocrx_word' id='word_1_477' title='bbox 197 4131 465 4232; x_wconf 80' lang='lat' dir='ltr'>etdiligeptiam</span> <span class='ocrx_word' id='word_1_478' title='bbox 487 4135 700 4226; x_wconf 89' lang='lat' dir='ltr'>respondere</span> <span class='ocrx_word' id='word_1_479' title='bbox 713 4135 868 4226; x_wconf 91' lang='lat' dir='ltr'>optimae</span> <span class='ocrx_word' id='word_1_480' title='bbox 885 4135 1015 4204; x_wconf 88' lang='lat' dir='ltr'>volun·-</span> <span class='ocrx_word' id='word_1_481' title='bbox 1065 4135 1293 4218; x_wconf 88' lang='lat' dir='ltr'>coelestibus,</span> <span class='ocrx_word' id='word_1_482' title='bbox 1325 4135 1371 4204; x_wconf 91' lang='lat' dir='ltr'>de</span> <span class='ocrx_word' id='word_1_483' title='bbox 1400 4134 1515 4204; x_wconf 91' lang='lat' dir='ltr'>causis</span> <span class='ocrx_word' id='word_1_484' title='bbox 1538 4133 1794 4220; x_wconf 89' lang='lat' dir='ltr'>mutationum,</span> <span class='ocrx_word' id='word_1_485' title='bbox 1826 4159 1902 4205; x_wconf 93' lang='lat' dir='ltr'>non</span> <span class='ocrx_word' id='word_1_486' title='bbox 1934 4133 2051 4204; x_wconf 91' lang='lat' dir='ltr'>solum</span> 
     </span>
     <span class='ocr_line' id='line_1_52' title="bbox 72 4227 2051 4336; baseline 0.003 -38"><span class='ocrx_word' id='word_1_487' title='bbox 72 4227 115 4336; x_wconf 71' lang='lat' dir='ltr'>⁸²l¹</span> <span class='ocrx_word' id='word_1_488' title='bbox 138 4247 414 4324; x_wconf 86' lang='lat' dir='ltr'>praeceptorum,</span> <span class='ocrx_word' id='word_1_489' title='bbox 452 4237 515 4329; x_wconf 91' lang='lat' dir='ltr'>qui</span> <span class='ocrx_word' id='word_1_490' title='bbox 547 4249 682 4308; x_wconf 87' lang='lat' dir='ltr'>vestrae</span> <span class='ocrx_word' id='word_1_491' title='bbox 715 4235 878 4307; x_wconf 87' lang='lat' dir='ltr'>utilitatis</span> <span class='ocrx_word' id='word_1_492' title='bbox 910 4258 1013 4308; x_wconf 87' lang='lat' dir='ltr'>causa</span> <span class='ocrx_word' id='word_1_493' title='bbox 1065 4235 1320 4320; x_wconf 88' lang='lat' dir='ltr'>animantium,</span> <span class='ocrx_word' id='word_1_494' title='bbox 1345 4233 1525 4305; x_wconf 87' lang='lat' dir='ltr'>sedetiam</span> <span class='ocrx_word' id='word_1_495' title='bbox 1541 4233 1724 4305; x_wconf 89' lang='lat' dir='ltr'>civitatum</span> <span class='ocrx_word' id='word_1_496' title='bbox 1750 4250 1785 4308; x_wconf 90' lang='lat' dir='ltr'>et</span> <span class='ocrx_word' id='word_1_497' title='bbox 1809 4235 2051 4326; x_wconf 90' lang='lat' dir='ltr'>imperiorum,</span> 
     </span>
     <span class='ocr_line' id='line_1_53' title="bbox 39 4315 2051 4436; baseline 0.009 -50"><span class='ocrx_word' id='word_1_498' title='bbox 39 4351 41 4426; x_wconf 54' lang='lat' dir='ltr'>q</span> <span class='ocrx_word' id='word_1_499' title='bbox 73 4315 133 4436; x_wconf 79' lang='lat' dir='ltr'>tubi</span> <span class='ocrx_word' id='word_1_500' title='bbox 154 4324 236 4404; x_wconf 90' lang='lat' dir='ltr'>bane</span> <span class='ocrx_word' id='word_1_501' title='bbox 257 4357 446 4426; x_wconf 89' lang='lat' dir='ltr'>personam</span> <span class='ocrx_word' id='word_1_502' title='bbox 474 4336 730 4429; x_wconf 89' lang='lat' dir='ltr'>imposuerunt.</span> <span class='ocrx_word' id='word_1_503' title='bbox 788 4336 868 4426; x_wconf 89' lang='lat' dir='ltr'>Qua</span> <span class='ocrx_word' id='word_1_504' title='bbox 898 4337 937 4405; x_wconf 91' lang='lat' dir='ltr'>in</span> <span class='ocrx_word' id='word_1_505' title='bbox 962 4360 1012 4418; x_wconf 89' lang='lat' dir='ltr'>re,</span> <span class='ocrx_word' id='word_1_506' title='bbox 1065 4338 1109 4406; x_wconf 91' lang='lat' dir='ltr'>de</span> <span class='ocrx_word' id='word_1_507' title='bbox 1124 4336 1286 4408; x_wconf 87' lang='lat' dir='ltr'>lontibus</span> <span class='ocrx_word' id='word_1_508' title='bbox 1306 4332 1536 4406; x_wconf 90' lang='lat' dir='ltr'>honestorum</span> <span class='ocrx_word' id='word_1_509' title='bbox 1560 4336 1776 4419; x_wconf 86' lang='lat' dir='ltr'>officiorum,</span> <span class='ocrx_word' id='word_1_510' title='bbox 1802 4351 1837 4408; x_wconf 89' lang='lat' dir='ltr'>et</span> <span class='ocrx_word' id='word_1_511' title='bbox 1858 4334 1926 4407; x_wconf 92' lang='lat' dir='ltr'>boc</span> <span class='ocrx_word' id='word_1_512' title='bbox 1939 4357 2051 4427; x_wconf 88' lang='lat' dir='ltr'>genus</span> 
     </span>
     <span class='ocr_line' id='line_1_54' title="bbox 40 4431 2052 4532; baseline 0.006 -38"><span class='ocrx_word' id='word_1_513' title='bbox 40 4461 43 4524; x_wconf 49' lang='lat'><em>3</em></span> <span class='ocrx_word' id='word_1_514' title='bbox 76 4437 121 4494; x_wconf 83' lang='lat' dir='ltr'>ent</span> <span class='ocrx_word' id='word_1_515' title='bbox 136 4431 226 4504; x_wconf 88' lang='lat' dir='ltr'>etiam</span> <span class='ocrx_word' id='word_1_516' title='bbox 246 4437 457 4528; x_wconf 89' lang='lat' dir='ltr'>prudentiae</span> <span class='ocrx_word' id='word_1_517' title='bbox 485 4453 592 4532; x_wconf 86' lang='lat' dir='ltr'>atque</span> <span class='ocrx_word' id='word_1_518' title='bbox 613 4434 844 4510; x_wconf 85' lang='lat' dir='ltr'>humanitatis</span> <span class='ocrx_word' id='word_1_519' title='bbox 866 4451 1012 4520; x_wconf 86' lang='lat' dir='ltr'>vestrae,</span> <span class='ocrx_word' id='word_1_520' title='bbox 1064 4438 1155 4509; x_wconf 85' lang='lat' dir='ltr'>aliis.</span> <span class='ocrx_word' id='word_1_521' title='bbox 1218 4435 1260 4510; x_wconf 94' lang='lat' dir='ltr'>Si</span> <span class='ocrx_word' id='word_1_522' title='bbox 1282 4431 1390 4508; x_wconf 86' lang='lat' dir='ltr'>buius</span> <span class='ocrx_word' id='word_1_523' title='bbox 1413 4438 1586 4530; x_wconf 87' lang='lat' dir='ltr'>perlectae</span> <span class='ocrx_word' id='word_1_524' title='bbox 1615 4439 1795 4508; x_wconf 90' lang='lat' dir='ltr'>doctrinae</span> <span class='ocrx_word' id='word_1_525' title='bbox 1819 4439 2052 4510; x_wconf 89' lang='lat' dir='ltr'>admiratione</span> 
     </span>
     <span class='ocr_line' id='line_1_55' title="bbox 41 4531 2050 4635; baseline 0.001 -31"><span class='ocrx_word' id='word_1_526' title='bbox 41 4531 153 4614; x_wconf 55' lang='lat' dir='ltr'>{metm</span> <span class='ocrx_word' id='word_1_527' title='bbox 178 4559 315 4626; x_wconf 88' lang='lat' dir='ltr'>operam</span> <span class='ocrx_word' id='word_1_528' title='bbox 347 4537 436 4609; x_wconf 94' lang='lat' dir='ltr'>boui</span> <span class='ocrx_word' id='word_1_529' title='bbox 469 4541 665 4612; x_wconf 84' lang='lat' dir='ltr'>consulere.</span> <span class='ocrx_word' id='word_1_530' title='bbox 720 4537 813 4612; x_wconf 89' lang='lat' dir='ltr'>Nam</span> <span class='ocrx_word' id='word_1_531' title='bbox 840 4543 934 4634; x_wconf 93' lang='lat' dir='ltr'>quod</span> <span class='ocrx_word' id='word_1_532' title='bbox 966 4541 1009 4610; x_wconf 89' lang='lat' dir='ltr'>ad</span> <span class='ocrx_word' id='word_1_533' title='bbox 1064 4553 1169 4635; x_wconf 88' lang='lat' dir='ltr'>atque</span> <span class='ocrx_word' id='word_1_534' title='bbox 1186 4563 1306 4610; x_wconf 88' lang='lat' dir='ltr'>amore</span> <span class='ocrx_word' id='word_1_535' title='bbox 1328 4553 1510 4624; x_wconf 86' lang='lat' dir='ltr'>tenemur,</span> <span class='ocrx_word' id='word_1_536' title='bbox 1541 4540 1699 4630; x_wconf 84' lang='lat' dir='ltr'>proiecto</span> <span class='ocrx_word' id='word_1_537' title='bbox 1727 4543 1831 4610; x_wconf 91' lang='lat' dir='ltr'>etiam</span> <span class='ocrx_word' id='word_1_538' title='bbox 1864 4536 2050 4631; x_wconf 87' lang='lat' dir='ltr'>complecti</span> 
     </span>
     <span class='ocr_line' id='line_1_56' title="bbox 76 4638 2046 4742; baseline 0.002 -36"><span class='ocrx_word' id='word_1_539' title='bbox 76 4641 212 4742; x_wconf 59' lang='lat' dir='ltr'>ttqecepta</span> <span class='ocrx_word' id='word_1_540' title='bbox 234 4638 500 4730; x_wconf 81' lang='lat' dir='ltr'>ipsatradeuda</span> <span class='ocrx_word' id='word_1_541' title='bbox 524 4643 670 4726; x_wconf 88' lang='lat' dir='ltr'>attinet,</span> <span class='ocrx_word' id='word_1_542' title='bbox 705 4665 808 4733; x_wconf 89' lang='lat' dir='ltr'>spero</span> <span class='ocrx_word' id='word_1_543' title='bbox 830 4667 888 4712; x_wconf 86' lang='lat' dir='ltr'>me</span> <span class='ocrx_word' id='word_1_544' title='bbox 911 4640 1013 4712; x_wconf 91' lang='lat' dir='ltr'>vobis</span> <span class='ocrx_word' id='word_1_545' title='bbox 1065 4638 1150 4712; x_wconf 90' lang='lat' dir='ltr'>baec</span> <span class='ocrx_word' id='word_1_546' title='bbox 1173 4642 1344 4712; x_wconf 88' lang='lat' dir='ltr'>elementa</span> <span class='ocrx_word' id='word_1_547' title='bbox 1368 4643 1538 4712; x_wconf 90' lang='lat' dir='ltr'>debemus</span> <span class='ocrx_word' id='word_1_548' title='bbox 1565 4643 1608 4710; x_wconf 93' lang='lat' dir='ltr'>de</span> <span class='ocrx_word' id='word_1_549' title='bbox 1632 4643 1789 4711; x_wconf 87' lang='lat' dir='ltr'>numeris</span> <span class='ocrx_word' id='word_1_550' title='bbox 1807 4655 1840 4712; x_wconf 89' lang='lat' dir='ltr'>et</span> <span class='ocrx_word' id='word_1_551' title='bbox 1859 4640 2046 4725; x_wconf 88' lang='lat' dir='ltr'>mensuris,</span> 
     </span>
     <span class='ocr_line' id='line_1_57' title="bbox 77 4731 2143 4838; baseline 0.005 -36"><span class='ocrx_word' id='word_1_552' title='bbox 77 4731 381 4815; x_wconf 60' lang='lat' dir='ltr'>delectummesse.</span> <span class='ocrx_word' id='word_1_553' title='bbox 433 4741 573 4838; x_wconf 87' lang='lat' dir='ltr'>Siquid</span> <span class='ocrx_word' id='word_1_554' title='bbox 593 4744 835 4813; x_wconf 87' lang='lat' dir='ltr'>autemvelin</span> <span class='ocrx_word' id='word_1_555' title='bbox 852 4744 1012 4814; x_wconf 92' lang='lat' dir='ltr'>oratione</span> <span class='ocrx_word' id='word_1_556' title='bbox 1065 4767 1157 4837; x_wconf 89' lang='lat' dir='ltr'>qnae</span> <span class='ocrx_word' id='word_1_557' title='bbox 1173 4745 1308 4815; x_wconf 92' lang='lat' dir='ltr'>aditum</span> <span class='ocrx_word' id='word_1_558' title='bbox 1325 4743 1540 4833; x_wconf 79' lang='lat' dir='ltr'>patefaciunt</span> <span class='ocrx_word' id='word_1_559' title='bbox 1560 4743 1605 4812; x_wconf 91' lang='lat' dir='ltr'>ad</span> <span class='ocrx_word' id='word_1_560' title='bbox 1629 4755 1780 4812; x_wconf 89' lang='lat' dir='ltr'>caeteras</span> <span class='ocrx_word' id='word_1_561' title='bbox 1797 4737 2049 4836; x_wconf 88' lang='lat' dir='ltr'>Philosophiae</span> <span class='ocrx_word' id='word_1_562' title='bbox 2138 4803 2143 4813; x_wconf 93' lang='lat'>.</span> 
     </span>
     <span class='ocr_line' id='line_1_58' title="bbox 78 4839 2049 4946; baseline 0.001 -36"><span class='ocrx_word' id='word_1_563' title='bbox 78 4841 139 4946; x_wconf 55' lang='grc' dir='ltr'>ΠΜ)</span> <span class='ocrx_word' id='word_1_564' title='bbox 165 4839 215 4908; x_wconf 81' lang='lat' dir='ltr'>vel</span> <span class='ocrx_word' id='word_1_565' title='bbox 239 4841 277 4911; x_wconf 92' lang='lat' dir='ltr'>in</span> <span class='ocrx_word' id='word_1_566' title='bbox 300 4844 437 4916; x_wconf 90' lang='lat' dir='ltr'>actione</span> <span class='ocrx_word' id='word_1_567' title='bbox 460 4845 722 4930; x_wconf 89' lang='lat' dir='ltr'>desiderabitis,</span> <span class='ocrx_word' id='word_1_568' title='bbox 754 4847 895 4914; x_wconf 86' lang='lat' dir='ltr'>veniam</span> <span class='ocrx_word' id='word_1_569' title='bbox 920 4840 1010 4914; x_wconf 92' lang='lat' dir='ltr'>mihi</span> <span class='ocrx_word' id='word_1_570' title='bbox 1064 4857 1198 4937; x_wconf 90' lang='lat' dir='ltr'>partes,</span> <span class='ocrx_word' id='word_1_571' title='bbox 1232 4867 1436 4938; x_wconf 88' lang='lat' dir='ltr'>quanquam</span> <span class='ocrx_word' id='word_1_572' title='bbox 1465 4868 1528 4935; x_wconf 91' lang='lat' dir='ltr'>per</span> <span class='ocrx_word' id='word_1_573' title='bbox 1554 4867 1590 4913; x_wconf 87' lang='lat' dir='ltr'>se</span> <span class='ocrx_word' id='word_1_574' title='bbox 1623 4869 1765 4938; x_wconf 92' lang='lat' dir='ltr'>quoque</span> <span class='ocrx_word' id='word_1_575' title='bbox 1797 4845 1950 4918; x_wconf 87' lang='lat' dir='ltr'>multum</span> <span class='ocrx_word' id='word_1_576' title='bbox 1983 4839 2049 4913; x_wconf 89' lang='lat' dir='ltr'>ba-</span> 
     </span>
     <span class='ocr_line' id='line_1_59' title="bbox 45 4922 1626 5038; baseline 0.013 -46"><span class='ocrx_word' id='word_1_577' title='bbox 45 4922 216 5022; x_wconf 82' lang='lat' dir='ltr'>·tlanpeto.</span> <span class='ocrx_word' id='word_1_578' title='bbox 265 4939 429 5035; x_wconf 84' lang='lat' dir='ltr'>Agnosco</span> <span class='ocrx_word' id='word_1_579' title='bbox 443 4945 539 5016; x_wconf 90' lang='lat' dir='ltr'>enim</span> <span class='ocrx_word' id='word_1_580' title='bbox 556 4971 613 5015; x_wconf 91' lang='lat' dir='ltr'>me</span> <span class='ocrx_word' id='word_1_581' title='bbox 634 4945 797 5037; x_wconf 91' lang='lat' dir='ltr'>impediri</span> <span class='ocrx_word' id='word_1_582' title='bbox 813 4949 949 5038; x_wconf 90' lang='lat' dir='ltr'>pudore</span> <span class='ocrx_word' id='word_1_583' title='bbox 971 4971 1011 5016; x_wconf 90' lang='lat' dir='ltr'>ac</span> <span class='ocrx_word' id='word_1_584' title='bbox 1063 4948 1150 5018; x_wconf 88' lang='lat' dir='ltr'>bent</span> <span class='ocrx_word' id='word_1_585' title='bbox 1164 4959 1199 5018; x_wconf 90' lang='lat' dir='ltr'>ct</span> <span class='ocrx_word' id='word_1_586' title='bbox 1214 4945 1394 5036; x_wconf 87' lang='lat' dir='ltr'>dignitatis</span> <span class='ocrx_word' id='word_1_587' title='bbox 1408 4961 1442 5018; x_wconf 92' lang='lat' dir='ltr'>et</span> <span class='ocrx_word' id='word_1_588' title='bbox 1455 4944 1626 5018; x_wconf 89' lang='lat' dir='ltr'>utilitatis.</span> 
     </span>
     <span class='ocr_line' id='line_1_60' title="bbox 78 5035 2134 5140; baseline 0.001 -31"><span class='ocrx_word' id='word_1_589' title='bbox 78 5041 156 5124; x_wconf 70' lang='lat' dir='ltr'>metu,</span> <span class='ocrx_word' id='word_1_590' title='bbox 177 5062 212 5110; x_wconf 90' lang='lat' dir='ltr'>ac</span> <span class='ocrx_word' id='word_1_591' title='bbox 225 5067 269 5114; x_wconf 88' lang='lat' dir='ltr'>ue</span> <span class='ocrx_word' id='word_1_592' title='bbox 283 5049 568 5140; x_wconf 89' lang='lat' dir='ltr'>naturaquidem</span> <span class='ocrx_word' id='word_1_593' title='bbox 589 5049 633 5116; x_wconf 95' lang='lat' dir='ltr'>ad</span> <span class='ocrx_word' id='word_1_594' title='bbox 649 5048 821 5118; x_wconf 88' lang='lat' dir='ltr'>scenicam</span> <span class='ocrx_word' id='word_1_595' title='bbox 836 5048 1009 5118; x_wconf 91' lang='lat' dir='ltr'>actionem</span> <span class='ocrx_word' id='word_1_596' title='bbox 1171 5045 1299 5119; x_wconf 88' lang='lat' dir='ltr'>Viclete</span> <span class='ocrx_word' id='word_1_597' title='bbox 1313 5049 1406 5118; x_wconf 89' lang='lat' dir='ltr'>euim</span> <span class='ocrx_word' id='word_1_598' title='bbox 1422 5071 1527 5140; x_wconf 89' lang='lat' dir='ltr'>quam</span> <span class='ocrx_word' id='word_1_599' title='bbox 1544 5047 1613 5116; x_wconf 88' lang='lat' dir='ltr'>late</span> <span class='ocrx_word' id='word_1_600' title='bbox 1630 5059 1747 5139; x_wconf 88' lang='lat' dir='ltr'>pateat</span> <span class='ocrx_word' id='word_1_601' title='bbox 1766 5069 1850 5118; x_wconf 89' lang='lat' dir='ltr'>usus</span> <span class='ocrx_word' id='word_1_602' title='bbox 1863 5035 2048 5115; x_wconf 87' lang='lat' dir='ltr'>Arithme-</span> <span class='ocrx_word' id='word_1_603' title='bbox 2131 5053 2134 5056; x_wconf 82' lang='grc'><strong>’</strong></span> 
     </span>
     <span class='ocr_line' id='line_1_61' title="bbox 80 5141 2047 5242; baseline 0.003 -34"><span class='ocrx_word' id='word_1_604' title='bbox 80 5141 161 5238; x_wconf 79' lang='lat' dir='ltr'>tptam</span> <span class='ocrx_word' id='word_1_605' title='bbox 179 5165 255 5219; x_wconf 86' lang='lat' dir='ltr'>esse.</span> <span class='ocrx_word' id='word_1_606' title='bbox 303 5145 374 5218; x_wconf 90' lang='lat' dir='ltr'>Sed</span> <span class='ocrx_word' id='word_1_607' title='bbox 397 5165 543 5240; x_wconf 88' lang='lat' dir='ltr'>propter</span> <span class='ocrx_word' id='word_1_608' title='bbox 564 5145 649 5220; x_wconf 88' lang='lat' dir='ltr'>haec</span> <span class='ocrx_word' id='word_1_609' title='bbox 670 5149 893 5220; x_wconf 87' lang='lat' dir='ltr'>incommoda</span> <span class='ocrx_word' id='word_1_610' title='bbox 911 5149 1011 5218; x_wconf 82' lang='lat' dir='ltr'>fasti·</span> <span class='ocrx_word' id='word_1_611' title='bbox 1061 5151 1147 5222; x_wconf 90' lang='lat' dir='ltr'>tices</span> <span class='ocrx_word' id='word_1_612' title='bbox 1163 5149 1202 5220; x_wconf 89' lang='lat' dir='ltr'>in</span> <span class='ocrx_word' id='word_1_613' title='bbox 1216 5149 1440 5233; x_wconf 89' lang='lat' dir='ltr'>oeconomia,</span> <span class='ocrx_word' id='word_1_614' title='bbox 1467 5163 1502 5220; x_wconf 90' lang='lat' dir='ltr'>et</span> <span class='ocrx_word' id='word_1_615' title='bbox 1521 5148 1560 5217; x_wconf 91' lang='lat' dir='ltr'>in</span> <span class='ocrx_word' id='word_1_616' title='bbox 1575 5145 1665 5242; x_wconf 83' lang='lat' dir='ltr'>Rep.</span> <span class='ocrx_word' id='word_1_617' title='bbox 1681 5146 1890 5220; x_wconf 83' lang='lat' dir='ltr'>Aristoteles</span> <span class='ocrx_word' id='word_1_618' title='bbox 1912 5145 2047 5226; x_wconf 80' lang='lat' dir='ltr'>scribit,</span> 
     </span>
     <span class='ocr_line' id='line_1_62' title="bbox 81 5223 2083 5346; baseline 0.005 -41"><span class='ocrx_word' id='word_1_619' title='bbox 81 5223 129 5298; x_wconf 78' lang='lat' dir='ltr'>duc</span> <span class='ocrx_word' id='word_1_620' title='bbox 144 5229 194 5309; x_wconf 88' lang='lat' dir='ltr'>ltas</span> <span class='ocrx_word' id='word_1_621' title='bbox 213 5260 316 5333; x_wconf 88' lang='lat' dir='ltr'>artes,</span> <span class='ocrx_word' id='word_1_622' title='bbox 342 5263 376 5319; x_wconf 92' lang='lat' dir='ltr'>et</span> <span class='ocrx_word' id='word_1_623' title='bbox 400 5251 516 5322; x_wconf 88' lang='lat' dir='ltr'>studia</span> <span class='ocrx_word' id='word_1_624' title='bbox 540 5273 659 5321; x_wconf 84' lang='lat' dir='ltr'>aarum</span> <span class='ocrx_word' id='word_1_625' title='bbox 683 5253 850 5336; x_wconf 87' lang='lat' dir='ltr'>abiicere,</span> <span class='ocrx_word' id='word_1_626' title='bbox 874 5250 1009 5340; x_wconf 87' lang='lat' dir='ltr'>ingenii</span> <span class='ocrx_word' id='word_1_627' title='bbox 1061 5247 1219 5323; x_wconf 84' lang='lat' dir='ltr'>Thraces</span> <span class='ocrx_word' id='word_1_628' title='bbox 1240 5253 1411 5344; x_wconf 88' lang='lat' dir='ltr'>quosdam</span> <span class='ocrx_word' id='word_1_629' title='bbox 1436 5273 1525 5332; x_wconf 89' lang='lat' dir='ltr'>esse,</span> <span class='ocrx_word' id='word_1_630' title='bbox 1553 5251 1615 5346; x_wconf 91' lang='lat' dir='ltr'>qui</span> <span class='ocrx_word' id='word_1_631' title='bbox 1636 5251 1856 5322; x_wconf 90' lang='lat' dir='ltr'>numerando</span> <span class='ocrx_word' id='word_1_632' title='bbox 1876 5272 1950 5319; x_wconf 93' lang='lat' dir='ltr'>non</span> <span class='ocrx_word' id='word_1_633' title='bbox 1965 5273 2049 5338; x_wconf 90' lang='lat' dir='ltr'>pos-</span> <span class='ocrx_word' id='word_1_634' title='bbox 2081 5323 2083 5333; x_wconf 30' lang='grc'>1</span> 
     </span>
     <span class='ocr_line' id='line_1_63' title="bbox 81 5334 2047 5454; baseline -0.001 -34"><span class='ocrx_word' id='word_1_635' title='bbox 81 5334 180 5454; x_wconf 62' lang='lat' dir='ltr'>“illita</span> <span class='ocrx_word' id='word_1_636' title='bbox 191 5347 266 5416; x_wconf 80' lang='lat' dir='ltr'>satis</span> <span class='ocrx_word' id='word_1_637' title='bbox 280 5351 419 5421; x_wconf 91' lang='lat' dir='ltr'>delicati</span> <span class='ocrx_word' id='word_1_638' title='bbox 434 5365 468 5423; x_wconf 90' lang='lat' dir='ltr'>et</span> <span class='ocrx_word' id='word_1_639' title='bbox 481 5353 630 5438; x_wconf 91' lang='lat' dir='ltr'>morosi,</span> <span class='ocrx_word' id='word_1_640' title='bbox 654 5353 684 5422; x_wconf 92' lang='lat' dir='ltr'>si</span> <span class='ocrx_word' id='word_1_641' title='bbox 700 5367 816 5424; x_wconf 89' lang='lat' dir='ltr'>tamen</span> <span class='ocrx_word' id='word_1_642' title='bbox 833 5355 1009 5444; x_wconf 84' lang='lat' dir='ltr'>professor</span> <span class='ocrx_word' id='word_1_643' title='bbox 1058 5369 1142 5426; x_wconf 90' lang='lat' dir='ltr'>sunt</span> <span class='ocrx_word' id='word_1_644' title='bbox 1157 5351 1321 5446; x_wconf 88' lang='lat' dir='ltr'>progredi</span> <span class='ocrx_word' id='word_1_645' title='bbox 1340 5353 1433 5423; x_wconf 91' lang='lat' dir='ltr'>ultra</span> <span class='ocrx_word' id='word_1_646' title='bbox 1456 5367 1619 5446; x_wconf 90' lang='lat' dir='ltr'>quatuor.</span> <span class='ocrx_word' id='word_1_647' title='bbox 1672 5351 1811 5441; x_wconf 89' lang='lat' dir='ltr'>Quaeso</span> <span class='ocrx_word' id='word_1_648' title='bbox 1827 5363 1879 5438; x_wconf 91' lang='lat' dir='ltr'>te,</span> <span class='ocrx_word' id='word_1_649' title='bbox 1903 5375 1948 5420; x_wconf 92' lang='lat' dir='ltr'>an</span> <span class='ocrx_word' id='word_1_650' title='bbox 1965 5347 2047 5419; x_wconf 88' lang='lat' dir='ltr'>tali-</span> 
     </span>
     <span class='ocr_line' id='line_1_64' title="bbox 84 5439 2046 5551; baseline 0.003 -35"><span class='ocrx_word' id='word_1_651' title='bbox 84 5439 167 5508; x_wconf 67' lang='lat' dir='ltr'>aru,</span> <span class='ocrx_word' id='word_1_652' title='bbox 185 5452 312 5536; x_wconf 84' lang='lat' dir='ltr'>generis</span> <span class='ocrx_word' id='word_1_653' title='bbox 333 5453 468 5529; x_wconf 85' lang='lat' dir='ltr'>artilex.</span> <span class='ocrx_word' id='word_1_654' title='bbox 521 5449 598 5545; x_wconf 82' lang='lat' dir='ltr'>Ego</span> <span class='ocrx_word' id='word_1_655' title='bbox 615 5477 699 5528; x_wconf 87' lang='lat' dir='ltr'>vero</span> <span class='ocrx_word' id='word_1_656' title='bbox 723 5455 787 5529; x_wconf 89' lang='lat' dir='ltr'>etsi</span> <span class='ocrx_word' id='word_1_657' title='bbox 803 5450 895 5526; x_wconf 93' lang='lat' dir='ltr'>mibi</span> <span class='ocrx_word' id='word_1_658' title='bbox 913 5449 1008 5526; x_wconf 91' lang='lat' dir='ltr'>nihil</span> <span class='ocrx_word' id='word_1_659' title='bbox 1056 5455 1124 5529; x_wconf 86' lang='lat' dir='ltr'>bus</span> <span class='ocrx_word' id='word_1_660' title='bbox 1154 5467 1255 5551; x_wconf 89' lang='lat' dir='ltr'>putes</span> <span class='ocrx_word' id='word_1_661' title='bbox 1287 5456 1605 5528; x_wconf 89' lang='lat' dir='ltr'>commendandam</span> <span class='ocrx_word' id='word_1_662' title='bbox 1638 5477 1711 5526; x_wconf 88' lang='lat' dir='ltr'>esse</span> <span class='ocrx_word' id='word_1_663' title='bbox 1741 5453 2046 5548; x_wconf 86' lang='lat' dir='ltr'>gubernationem,</span> 
     </span>
    </p>
   </div>
   <div class='ocr_carea' id='block_1_19' title="bbox 0 0 2361 5826">
    <p class='ocr_par' dir='ltr' id='par_1_19' title="bbox 0 0 2361 5826">
     <span class='ocr_line' id='line_1_65' title="bbox 0 0 2361 5826; baseline 0 0"><span class='ocrx_word' id='word_1_664' title='bbox 0 0 2361 5826; x_wconf 95' lang='lat' dir='ltr'> </span> 
     </span>
    </p>
   </div>
  </div>
 </body>
</html>
