4646 5824
106 286 185 362 111
543 271 700 367 utcu
741 283 817 362 uu
842 265 1183 362 craumers
1215 268 1398 360 111111
1430 277 1712 362 nummu
2010 329 2017 346 ·
2072 297 2147 374 111

102 465 272 550 monem,
295 455 335 534 u't
350 459 388 531 in
405 475 500 534 tanta
517 461 748 536 multitudine
762 461 1000 536 diversitatem
1013 483 1099 536 usus
1150 457 1199 536 Ut
1215 483 1319 554 saepe
1334 457 1404 532 levi
1420 473 1535 532 errato
1555 460 1750 554 perieulum
1769 453 1875 538 letale
1898 457 2064 538 homiues
2086 469 2145 542 in-

101 589 144 636 ae
166 567 296 638 virium
321 565 480 638 iuniores
505 567 801 656 contemplentur.
853 559 1099 658 Eupatorium,
1150 581 1251 636 caute
1274 565 1344 636 sibi
1367 578 1567 634 accersunt:
1591 565 1640 636 ita
1668 581 1832 638 econtra
1857 590 1961 660 sagax
1986 574 2144 648 medicus

100 663 278 765 κιχιόριον
290 681 388 759 grata
406 681 489 738 111111
501 667 610 758 epati;
637 664 794 755 Philitis,
819 669 1018 762 aspleuum,
1044 681 1098 741 ta-
1148 691 1250 759 saepe
1267 667 1383 738 letalia
1402 667 1558 759 pericula
1581 669 1747 766 rernediis
1770 673 1964 742 admodum
1988 677 2144 764 vulgari,

100 773 234 856 maris,
260 770 452 856 teucrium,
480 768 607 856 spleni.
1053 845 1058 852 ,
1148 772 1216 840 bus
1231 769 1386 844 discutit.
1438 766 1492 840 Ac
1515 770 1672 862 exempla
1693 771 1843 843 recitare
1858 775 1969 846 multa
1989 801 2142 866 possem.

201 875 356 954 Crocus,
380 873 547 956 sautalis,
573 871 753 956 libanotis,
779 873 936 954 cirsium,
961 872 1097 958 coralli,
1147 871 1220 948 Sed
1233 873 1364 962 opinor
1387 871 1575 964 plerosque
1590 895 1631 940 111
1646 873 1751 944 vobis
1771 875 1882 946 multa
1905 889 1981 946 tum
2004 880 2143 970 legisse,
2263 953 2271 962 ,

98 999 249 1056 sarnam,
276 975 386 1044 cordi.
438 973 646 1056 Artemisia,
673 976 832 1055 melissa,
859 968 1097 1067 parthenium,
1126 987 1222 1054 turn
1239 973 1427 1044 audivisse.

97 1079 302 1171 pulegium,
326 1075 558 1170 lymnesium,
584 1075 734 1146 matrici.
1248 1073 1337 1146 Cum
1355 1074 1463 1164 igitur
1477 1099 1535 1144 ars
1557 1073 1744 1145 utilissima
1772 1075 1817 1147 sit
1833 1077 1924 1150 vitae
1943 1083 1988 1152 ad
2004 1083 2142 1154 valette-

204 1173 458 1273 Glycyrrhiza,
483 1179 564 1262 iris,
591 1178 767 1268 prasium,
792 1177 968 1268 pulmoni.
1146 1178 1265 1248 dinem
1290 1179 1481 1261 tuendam,
1513 1190 1548 1247 ct
1572 1177 1767 1270 plurimum
1790 1180 1971 1269 dignitatis
1997 1201 2143 1276 propter

202 1279 397 1377 Hyssopus,
421 1275 614 1360 helenium,
640 1279 837 1364 adiantum,
858 1276 1096 1367 chamaeleon,
1146 1281 1377 1350 maximarum
1404 1302 1522 1348 rerum
1546 1280 1729 1350 scientiam
1755 1276 1901 1364 habeat,
1934 1299 1967 1356 et
1997 1287 2140 1360 laudata

95 1385 245 1476 pectori.
1144 1379 1189 1450 sit
1209 1379 1406 1473 praeconiis
1429 1379 1581 1466 divinis,
1606 1395 1641 1453 11
1654 1385 1698 1451 de
1721 1383 1945 1474 providentia
1968 1373 2140 1462 monstret

202 1483 340 1569 Salvia,
370 1505 570 1569 amaracus,
599 1503 717 1566 rosae,
743 1477 1006 1579 helichrysum,
1036 1507 1095 1556 re-
1144 1482 1297 1554 illustria
1321 1482 1545 1568 testimonia,
1575 1487 1825 1575 expetendam,
1860 1494 2138 1578 cognoscendam

94 1587 218 1660 rebro.
301 1599 305 1604 “
1144 1598 1178 1656 et
1192 1587 1430 1656 venerandam
1450 1607 1541 1668 esse,
1569 1609 1642 1656 non
1658 1587 1806 1656 dubium
1825 1601 1888 1663 eat.

202 1685 447 1769 Poeniculnm,
470 1679 685 1770 chelidonia,
709 1680 943 1782 euphrosyne,
970 1688 1093 1758 oculis.
1245 1685 1353 1777 Quod
1371 1709 1451 1758 cnm
1466 1687 1515 1756 ita
1529 1686 1595 1770 sit,
1629 1681 1743 1757 honos
1761 1689 1868 1758 etiam
1885 1691 2035 1762 debetur
2051 1692 2138 1764 viris
2251 1689 2253 1692 ’

200 1789 341 1869 Malva,
368 1788 585 1872 melilotnm,
610 1785 855 1872 chamaeleon,
881 1791 1011 1859 nervis.
1142 1787 1247 1858 bonis
1271 1803 1304 1862 et
1331 1787 1501 1872 eruditis,
1540 1788 1603 1882 11111
1633 1803 1667 1860 et
1691 1790 1929 1882 amplissimae
1952 1795 2136 1867 doctrinae

198 1891 429 1964 Scammouea
452 1903 485 1960 et
505 1885 764 1962 rhabarbarum
787 1887 934 1962 trahunt
955 1891 1092 1984 praeci-
1141 1895 1303 1961 custodes
1325 1904 1359 1960 et
1382 1903 1631 1983 propagatores
1644 1906 1749 1977 sunt,
1773 1907 1807 1964 et
1827 1916 1929 1986 saepe
1946 1889 2135 1966 hominnm

93 2019 168 2086 pue
182 1995 309 2063 flavam
328 1993 449 2064 bilem.
1141 1993 1234 2066 vitae
1249 1992 1484 2084 opitulantur.

194 2094 395 2186 Agaricum,
421 2089 615 2183 tripolium.
636 2092 725 2176 aloe,
750 2087 899 2166 trahunt
915 2093 1092 2188 phlegma.
1240 2093 1388 2184 Semper
1410 2094 1446 2162 111
1472 2089 1541 2164 hoc
1565 2093 1692 2164 ordine
1716 2097 1887 2187 possessio
1908 2097 1977 2169 luit
2000 2100 2135 2190 praeci-

195 2195 453 2292 Polypodium,
479 2195 637 2274 colutea,
663 2190 811 2266 trahunt
833 2211 947 2268 atram
969 2199 1090 2272 bilem.
1139 2217 1289 2286 puerum
1308 2191 1559 2288 Philosophiae
1585 2197 1750 2286 partium.
1800 2197 1849 2270 Et
1869 2201 2024 2271 arbitror
2048 2202 2133 2272 inde

197 2297 268 2371 Sed
286 2297 504 2368 enumeratio
519 2297 660 2384 longior
676 2321 748 2366 non
765 2312 816 2368 est
833 2292 940 2370 huius
959 2300 1039 2370 lori.
1138 2319 1250 2391 usque
1267 2321 1287 2366 a
1302 2297 1426 2388 primis
1442 2297 1618 2388 patribus,
1641 2300 1687 2366 ab
1705 2298 1840 2385 Adam,
1865 2296 1989 2386 Nom,
2014 2297 2133 2372 Abra-

196 2397 301 2470 Hanc
321 2413 439 2470 11111111
471 2399 759 2470 distributionem
790 2423 881 2491 pene
913 2402 1089 2474 infinitam
1140 2393 1242 2483 ham,
1270 2393 1412 2489 loseph,
1438 2413 1664 2490 propagatam
1687 2423 1761 2470 esse
1774 2403 1973 2472 doctrinam
1990 2405 2035 2474 de
2050 2429 2131 2476 111-

90 2505 239 2588 ririum,
259 2523 349 2597 quae
364 2515 399 2572 et
416 2502 453 2570 in
471 2500 652 2594 speciebus
668 2514 787 2572 manet
801 2517 983 2594 perpetua,
1006 2528 1087 2576 casu
1139 2501 1285 2572 lestibus
1304 2501 1469 2586 motibus,
1495 2515 1529 2571 et
1546 2503 1590 2572 de
1605 2501 1783 2587 remediis,
1807 2504 1847 2572 in
1863 2505 2010 2576 familiis
2026 2531 2131 2597 prae-

92 2607 265 2690 extitisse,
291 2627 514 2698 nequaquam
532 2616 808 2674 consentaneum
825 2619 889 2679 est.
1138 2601 1387 2674 stantioribus':
1414 2615 1449 2672 et
1467 2615 1647 2696 aaronque
1663 2603 1793 2675 deinde
1808 2607 1853 2674 ab
1870 2606 1943 2698 iis,
1961 2605 2021 2700 qui
2044 2632 2131 2700 pro-

196 2703 347 2778 Etcum
372 2699 596 2776 manifestum
614 2704 680 2789 sit,
702 2705 872 2776 artificem
888 2707 1086 2780 intuentem
1136 2703 1287 2774 sessione
1300 2705 1427 2774 medici
1443 2705 1604 2789 suenmt,
1638 2720 1892 2783 conservatam.

89 2805 280 2880 horninum
300 2821 482 2888 naturam,
508 2803 593 2877 haec
610 2807 642 2876 ei
660 2807 875 2878 adminicula
894 2810 1086 2898 addidisse,
1236 2803 1303 2878 Est
1326 2819 1443 2878 antem
1470 2829 1628 2898 peraeae
1650 2831 1818 2898 maguum
1841 2813 1948 2881 decus
1971 2811 2129 2901 cognitio

89 2914 195 2984 adlici
213 2935 292 2984 eum
309 2933 391 2982 cura
409 2910 547 3000 generis
564 2905 712 2980 hnmani
730 2933 869 2980 necesse
886 2924 949 2986 est.
1136 2922 1205 2979 tam
1221 2909 1411 2982 multarum
1429 2931 1550 2980 remm
1565 2921 1724 2978 motuum
1739 2911 1952 2997 coelestium,
1974 2915 2127 2984 fabrica·
2214 2986 2217 2994 ,

196 3013 293 3104 Quid
310 3024 362 3084 est
388 3023 505 3082 autem
525 3004 708 3082 honestius
734 3026 768 3084 et
794 3007 931 3082 homini
954 3035 1084 3084 conve·
1134 3011 1244 3082 tionis
1269 3005 1419 3082 humani
1450 3010 1609 3104 corporis
1636 3033 1839 3097 causarum,
1869 3029 2013 3107 propter
2037 3040 2128 3110 quas

89 3118 260 3200 nieutins,
276 3139 381 3209 quam
399 3114 436 3182 in
455 3127 581 3184 natura
598 3125 823 3208 quaerentem
835 3115 1085 3204 vestigiadivi-
1135 3113 1223 3184 liunt
1246 3113 1472 3186 alterationes
1494 3113 1533 3184 iu
1556 3113 1783 3206 corporibus,
1809 3113 1894 3186 item
1917 3119 2127 3190 morborum

88 3220 234 3304 nitatis,
259 3217 467 3286 conlirmare
491 3237 608 3284 veram
631 3218 675 3284 de
697 3215 920 3306 providentia
941 3231 1084 3286 senten·
1132 3230 1167 3288 ct
1185 3217 1436 3288 remediorum.
1804 3213 1807 3216 ’

88 3321 194 3406 tiam,
215 3339 402 3411 agnoscere
416 3313 532 3388 Deum
555 3315 736 3407 opificem,
763 3331 798 3388 et
818 3319 998 3388 custodem
1022 3339 1083 3408 ge-
1145 3405 1148 3416 ,
1231 3314 1301 3389 Sed
1321 3319 1435 3388 multo
1459 3317 1573 3388 mains
1597 3320 1704 3390 decrrs
1727 3333 1797 3405 est,
1823 3314 1917 3391 hanc
1941 3321 2125 3393 scientiam

87 3423 187 3494 neris
209 3417 374 3499 humani,
400 3433 435 3490 11
457 3419 654 3509 intelligere
675 3419 780 3490 talem
798 3417 956 3500 esse‘Dei
981 3443 1083 3489 meu·
1130 3419 1173 3486 ad
1191 3419 1339 3488 salertam
1355 3415 1541 3488 hominum
1559 3421 1762 3494 transferre.
1814 3419 2009 3491 ldeoenim
2026 3423 2125 3498 Dens

88 3539 161 3596 11111
176 3536 212 3593 11
226 3525 464 3606 voluntatem,
488 3521 630 3615 1111111111
645 3544 683 3590 11
697 3520 865 3612 expressit
883 3521 921 3590 in
938 3545 977 3590 ea
993 3522 1082 3607 luce,
1131 3521 1324 3612 impertivit
1340 3521 1459 3612 generi
1476 3517 1632 3592 humano
1646 3523 1873 3613 sapientiam:
1899 3525 2069 3614 primum,
2082 3539 2123 3597 111

87 3651 196 3721 quam
212 3625 249 3694 in
264 3649 328 3696 nos
344 3624 546 3706 transfudit,
570 3647 610 3693 ac
627 3623 826 3692 discernere
843 3647 923 3694 111111
940 3645 959 3692 a
978 3624 1082 3694 malis
1130 3623 1223 3714 ipse,
1248 3623 1311 3716 qui
1327 3637 1378 3693 est
1394 3623 1474 3692 fons
1488 3623 1702 3714 sapientiae,
1728 3639 1954 3714 agnoscatur:
1980 3627 2125 3711 deinde,

86 3727 238 3811 naturis,
265 3727 302 3796 in
317 3727 448 3822 quibus
461 3725 598 3794 ordinis
612 3724 774 3794 coralnsio
790 3737 852 3808 est,
877 3737 912 3796 et
927 3725 1081 3816 dirigere
1131 3737 1169 3794 nt
1184 3723 1348 3794 salutaris
1361 3725 1408 3794 sit
1423 3725 1709 3820 quamplurimis.
1758 3721 1805 3797 Et
1822 3725 1883 3820 111ιί
1901 3723 1991 3798 hanc
2008 3741 2121 3802 artem

84 3830 234 3900 consilia
253 3841 287 3900 et
305 3850 420 3898 mores
441 3829 485 3896 ad
504 3828 602 3896 illam
625 3850 786 3898 normam
803 3826 841 3896 in
858 3840 978 3898 mente
993 3851 1080 3898 con-
1129 3825 1280 3896 fideliter
1297 3842 1477 3912 exercent,
1503 3828 1540 3898 in
1559 3823 1615 3897 his
1629 3851 1767 3898 necesse
1785 3841 1836 3900 est
1851 3831 2031 3920 copulatas
2047 3854 2123 3904 esse
2178 3903 2191 3910 ,

83 3945 269 4024 gruentem
283 3953 363 4001 cum
382 3953 504 4000 norma
521 3927 656 4000 divina.
1127 3928 1258 3998 maritas
1274 3929 1442 4008 virtutes.
1468 3930 1718 4014 surditionem,
1743 3931 1978 4022 diligentiam,
2001 3933 2123 4018 fidem,

188 4033 283 4104 Haec
296 4031 448 4101 maxime
461 4031 657 4100 tenendum
672 4042 835 4100 naturam
850 4053 935 4114 esse,
956 4055 1079 4102 omnes
1127 4031 1389 4113 assiduitatem,
1415 4033 1658 4121 prudentiam,
1687 4032 1908 4102 tolerantiam
1933 4035 1971 4102 in
1996 4037 2121 4106 multis
2198 4049 2205 4066 '

81 4137 162 4208 sani
186 4135 406 4224 intelligunt:
435 4157 508 4203 non
532 4132 592 4202 illa
609 4129 817 4226 Cyclopica,
841 4156 932 4226 qnae
956 4133 1078 4204 fureu—
1125 4133 1285 4202 molestis
1301 4135 1406 4203 rebus
1423 4132 1653 4223 perferendis.
1706 4131 1787 4203 Tali
1811 4135 1948 4204 medico
1967 4137 2122 4208 iustissi-

82 4255 136 4312 ter
166 4237 362 4308 defendunt
390 4229 578 4326 Epicurei,
617 4235 736 4304 omnia
765 4257 844 4304 casu
879 4257 920 4302 ex
951 4235 1078 4304 atomis
1127 4257 1222 4304 mum
1240 4248 1291 4306 est
1306 4235 1406 4304 omni
1422 4257 1549 4323 genere
1562 4234 1669 4304 officii
1687 4235 1811 4305 referri
1829 4237 1991 4326 gratiam.

81 4341 233 4412 conflata
249 4361 342 4421 esse,
368 4337 453 4407 ferri
471 4350 506 4408 et
528 4336 700 4406 conscindi
719 4336 836 4404 omnia
858 4335 936 4405 sine
951 4337 1079 4406 ordine
1226 4333 1297 4406 Sed
1314 4361 1389 4408 nun
1405 4349 1544 4407 tantum
1562 4337 1658 4426 vulgi
1673 4337 1890 4428 ingratitudo
1909 4340 1946 4408 in
1966 4335 2033 4410 hoc
2056 4364 2119 4430 gc-

80 4444 205 4514 etsine
220 4455 337 4512 mente
352 4440 517 4521 rectrice,
542 4461 583 4508 ae
599 4437 855 4508 subindealios
869 4438 1024 4506 mundos
1041 4453 1076 4510 11
1124 4458 1209 4506 uere
1224 4460 1350 4528 magna
1366 4451 1436 4528 111,
1461 4441 1521 4508 sed
1539 4437 1644 4508 etiam
1661 4453 1858 4530 potentum.
1909 4437 1956 4512 Et
1978 4443 2036 4512 vix
2053 4444 2116 4512 alii
2212 4507 2220 4523 ,

79 4547 168 4615 alias
190 4543 321 4635 species
345 4540 444 4613 oriri.
497 4539 648 4612 Talibus
672 4539 855 4610 furoribus
879 4563 1077 4630 repugnare
1123 4539 1263 4629 saepius
1285 4541 1518 4632 experiuntur
1538 4563 1663 4608 versun
1687 4541 1909 4612 essedictum
1926 4544 2117 4616 usitatum:

78 4672 154 4718 uon
179 4645 295 4716 solum
320 4643 513 4734 sapientia,
550 4644 610 4711 sed
633 4640 937 4712 etiamexcellens
960 4642 1074 4712 virtus
1124 4654 1201 4726 post
1224 4665 1356 4712 munus
1380 4641 1478 4712 illico
1503 4639 1652 4713 senescit
1675 4644 1805 4732 gratia,
1839 4667 1945 4737 quam
1973 4647 2116 4720 medici.

78 4764 148 4834 est,
172 4759 270 4838 grata
285 4743 379 4830 Deo,
406 4757 439 4814 et
464 4770 527 4838 pro
546 4769 614 4838 qua
632 4744 831 4813 redduntur
846 4743 1000 4834 praemia
1016 4745 1074 4812 di·
1122 4739 1245 4813 Bonae
1269 4759 1405 4815 mentes
1430 4758 1548 4814 tamen
1571 4743 1796 4816 considerent
1816 4745 1995 4836 primum.
2026 4746 2115 4838 quid

76 4852 223 4922 vinitas.
278 4845 327 4920 Ut
349 4859 523 4917 autemet
546 4843 746 4916 evidentius
762 4845 908 4913 refutari
926 4847 1075 4931 vanitas,
1122 4841 1199 4914 Deo
1212 4846 1328 4918 autori
1345 4846 1437 4917 vitae
1451 4859 1486 4916 et
1501 4845 1743 4915 remediorum
1760 4847 1926 4918 debeant.
1974 4845 2117 4918 Deinde

74 4968 109 5024 et
138 4951 274 5022 maiore
304 4949 415 5019 animi
447 4948 643 5018 constantia
674 4945 790 5014 rabies
812 4941 1070 5038 Epicureorum
1121 4971 1226 5039 quam
1242 4963 1445 5020 reverenter
1458 4949 1503 5016 de
1516 4947 1678 5018 doctrina
1694 4949 1919 5019 sentiendum
1936 4948 1990 5022 sit.
2043 4947 2116 5022 Po·

75 5055 206 5149 possit,
237 5051 437 5144 aspectione
459 5044 689 5143 pulcherrimi
711 5048 850 5118 ordinis
873 5047 910 5118 in
932 5063 1071 5134 natura,
1119 5061 1212 5132 stea,
1236 5050 1324 5144 quid
1342 5049 1475 5120 Medici
1491 5049 1698 5134 laboribus,
1720 5051 1823 5134 balei,
1850 5050 2117 5122 11111111ἰί111-

75 5159 112 5228 in
137 5157 317 5226 mentibus
342 5153 522 5245 persuasio
546 5153 591 5220 de
620 5151 843 5244 providentia
872 5151 1070 5238 diligentis-
1119 5150 1255 5224 beatur.
1295 5147 1392 5222 Haec
1410 5175 1489 5222 111111
1506 5165 1714 5243 reputarent
1729 5153 1900 5242 sapientes
1916 5151 2116 5249 Principes,

73 5261 163 5332 sime
185 5257 426 5340 confirmanda
453 5269 524 5338 est,
549 5277 651 5344 saepe
670 5253 965 5342 contemplandae
985 5266 1069 5324 111111
1118 5249 1155 5320 in
1179 5275 1307 5343 magno
1331 5245 1468 5324 honore
1483 5256 1579 5344 apud
1599 5277 1659 5324 eos
1673 5253 1804 5324 medici
1824 5255 1989 5340 brerrrut,
2016 5259 2113 5350 apud

73 5377 221 5434 naturae
235 5373 373 5450 partes,
397 5358 637 5427 membrorum
654 5355 856 5437 fabricatio,
882 5355 1067 5443 experien-
1115 5347 1304 5424 Ezechiam
1322 5351 1455 5440 Esaias,
1480 5357 1575 5448 apud
1590 5354 1738 5426 Darium
1756 5353 1985 5443 Democedes,
2006 5385 2113 5451 11111111

72 5469 119 5537 tia
138 5463 355 5556 respondens
371 5460 553 5531 doctrinae
572 5459 608 5526 in
626 5481 693 5527 11111
715 5458 1058 5535 medicamentorum
1090 5466 1093 5522 ἶ
1115 5454 1251 5529 remisit
1269 5457 1309 5528 in
1330 5457 1482 5550 patriam
1504 5469 1650 5528 onerata
1674 5458 1758 5528 navi
1781 5481 1870 5530 auro
1891 5483 1933 5530 ac
1949 5476 2113 5552 argento:
