4614 5820
62 285 127 362 su
321 246 324 257 ’
708 262 873 352 nucu
910 271 987 352 nn
1020 213 1399 350 narranaam.
2007 271 2084 350 sss
2169 376 2172 382 Ι

62 465 248 530 numentum
266 442 473 542 philosophi
486 446 596 520 vestri
619 460 804 546 nunquam
821 449 1032 544 periturum,
1085 421 1254 518 coniectis
1269 445 1442 537 paulatim
1455 446 1566 518 ferme
1576 447 1683 544 rebus
1696 447 1865 520 omnibus
1880 444 1994 546 (prob
2010 451 2086 546 eius

62 560 116 653 ipsi
126 556 253 627 iudices
266 551 376 638 eritis,
396 551 598 622 sistudinm
611 553 812 624 medicinae
827 555 897 624 civi
914 569 1031 626 vestro
1086 570 1230 645 quoque
1251 549 1305 618 rei
1325 549 1535 620 memoriam
1557 550 1763 640 lugubrem)
1784 552 1830 622 ad
1849 551 1965 622 sidera
1980 554 2086 646 spiri·

61 659 285 734 claritudinem
304 653 461 747 peperit,
486 677 532 723 an
552 654 671 746 potius
688 669 864 727 astrorum
888 657 1032 748 peritia:
1085 667 1164 724 tum
1179 652 1315 722 reddis:
1342 675 1470 746 meque
1487 653 1627 742 penitus
1640 655 1769 724 orbum
1785 655 1998 748 reliquisses,
2014 657 2086 726 nisi

60 765 180 857 utrique
192 761 286 830 enim
301 757 439 829 tametsi
455 756 650 850 plurimum
667 781 794 852 operae
808 759 1033 853 impenderit,
1085 757 1251 850 princeps
1286 755 1348 823 ille
1382 755 1646 826 munificentiae
1680 779 1828 828 manum
1861 760 2087 849 porrexisset,

59 869 110 940 illa
132 864 271 958 quidem
296 883 441 952 prorsus
466 871 619 946 tacetur,
660 855 747 931 haec
781 887 863 934 vero
899 881 1030 932 nomen
1085 859 1224 930 tametsi
1239 871 1370 929 statum
1386 871 1487 928 tuum
1498 872 1622 929 nactus
1637 881 1759 934 essem.
1786 859 1884 949 Quid
1902 861 2013 951 igitur
2026 885 2086 932 re-

59 993 145 1040 suum
165 963 363 1034 immortale
386 961 536 1055 posteris
558 963 684 1036 effecit.
737 962 900 1036 Gaudete
923 965 1034 1054 igitur
1085 963 1226 1056 liqunrn
1252 973 1346 1044 erat,
1371 960 1443 1028 nisi
1459 974 1501 1031 ut
1522 961 1709 1032 orbitatem
1733 962 1801 1031 viri
1825 963 2012 1032 clarissimi
2030 985 2086 1060 se·-

59 1067 247 1143 oPatavini
269 1063 504 1150 nobilissimi,
537 1065 668 1158 quibus
692 1089 829 1159 semper
854 1067 1031 1138 clarorum
1086 1065 1225 1135 ctarer?
1250 1078 1412 1156 coeptum
1437 1063 1545 1132 foelix
1567 1079 1669 1135 tuum
1692 1087 1759 1156 pro
1774 1065 1914 1136 viribus
1936 1090 2086 1160 exeque-

59 1176 196 1244 virorum
214 1169 330 1240 studia
348 1167 468 1236 decori
490 1167 603 1238 inere.
649 1167 725 1240 Sed
742 1169 801 1240 vix
819 1167 970 1241 Antonii
989 1169 1033 1239 de
1086 1167 1168 1238 rer?
1199 1165 1298 1237 Duce
1314 1165 1433 1260 itaque
1456 1179 1607 1256 patrono
1625 1167 1808 1236 communi
1824 1166 1977 1240 Romam
2001 1191 2085 1260 pro-

58 1276 166 1346 liente
181 1271 279 1345 Ulmi
294 1269 497 1339 meminisse
514 1293 705 1362 parumper
724 1273 856 1360 ausim,
881 1273 938 1343 cui
958 1293 1034 1342 non
1086 1271 1210 1354 iectus,
1234 1293 1334 1338 more
1351 1291 1431 1336 meo
1447 1268 1560 1338 literis
1577 1291 1752 1354 exerceor,
1776 1270 1841 1342 ubi
1857 1271 1987 1363 scripta
2002 1269 2084 1362 plu-

58 1377 233 1460 medicina‚
264 1375 325 1442 sed
347 1383 524 1442 astrorum
551 1373 667 1444 studia
693 1399 826 1446 nomen
848 1390 1032 1446 aeternum
1087 1374 1178 1442 rima
1205 1368 1424 1441 Graecorum
1461 1371 1740 1440 clarissimorum
1772 1375 1818 1441 ad
1850 1373 1981 1452 literas
2004 1395 2084 1442 suas

58 1479 223 1573 reliquere,
248 1475 297 1546 ita
310 1489 484 1545 nostrates
498 1469 688 1548 hortantur
701 1473 923 1572 philosophi:
950 1501 1032 1548 nam
1087 1475 1273 1547 discendas
1302 1497 1358 1542 me
1388 1473 1561 1554 invitant,
1602 1497 1673 1567 quo
1697 1473 1855 1547 latinitas
1881 1475 1920 1545 in
1946 1475 2086 1560 studiis,

58 1579 261 1654 utBritones
291 1589 398 1671 atque
427 1575 552 1647 Gallos
580 1577 619 1648 in
649 1574 717 1650 hoc
748 1583 947 1652 studiorum
974 1603 1033 1672 ge·
1087 1575 1292 1670 praesertim
1317 1570 1591 1661 mathematicis,
1625 1577 1837 1669 locupletior
1864 1581 2084 1649 redderetur.

59 1709 129 1755 nere
149 1679 442 1752 celebratissimos
464 1693 699 1772 praeteream,
725 1677 896 1755 Albertus
913 1696 1035 1753 noster
1088 1679 1159 1752 Sed
1173 1692 1214 1750 ut
1232 1679 1344 1748 multa
1358 1678 1500 1749 silentio
1515 1691 1755 1770 praeteream,
1779 1703 1821 1750 eo
1837 1683 1981 1751 tandem
1997 1704 2086 1749 ven·

59 1787 191 1876 Magnus
201 1783 385 1875 ingenium
400 1804 506 1851 suum
518 1783 703 1853 literarum
716 1787 835 1856 studio
851 1787 1034 1870 idoneum,
1087 1797 1163 1854 tum
1177 1794 1246 1866 est,
1269 1793 1310 1851 ut
1324 1803 1426 1850 causa
1445 1781 1588 1873 quidem
1605 1781 1790 1872 religionis
1805 1778 2032 1854 Christianae
2046 1785 2086 1852 in

59 1886 1033 1980 Astronomiaeautemaccommodatissimumdepromit:
1088 1881 1275 1955 Graeciam
1295 1883 1412 1954 iturus
1435 1883 1481 1954 sit
1503 1881 1681 1954 Dominus
1703 1909 1804 1956 meus
1831 1886 2086 1956 reverendissi-

59 1992 104 2061 cni
118 1989 322 2081 ampliorem
343 1987 461 2056 locum
478 2001 598 2058 nostra
615 1989 788 2062 tribueret
803 1991 938 2076 oratio,
963 1991 1035 2060 nisi
1086 2011 1183 2058 mus:
1211 2008 1275 2077 ego
1297 2011 1383 2056 vero
1408 2009 1451 2056 ex
1473 1985 1708 2079 dispositione
1723 2009 1787 2058 sua
1807 1999 1913 2082 atque
1934 1989 2084 2080 imperio

59 2093 173 2182 egregia
188 2111 251 2162 sua
266 2089 426 2158 facinora
442 2089 565 2158 orbern
580 2103 695 2161 terrae
709 2094 818 2166 terme
832 2107 946 2166 totum
963 2095 1032 2163 iam
1086 2088 1126 2158 iu
1149 2085 1216 2182 hoc
1242 2089 1535 2158 excellentissimo
1557 2087 1676 2158 studio
1696 2103 1812 2160 vestro
1834 2091 1943 2181 gratia
1963 2092 2086 2161 litera-

60 2196 109 2265 diu
120 2204 367 2287 penetrassent.
419 2175 598 2279 Quocirca
619 2205 699 2284 post
720 2195 894 2286 plurimos
913 2197 1034 2266 natio·
1085 2215 1167 2262 rum
1183 2193 1511 2284 prosequendarum
1530 2192 1569 2260 in
1591 2213 1729 2282 gregem
1744 2207 1899 2264 vestrum
1922 2194 2085 2286 recipiar.

60 2299 104 2365 nis
122 2307 258 2367 nostrae
286 2292 546 2383 insignissimos
570 2307 746 2366 astrorum
777 2300 1034 2392 contemplato-
1086 2293 1226 2368 Dabitis
1251 2317 1354 2384 spero
1379 2318 1445 2386 pro
1475 2289 1695 2366 humanitate
1718 2309 1833 2368 vestra
1858 2297 2019 2381 veniam,
2056 2297 2086 2365 si

59 2423 111 2484 res,
132 2413 165 2470 te
176 2397 321 2470 tandem
337 2393 471 2483 Georgi
488 2397 532 2464 de
545 2393 742 2489 Peurpach‚
768 2396 1034 2473 Germanorum
1087 2397 1195 2490 paulo
1216 2395 1365 2465 liberius
1381 2396 1519 2486 evagari
1534 2395 1632 2466 visus
1658 2397 1743 2484 sim,
1769 2423 1808 2468 ac
1832 2400 1958 2468 seriem
1984 2421 2087 2491 pere-

60 2525 191 2592 perenne
217 2501 326 2568 decus
353 2497 533 2589 appellare
553 2499 698 2582 iubeor,
732 2502 889 2594 quinon
914 2504 1033 2574 minus
1087 2497 1299 2590 grinationis
1324 2523 1422 2569 meae
1441 2499 1682 2590 importunius
1703 2502 1944 2594 expresserim.
1994 2499 2086 2571 Coe-

59 2603 133 2674 vitae
148 2601 359 2692 integritate,
379 2623 486 2692 quam
502 2594 755 2693 Philosophiae
770 2605 943 2677 doctrinis
957 2607 1036 2698 pol·
1089 2615 1185 2693 ptam
1200 2624 1330 2695 quaeso
1346 2623 1427 2692 erga
1442 2625 1499 2670 me
1520 2603 1804 2672 benevolentiam
1820 2604 2019 2696 producite,
2045 2616 2087 2673 ut

60 2705 151 2776 lebas:
176 2705 216 2774 in
231 2697 495 2774 Mathematicis
511 2715 629 2774 autem
646 2729 770 2775 omnes
793 2707 860 2776 tibi
876 2723 1035 2779 contem·
1087 2703 1192 2775 liceat
1213 2704 1343 2772 calcem
1366 2704 1538 2774 orationis
1564 2706 1823 2798 aequanimiter
1844 2708 1889 2776 ad
1914 2705 2086 2777 orationis

59 2829 209 2897 poraneus
231 2807 341 2895 longe
361 2804 538 2884 anteibas‚
566 2806 668 2876 cuius'
686 2829 911 2880 nomennon
927 2811 1035 2881 modo
1087 2806 1274 2900 periodum
1289 2829 1490 2898 properare.
1541 2803 1672 2877 Parum
1688 2821 1805 2878 autem
1827 2811 1883 2879 lex
1899 2807 2085 2879 divisionis

60 2910 193 2980 nationis
210 2922 354 2978 nostrae
368 2901 532 2976 homines
548 2908 686 2978 celebre
700 2911 891 2998 ducebant,
909 2937 1035 2984 verum
1087 2907 1280 3002 superioris
1295 2931 1362 2978 nos
1378 2908 1638 2996 remorabitur,
1664 2935 1755 3004 quae
1773 2925 1926 2982 caeteras
1942 2907 2086 2982 Mathe-

59 3013 145 3082 etiam
161 3010 259 3081 Galli
273 3033 314 3080 ac
329 3006 411 3080 Itali
429 3005 655 3080 vehementer
669 3013 836 3084 admirati
854 3028 948 3100 sunt,
974 3014 1035 3109 qui
1088 3010 1208 3082 matici
1221 3011 1359 3102 generis
1375 3023 1490 3102 partes
1504 3013 1612 3082 taceri
1625 3005 1700 3082 non
1716 3013 1820 3108 sinit,
1839 3038 1991 3108 quarum
2007 3037 2086 3086 earn

60 3113 130 3182 olim
142 3115 178 3182 in
194 3115 284 3184 urbe
302 3107 369 3182 hac
386 3110 666 3202 praeclarissima
682 3110 950 3186 Astronomiam
968 3141 1036 3208 pu·
1088 3138 1179 3209 quae
1203 3114 1402 3206 quadruvio
1427 3114 1616 3197 inseritur,
1641 3113 1818 3186 Musicam
1842 3114 1947 3188 lubal
1970 3135 2088 3212 quen*

59 3214 134 3284 blice
150 3214 321 3298 docuisti,
345 3211 524 3306 plerisque
547 3213 694 3306 insuper
710 3211 769 3287 hic
792 3222 1036 3309 praesentibus
1088 3219 1170 3287 dam
1196 3216 1374 3286 invenisse
1396 3217 1565 3286 clamant:
1599 3219 1769 3289 nonnulli
1793 3233 1911 3291 autem
1934 3217 2086 3290 Herme-

61 3329 86 3386 et
105 3317 188 3405 lama
212 3316 375 3406 cognitus
396 3336 453 3398 es,
481 3327 516 3384 et
533 3315 622 3386 visu.
675 3313 730 3388 Te
745 3317 886 3390 Vienna
911 3323 1037 3392 docto·
1088 3333 1160 3390 tem
1174 3317 1214 3386 in
1233 3319 1354 3388 littore
1369 3319 1477 3388 maris
1495 3320 1801 3407 deambulantem,
1827 3324 2011 3393 occasione
2033 3337 2086 3393 te-

60 3442 119 3488 rem
145 3421 273 3490 artium
304 3417 437 3486 creavit
460 3417 719 3506 dignissimum.
772 3419 827 3491 'l'e
850 3422 1037 3494 Ladislaus
1089 3421 1252 3491 studinis.
1273 3423 1317 3490 ad
1348 3421 1474 3512 pedem
1502 3443 1605 3491 soum
1637 3423 1855 3510 resonantis,
1889 3425 2086 3518 primordia

60 3521 129 3590 olim
142 3519 344 3613 Hungariae
359 3541 419 3588 rex
435 3531 679 3590 astronomum
693 3521 761 3592 sibi
776 3525 917 3615 delegit.
950 3525 1036 3596 Tibi
1089 3519 1197 3593 huius
1229 3521 1314 3592 artis
1348 3522 1512 3592 statuisse
1542 3535 1727 3596 testantur.
1779 3525 1941 3597 Potiores
1966 3541 2085 3597 tamen

61 3621 242 3694 Fridericus
266 3620 396 3693 Caesar
429 3645 495 3713 pro
528 3621 723 3692 virtutibus
746 3626 817 3696 tuis
848 3627 1036 3697 munificus
1089 3637 1206 3718 partes
1221 3619 1327 3694 habet
1342 3619 1561 3719 Pythagoras
1579 3625 1641 3694 ille
1657 3625 1810 3712 Samius,
1829 3629 1898 3722 ‘qui
1914 3629 2086 3700 instinctu

61 3740 129 3798 erat.
178 3725 344 3816 Longum
370 3736 460 3793 esset
483 3724 632 3795 recitare
654 3725 815 3816 singulos
840 3726 1036 3821 Principes,
1089 3727 1271 3796 labrorum
1286 3726 1503 3812 rudentium,
1530 3729 1677 3797 eandem
1694 3729 1790 3799 sonis
1807 3731 1892 3822 ipsis
1910 3744 1943 3801 et
1958 3753 2086 3820 corpo-

61 3829 201 3899 doctrina
214 3843 276 3900 tua
291 3827 447 3899 affectos.
494 3821 635 3897 Omitto
652 3831 748 3922 qnod
764 3831 931 3902 dominus
946 3829 1036 3901 Car-
1089 3829 1189 3899 ribus
1206 3829 1417 3900 sonantibus
1440 3830 1708 3922 proportionem
1727 3855 1800 3902 esse
1816 3833 1963 3916 didicit,
1989 3833 2085 3901 unde

61 3931 172 4002 dinalis
206 3927 448 4003 sancti-Petri
476 3929 521 3996 ad
548 3929 691 4000 vincula
724 3955 977 4024 saepenumero
1003 3947 1036 4004 te
1089 3955 1189 4002 suam
1214 3932 1342 4024 cuique
1367 3934 1619 4002 consonantiae
1644 3933 1911 4026 proportionem
1930 3934 2086 4020 eliciens,

61 4032 242 4105 domesticis
264 4033 338 4102 suis
360 4031 596 4100 adnumerare
612 4033 736 4108 voluit.
788 4033 897 4123 Quod
919 4037 1037 4105 domi·
1089 4047 1199 4107 totam
1223 4048 1401 4124 postremo
1426 4048 1538 4105 artem
1562 4036 1601 4104 in
1620 4037 1779 4106 numeris
1802 4059 1981 4108 sonorum·
1999 4060 2091 4107 που·ι

61 4157 117 4203 nus
138 4133 286 4206 loannes
299 4131 531 4202 Varadiensis
552 4128 751 4225 Episcopus
775 4138 887 4208 multa
909 4153 944 4208 te
967 4133 1038 4209 hu·
1090 4136 1291 4209 summavit.
1366 4134 1502 4206 Paucos
1535 4139 1729 4208 admodum
1763 4140 1871 4208 luisse
1897 4139 2086 4230 scriptores

61 4237 210 4309 maritate
231 4235 414 4328 amplexus
435 4247 497 4308 est.
556 4233 627 4306 Sed
648 4236 897 4308 Bessarionem
927 4242 1037 4312 bene-
1092 4236 1251 4308 Musicos
1266 4237 1457 4328 comperio.
1491 4235 1668 4310 Musicam
1684 4237 1803 4310 Boia'tii
1821 4241 1925 4312 latini
1941 4237 2086 4323 habent,

61 4337 211 4409 factorem
244 4361 469 4409 communem
503 4351 666 4408 nostrum
695 4353 802 4434 atque
834 4356 1037 4433 patronum,
1090 4339 1191 4410 cuius
1213 4341 1404 4410 sententias
1425 4341 1612 4435 plerasque
1630 4341 1779 4412 loannes
1804 4347 1848 4413 de
1866 4343 1983 4414 Muris
2006 4367 2087 4414 suc-

61 4431 320 4537 handquaquam
342 4439 535 4531 praeterire
555 4440 656 4525 licet,
687 4441 820 4535 quippe
840 4447 903 4538 qni
923 4445 1037 4514 excel·
1090 4443 1205 4512 cincte
1228 4441 1427 4514 coadiuvit:
1454 4467 1561 4536 quam
1583 4443 1688 4535 plane
1710 4445 1902 4537 intelliget,
1926 4446 2087 4540 quisquis

63 4539 175 4614 lentiae
204 4559 286 4618 tuae
318 4541 563 4612 testimonium
592 4544 756 4632 praebuit
783 4546 943 4616 solenne:
981 4546 1038 4616 in·
1090 4545 1268 4615 decimum
1284 4543 1428 4614 lordani
1443 4547 1657 4616 elementum
1675 4549 1758 4618 satis
1773 4561 1901 4621 teneat.
1947 4547 2086 4618 Musica

63 4641 192 4733 dignum
207 4646 364 4739 prolecto
380 4644 593 4730 arbitratus,
618 4658 659 4714 ut
676 4645 770 4717 inter
788 4661 1038 4719 conterraneos
1091 4653 1232 4717 demum
1249 4643 1443 4716 Ptolemaei
1462 4661 1501 4718 ut
1517 4649 1626 4719 latina
1642 4649 1750 4735 lieret,
1776 4637 1943 4721 dominus
1958 4647 2087 4720 Cardi-

63 4756 129 4815 tuos
144 4751 248 4820 vitam
265 4746 450 4818 obscurius
465 4769 594 4835 ageres,
620 4747 708 4840 quin
726 4745 861 4818 ltaliam
875 4751 1037 4821 omnium
1091 4749 1183 4819 nelis
1197 4747 1309 4820 sancti
1323 4745 1418 4818 Petri
1442 4753 1486 4818 ad
1502 4751 1643 4839 vincula
1669 4765 1799 4824 aestate
1825 4752 1999 4846 superiori
2015 4751 2087 4821 sol-

65 4850 245 4922 studiorum
258 4872 386 4941 genere
401 4849 688 4920 florentissimam
705 4865 892 4941 repeteres.
931 4851 1038 4923 Prin·
1091 4852 1210 4922 licitus
1242 4863 1330 4922 erat.
1382 4849 1547 4924 Succedit
1581 4854 1686 4924 etiam
1721 4857 1875 4946 speciosa
1902 4855 2084 4923 radiorum
2152 4893 2153 4898 κ

66 4969 131 5041 ceps
152 4953 260 5043 igitur
282 4953 343 5022 ille
359 4950 588 5041 dignissimus
607 4951 811 5044 paciscitur,
835 4969 874 5024 ut
894 4979 965 5024 una
984 4981 1038 5026 se-
1091 4953 1280 5024 visualium
1307 4952 1512 5045 disciplina,
1545 4981 1653 5050 quam
1678 4955 1798 5028 Latini
1831 4957 2087 5048 perspectivam

67 5073 132 5121 curo
145 5059 185 5125 ad
195 5055 330 5126 ltaliam
346 5056 517 5123 concedas
533 5051 636 5150 (narn
655 5069 740 5124 tunc
754 5055 938 5145 legationis
955 5081 1040 5148 pro·
1091 5068 1237 5125 vocant:
1270 5055 1371 5124 cuius
1394 5057 1562 5127 volumen
1579 5073 1659 5128 octo
1682 5073 1912 5140 tractatuum,
1929 5057 2088 5126 arabico

67 5152 165 5226 vincia
178 5159 244 5228 sibi
258 5158 385 5230 tradita
401 5156 470 5226 fuit
482 5155 824 5253 perAlemanniam)
839 5158 1037 5229 collibitum
1090 5157 1276 5227 inventore
1291 5153 1479 5244 Alhacem,
1504 5163 1548 5229 ad
1564 5159 1747 5232 Romanos
1763 5153 1995 5252 philosophos
2015 5173 2087 5228 tra-

69 5261 310 5351 esteresti'gio,
333 5281 449 5352 neque
466 5271 606 5349 pactum
623 5254 690 5329 hoc
711 5283 863 5350 perenne
877 5261 1038 5331 futurum
1091 5263 1238 5330 ductum
1254 5271 1315 5344 est,
1337 5285 1417 5329 cum
1433 5261 1554 5332 libello
1573 5285 1638 5333 suo
1655 5265 1700 5333 de
1716 5261 1941 5354 crepusculis.
1973 5260 2088 5330 Vitel-

70 5361 254 5450 suspicaris,
277 5363 348 5433 nisi
364 5383 481 5430 comes
496 5361 561 5432 tibi
578 5361 805 5456 fierem,·qni
821 5378 904 5433 tunc
921 5375 956 5433 et
975 5388 1040 5432 an·
1091 5363 1141 5432 lio
1165 5376 1282 5432 autem
1314 5376 1433 5432 noster
1460 5362 1643 5456 Turingus
1677 5365 1834 5435 codicem
1860 5368 1978 5432 decem
2004 5387 2089 5453 par-

71 5467 114 5530 tea
130 5463 298 5560 plerisque
319 5461 435 5535 annis.
448 5477 529 5535 tuns
555 5464 690 5533 luerim
710 5465 917 5558 discipulus.
969 5465 1039 5538 Sed
1092 5465 1182 5537 tium
1200 5463 1368 5536 latinitati
1382 5467 1574 5554 contexuit,
1599 5491 1697 5538 more
1714 5465 1988 5540 Geometrarum
2004 5487 2088 5534 sen-
