4688 5826
87 257 148 336 iss
544 196 710 332 naci.
745 249 825 330 nn
854 245 1261 328 asriiouoiiii
1292 245 1369 326 ιιι·
1401 246 1619 332 uuouu
2025 261 2102 340 iii

87 454 118 504 ie
133 441 229 520 regat.
286 425 384 500 llaec
400 427 552 523 praefari
573 425 691 511 volni,
715 427 859 524 quirin
882 420 941 496 liis
964 427 1053 498 eon·
1104 437 1280 510 mentem,
1305 447 1377 496 una
1394 449 1475 496 cnm
1492 425 1591 497 coelo
1608 447 1665 496 eas
1680 447 1859 502 oenueere
1873 441 1908 502 et
1924 433 2100 524 paulatim

87 533 242 626 gressibus
263 531 449 625 praecipue
471 533 573 602 decet
590 553 679 617 nos,
704 547 745 604 ut
765 533 811 602 de
831 529 979 615 studiis,
1004 527 1052 600 ita
1104 527 1278 620 extingui,
1301 541 1336 600 et
1351 553 1473 600 earum
1489 528 1638 600 interitu
1654 531 1820 621 portendi
1837 532 1943 606 finem
1959 539 2097 614 mundi.

86 638 120 708 ile
137 633 379 706 commonibus
399 633 566 726 periculis
587 633 759 725 cogitare,
790 645 824 703 et
838 631 1053 722 coniungere
1105 627 1245 700 Interea
1264 643 1383 702 tamen
1405 653 1594 720 generosae
1615 647 1768 718 mentes,
1792 635 1891 706 coelo
1906 649 2027 724 ortae,
2049 643 2095 712 de

85 751 160 810 iota.
206 735 296 808 Nam
318 739 420 807 etad
442 733 507 806 hos
528 757 735 826 congressus
760 735 893 806 dictum
915 727 1052 806 Christi
1105 733 1219 824 patria
1253 733 1424 824 cogitent,
1465 727 1558 804 hauc
1588 733 1767 806 interdum
1798 741 2095 832 contemplentur,

84 839 231 932 pertinet,
265 863 345 910 cum
371 839 435 910 ait:
465 837 512 911 Se
542 837 814 923 interfuturum,
848 837 1052 930 ubicunque
1105 849 1139 906 et
1166 847 1323 908 statuant
1352 859 1426 906 non
1457 836 1589 906 frustra
1621 829 1689 907 hoc
1711 833 1989 930 pulcherrimum
2013 867 2095 936 spe-

84 945 157 1026 duo,
194 953 255 1012 aut
290 955 380 1022 tres,
423 941 462 1010 iii
494 939 641 1010 nomine
669 941 782 1032 ipsius
808 938 1051 1010 convenerint.
1103 938 1278 1008 ctaculum
1301 937 1502 1010 coelestium
1529 961 1718 1030 corporum
1743 953 1779 1010 et
1795 955 1957 1014 motuum
1975 939 2096 1016 homi-

83 1043 156 1116 Cum
182 1057 296 1114 autem
327 1037 395 1114 hoc
424 1043 503 1113 loco
532 1037 621 1112 mihi
643 1042 883 1114 necessitatem
907 1040 1051 1112 dicendi
1104 1041 1211 1110 uibus
1240 1041 1459 1132 propositum
1486 1063 1577 1126 esse,
1616 1054 1651 1112 et
1674 1033 1802 1112 harum
1826 1045 2094 1120 admirabilium

84 1146 222 1238 imponat
244 1145 352 1216 officii
374 1146 483 1230 ratio,
512 1144 679 1216 constitui
703 1144 925 1238 potissimum
947 1145 992 1216 de
1011 1166 1049 1212 ea
1103 1166 1222 1212 rerum
1252 1142 1415 1212 ordinem
1445 1143 1649 1237 inquirant,
1684 1145 1781 1236 quod
1813 1169 1895 1216 cum
1925 1171 1989 1240 per
2020 1172 2095 1222 sese

83 1263 142 1321 erte
158 1249 286 1332 dicere,
310 1273 416 1342 quam
441 1247 626 1340 profiteor,
653 1247 833 1332 videlicet,
854 1248 898 1316 dc
917 1245 1050 1316 doctri·
1103 1239 1259 1314 hominis
1282 1259 1428 1314 naturae
1453 1245 1604 1315 inarime
1621 1247 1803 1335 congruit,
1826 1261 1901 1319 tum
1918 1275 2002 1322 vero
2020 1253 2096 1324 uti·

83 1373 133 1430 na,
156 1373 241 1444 quae
259 1351 352 1440 leges
368 1365 528 1420 motuum
544 1350 749 1422 coelestium
767 1349 892 1432 tradit,
924 1361 957 1418 et
976 1371 1050 1418 ma-
1102 1345 1217 1417 litates
1244 1348 1289 1418 ad
1316 1347 1424 1418 vitam
1447 1370 1592 1438 magnas
1616 1347 1750 1434 adfert,
1783 1373 1934 1443 quarum
1957 1353 2095 1449 aliquae

83 1453 281 1542 gnitudines,
313 1453 451 1544 spacia,
483 1453 690 1535 intervalla,
722 1465 832 1522 metas
863 1452 1049 1539 regionum
1101 1449 1275 1536 breviter,
1315 1464 1356 1521 ut
1385 1449 1454 1520 lert
1484 1449 1575 1522 ratio
1607 1451 1794 1542 temporis,
1830 1476 2022 1545 exponam,
2054 1481 2096 1528 ac

82 1569 243 1627 monstrat.
297 1549 376 1626 Etsi
397 1555 492 1624 enim
515 1554 587 1624 scio
610 1555 649 1624 in
666 1549 733 1624 hac
750 1549 889 1638 schola,
916 1548 978 1622 has
994 1552 1045 1622 di·
1102 1565 1239 1622 tantum
1270 1553 1314 1622 de
1343 1567 1503 1624 motuum
1533 1553 1693 1622 doctrina
1727 1567 1759 1624 et
1783 1555 1969 1644 regionum
1992 1559 2095 1630 metis

81 1656 162 1726 sinas
189 1669 280 1728 artes
308 1681 383 1728 nou
410 1656 624 1746 vituperari,
655 1669 775 1726 tamen
804 1655 888 1749 quia
909 1654 1049 1744 segnius
1103 1653 1238 1736 dicam,
1271 1654 1401 1724 omissa
1431 1653 1641 1724 divinatrice
1667 1671 1782 1746 parte,
1814 1680 1859 1728 ne
1883 1660 1980 1751 quod
2004 1656 2096 1730 mihi

80 1759 233 1843 coluntur,
256 1783 362 1853 quam
379 1759 577 1850 oportebat,
602 1759 715 1828 nostri
729 1757 911 1842 cstolficii,
936 1779 1049 1850 quau·
1102 1769 1279 1828 certamen
1297 1779 1482 1828 accersam.

80 1872 139 1930 tum
159 1883 342 1952 possumus
364 1861 629 1932 adulescentum
649 1861 766 1932 studia
790 1860 889 1930 omni
912 1858 1049 1930 ratione
1204 1907 1253 1982 Ut
1276 1923 1392 1980 autem
1414 1909 1452 1978 in
1473 1908 1639 1979 ombus
1657 1911 1763 1981 rebus
1779 1933 1798 1979 a
1815 1907 1891 1981 Deo
1908 1915 2020 1983 ordiri
2037 1939 2094 1985 re·

1102 2011 1297 2082 ctissimum
1322 2025 1390 2098 est,
1424 2012 1471 2081 ita
1490 2011 1534 2080 iu
1555 2007 1621 2081 hac
1644 2013 1744 2106 quasi
1769 2013 2026 2087 deliberatione
2050 2021 2094 2089 de

1101 2115 1248 2199 studiis,
1276 2139 1356 2184 cum
1378 2113 1513 2184 coelum
1535 2113 1651 2204 ipsum
1667 2115 2006 2206 contemplabimur,
2031 2144 2094 2188 ve-

1101 2217 1175 2285 niat
1191 2217 1229 2284 in
1247 2231 1400 2284 mentem
1419 2211 1625 2286 Architecti.
1677 2213 1784 2286 Hunc
1798 2217 2001 2307 cogitemus,
2029 2246 2094 2292 uec

1101 2319 1232 2388 frustra
1254 2313 1349 2388 hunc
1372 2318 1576 2387 mirandum
1599 2317 1763 2387 ordinem
1783 2319 1996 2410 instituisse,
2028 2349 2093 2394 nec

1101 2421 1231 2490 frustra
1260 2420 1379 2510 generi
1406 2415 1562 2489 humano
1584 2419 1752 2489 noticiam
1778 2415 1905 2492 horum
1930 2439 2091 2498 motuum

79 2573 279 2648 Friederieus
302 2578 478 2648 secundus
497 2576 584 2667 ime·
602 2571 820 2646 exArabum
839 2595 1049 2650 monumen·
1101 2523 1297 2641 ¹r³didl⁵⁸i
1350 2521 1446 2642 Hiec
1467 2524 1498 2590 εἰ
1521 2523 1857 2642 q⁰l⁸.⁰⁰¹¹⁶⁰3ll³t’
1884 2541 2094 2648 ‘luamumfl

81 2678 115 2747 tis
132 2703 200 2748 eam
223 2679 429 2750 transfundi
453 2679 491 2747 in
506 2677 677 2749 Latinum
695 2699 911 2752 sermonem.
941 2687 975 2746 et
991 2685 1048 2744 ut·
1101 2621 1255 2720 Cy⁰l⁰p⁸
1275 2625 1337 2693 ¹¹¹⁰
1361 2626 1487 2708 ‘hsta‘
1514 2648 1576 2718 ‘1¹¹¹
1600 2647 1638 2692 ¹¹¹
1662 2637 1767 2694 ”¹²²⁰
1789 2625 1940 2716 ‘ll'gemi
1965 2653 2031 2700 ¹¹0ss
2055 2655 2092 2700 ¹¹¹

80 2803 133 2850 „m
155 2805 195 2852 u,
223 2781 415 2852 gummari
444 2805 498 2850 ma
525 2805 570 2851 no
599 2803 676 2852 mm
704 2791 743 2850 ,u
775 2777 911 2850 curavit
995 2770 1048 2846 Ac
1101 2727 1239 2796 coelum
1263 2727 1406 2818 aspicit,
1432 2749 1496 2796 uec
1513 2750 1646 2796 numen
1662 2727 1778 2795 ullum
1794 2741 1977 2800 aeternum
1993 2756 2094 2802 verc-

80 2807 170 2954 mupl,
192 2897 312 2955 ,mm
334 2804 556 2968 testimonis&
581 2803 886 2976 quaeponendum
903 2831 960 2948 [ὼ
975 2891 1048 2948 nu·
1102 2829 1184 2898 tur?
1234 2826 1273 2899 si
1296 2829 1375 2921 quis
1393 2841 1508 2898 autem
1529 2843 1567 2900 iit
1581 2823 1737 2898 hominis
1752 2841 1898 2900 naturae
1916 2835 2094 2920 convenit,

81 2987 135 3054 diis
154 2987 406 3057 vetustissimos
422 2983 537 3075 Reges
559 2985 697 3056 deditos
713 2983 840 3066 luisse,
865 2995 905 3052 ut
920 2979 1049 3051 Atlaii-
1101 2929 1166 2999 Dei
1189 2954 1335 2999 munem
1359 2929 1577 3022 “mgnlfacli’
1602 2931 1633 3000 ὴ
1649 2944 1779 3002 ”muel
1796 2956 2003 3024 magnarum
2020 2937 2093 3006 ¹¹5·

990 3082 999 3098 .
1101 3033 1241 3102 litatum
1264 3055 1363 3102 caiisa
1387 3027 1450 3102 has
1466 3045 1624 3102 motuum
1642 3033 1735 3122 leges
1751 3033 1950 3120 institutas,
1977 3051 2012 3109 et
2027 3039 2093 3108 do·

80 3100 150 3171 “¹⁰³
176 3084 373 3168 0¹³⁰nem’
399 3083 625 3160 Ch¹r⁰¹¹⁰¹¹¹''
672 3084 877 3158 1d²⁰e¹¹¹m
903 3106 1047 3200 ”⁰¹”¹¹¹.³
1100 3134 1251 3205 ctrinam
1269 3136 1434 3206 traditam
1451 3158 1535 3208 esse.
1589 3131 1732 3206 Utilitas
1746 3149 1907 3208 motuum
1925 3141 2093 3212 omnibus

79 3212 179 3258 eorum
203 3192 333 3272 stellis,
355 3203 451 3277 grata
469 3191 655 3282 posteritas
672 3187 853 3270 attribuit,
881 3199 918 3256 ut
937 3184 1048 3272 sigm-

79 3289 174 3364 icaret
194 3317 229 3362 se
243 3295 292 3364 ab
309 3292 380 3362 illis
396 3292 593 3363 doctrinam
608 3292 651 3361 de
670 3290 823 3362 motibus
838 3287 1048 3360 coelestibus

80 1965 264 2050 accendere,
297 1977 404 2057 atque
433 1962 602 2048 excitare,
634 1985 744 2056 eaque
776 1963 815 2031 iu
837 1985 875 2032 re
897 1961 1048 2054 optarim

80 2087 132 2134 iios
150 2090 167 2135 a
188 2065 411 2162 principibus
429 2066 611 2146 adiuvari,
637 2064 728 2138 sicut
744 2064 782 2134 in
801 2063 959 2157 Aegypto
976 2059 1048 2136 lle·

81 2189 146 2256 gum
168 2167 358 2238 liberalitas
382 2166 547 2237 invitavit
570 2166 712 2256 ingenia
735 2169 780 2236 ad
803 2161 867 2235 lias
882 2178 974 2235 artes
989 2189 1049 2234 co-

81 2269 181 2340 lendas
193 2283 226 2340 et
241 2270 489 2350 illustrandas,
511 2282 546 2339 et
561 2292 682 2340 recens
698 2281 780 2340 ante
796 2280 970 2342 trecentos
985 2289 1050 2336 aii·

80 2393 131 2440 nos
142 2397 215 2442 cum
230 2371 355 2444 Latini
370 2366 551 2452 homiues,
579 2395 624 2440 ne
640 2371 805 2442 umbram
822 2370 965 2462 quidem
981 2361 1050 2438 liu-

80 2473 122 2542 ius
140 2475 318 2546 doctrinae
339 2485 520 2558 tenerent,
545 2471 855 2563 Ingeniosissimus
879 2469 1049 2562 Princeps

1101 3238 1212 3330 posita
1235 3249 1287 3305 est
1310 3239 1356 3304 ub
1378 3237 1509 3308 oculos.
1562 3235 1657 3326 Quid
1684 3239 1727 3306 ad
1750 3240 1986 3311 animantium
2005 3267 2092 3313 con·

26 3405 27 3410 ι
80 3389 196 3464 ,tangi
219 3394 494 3484 demipfionem
513 3394 696 3483 accepisse·
747 3387 939 3462 Etcum
953 3393 1047 3458 dese
1100 3339 1335 3408 servationem
1351 3339 1483 3430 gratius
1498 3351 1550 3408 est
1565 3339 1702 3409 vicibus
1719 3340 1856 3410 dierum
1872 3356 1905 3411 et
1921 3345 2091 3430 noctium,

78 3492 174 3588 inquit
195 3499 289 3586 apud
313 3495 515 3566 Lucanum:
543 3493 665 3564 Media
686 3495 780 3563 inter
800 3493 930 3581 praelia
955 3513 1046 3560 sem-
1099 3440 1185 3536 quid
1200 3442 1245 3510 ad
1263 3454 1377 3511 teme
1392 3439 1684 3563 foecunditatem,
1709 3445 1754 3511 ad
1772 3443 1888 3534 fruges
1903 3469 2089 3564 ῐζΐθθΐθὸῐι-

80 3619 145 3684 ΡΗ,
162 3601 342 3670 stellarum
361 3598 523 3692 coelique
542 3596 671 3688 plagis,
692 3594 899 3686 superisque
914 3594 1045 3662 vacavi.
1099 3547 1172 3664 ἀφ’
1185 3557 1218 3613 ⁰¹
1233 3543 1359 3662 flend?
1373 3556 1565 3660 ³⁰¹¹⁰³¹¹¹J³
1581 3545 1716 3662 11311]Πῇ
1733 3569 1838 3638 ‘luam
1854 3569 1958 3632 vem,
1977 3562 2090 3668 ³⁶⁵¹?-

1099 3657 1161 3734 tis,
1189 3658 1352 3714 autumni
1370 3657 1403 3714 el
1419 3637 1556 3738 hyemis
1572 3645 1760 3715 dissimiles
1776 3651 2025 3737 tempestates?
2051 3677 2089 3720 ,ῃ

80 3693 202 3772 C⁰⁰⁵l³l
230 3725 329 3772 ⁰⁰⁰⁰
358 3723 500 3794 ‘lumin‘
532 3697 695 3790 ἥψω·
726 3694 893 3768 C³¹⁰l⁰¹⁰
928 3693 1046 3782 Quin*
1098 3747 1229 3839 quibus
1250 3745 1433 3837 diligentia
1457 3745 1599 3816 artificis
1616 3759 1710 3818 tanta
1725 3747 1813 3831 fuit,
1838 3759 1913 3818 lion
1929 3754 2034 3822 modo
2049 3767 2090 3823 ut
2176 3759 2181 3771 '

80 3811 158 3892 tum,
186 3820 219 3876 et
244 3803 443 3893 intelligere
468 3801 666 3872 doctrinam
692 3799 875 3870 coelestem
900 3821 989 3889 pene
1007 3810 1046 3866 ut
1181 3849 1191 3868 .
1494 3847 1519 3916 l.
1604 3847 1634 3920 L
1819 3849 1827 3866 .
1986 3853 1994 3874 .

80 3904 243 3988 artificem,
277 3906 436 3999 adeoque
466 3927 604 3984 amare,
639 3915 679 3972 ut
701 3925 781 3972 cum
805 3900 873 3970 sibi
899 3901 1043 3993 aliquod
1098 3873 1214 3943 spacia
1229 3863 1428 3940 temporum
1444 3847 1493 3920 So
1510 3872 1539 3917 is
1555 3861 1590 3919 et
1635 3873 1727 3920 unae
1742 3851 1897 3921 motibus
1912 3857 2088 3926 metienda

79 4003 284 4078 intervallum
307 4009 352 4078 ad
374 4007 527 4100 quietern
552 4004 677 4087 sumit,
702 4027 774 4074 nou
793 4003 889 4072 ludis
905 4016 965 4072 aut
982 4025 1045 4072 vo·

79 4104 248 4196 luptatibus
267 4109 427 4178 animum
446 4108 595 4190 relaxet,
620 4106 683 4176 sed
700 4101 806 4176 huius
823 4103 1045 4174 dulcissimae

80 4210 236 4283 doctrinae
251 4211 564 4302 disputationibus.
604 4206 686 4280 Scio
701 4209 877 4276 sedentem
895 4205 933 4274 in
948 4200 1044 4276 ther-

80 4311 146 4396 mis,
162 4313 354 4406 compedis
369 4313 545 4384 curationi
561 4333 683 4380 vacare
697 4332 775 4379 eum
792 4331 931 4380 necesse
946 4320 1045 4391 esset,

80 4413 173 4483 ocium
195 4417 359 4486 lelellisse
372 4415 552 4486 interdum
568 4408 764 4502 horologiis
779 4410 966 4482 artificiose
981 4411 1044 4480 de-

78 4515 257 4593 scrihendis.
326 4517 407 4590 Scio
437 4514 748 4608 diligentissimum
776 4537 848 4584 esse
872 4513 911 4582 iu
935 4534 1044 4606 quae-

1097 4055 1271 4124 soeciindo
1296 4055 1412 4124 calore
1438 4053 1634 4146 tepefieret‚
1666 4054 1753 4123 alias
1778 4055 1968 4146 rigaretur,
1999 4059 2087 4128 alias

1097 4171 1285 4241 aresceret,
1311 4157 1397 4224 alias
1417 4155 1556 4223 astricta
1578 4155 1658 4244 gelu
1680 4158 1882 4250 quiesceret.
1936 4157 2032 4230 llaec
2047 4176 2088 4232 ut

1097 4259 1282 4329 antefacta
1307 4281 1379 4327 esse
1401 4256 1694 4346 intelligeremus,
1730 4273 1905 4330 certorum
1930 4264 2087 4334 siderum

1096 4355 1208 4431 Ortus
1231 4375 1264 4430 et
1286 4353 1458 4441 Occasus,
1490 4357 1639 4449 singulis
1663 4360 1748 4430 anui
1775 4363 1934 4452 partibus
1956 4389 2087 4440 couve-

1096 4461 1251 4543 nientes,
1279 4460 1355 4532 Soli
1371 4459 1569 4534 audiuuxit.
1629 4459 1712 4533 Post
1729 4478 1919 4534 sementem
1938 4491 2083 4540 vernam

78 4619 166 4687 reoda
185 4621 406 4712 longitudine
421 4634 456 4689 et
473 4616 662 4689 latitudine
678 4616 882 4706 regionum,
906 4615 942 4684 iu
959 4614 1042 4684 stel·
1095 4565 1262 4735 οεὶιάυῃῑ
1276 4559 1435 4656 Hy³d²⁵’
1462 4560 1714 4683 q¹¹⁰d.phn¹u⁵
1736 4567 1871 4685 lnqun’
1897 4567 1996 4690 &dlis
2012 4593 2085 4694 εἶξε

79 4716 112 4786 lis
137 4723 352 4792 conserendis
382 4724 426 4792 ad
456 4721 642 4812 regionum
670 4718 777 4797 situs,
812 4729 850 4788 ut
873 4717 1042 4806 navigans
1094 4691 1136 4735 ve
1166 4689 1284 4734 ‘mens
1305 4677 1339 4735 et
1361 4677 1452 4736 ¹⁰⁸³
1477 4689 1638 4761 mamque
1657 4667 1850 4739 tumulum·
1903 4667 1943 4740 ld
1962 4685 2083 4741 ssim·

78 4821 148 4890 „ffi
167 4825 326 4898 ,omnim
348 4847 490 4896 tursum
512 4823 665 4911 dirigere
685 4820 807 4912 ponit·
859 4818 957 4908 Quid
975 4815 1041 4888 ho·
1094 4769 1256 4840 stitutum
1287 4781 1357 4853 est,
1394 4767 1476 4862 quia
1507 4781 1620 4839 terrae
1651 4791 1693 4839 eo
1723 4781 1882 4864 tempore
1910 4773 2084 4864 rigatione

78 4925 187 4996 “⁸⁸5⁰ss
207 4943 258 5000 ‘³1
281 4946 408 5018 magno
431 4925 612 5018 principe,
636 4947 742 5017 quam
765 4921 938 4992 defessum
962 4922 1041 4990 ani·
1093 4895 1182 4964 ⁰9⁰⁸
1198 4883 1259 4941 ω’

78 5045 154 5096 iiuiii
171 5031 231 5099 tali
242 5031 427 5122 ¹voluptate
442 5051 608 5099 recreare.
1196 5023 1239 5094 ln
1252 5047 1363 5096 messe
1376 5046 1465 5116 opus
1479 5037 1531 5098 est
1542 5025 1642 5096 siccis
1657 5028 1935 5118 tempestatibus.
1976 5026 2080 5100 Tune

1098 3953 1333 4046 proposuerit,
1359 3953 1418 4022 sed
1435 3949 1528 4021 vires
1542 3953 1645 4020 etiam
1661 3951 1812 4035 addidit,
1838 3967 1879 4024 ut
1894 3969 1985 4026 terra
2000 3957 2088 4027 alias
2209 3975 2212 3984 ·

159 5128 298 5202 Utinam
328 5157 412 5202 vero
437 5127 504 5202 boc
528 5125 816 5200 honestissimum
842 5125 1038 5216 exemplum
1092 5128 1200 5219 igitur
1220 5127 1390 5200 Canicula
1419 5140 1535 5198 aestus
1562 5141 1677 5220 auget.
1743 5127 1802 5200 Sic
1825 5129 1971 5222 reliquis
1992 5133 2080 5202 anni
2188 5195 2192 5204 .

79 5231 180 5301 neeri
201 5235 441 5318 imitarentur,
471 5247 505 5303 et
530 5231 682 5322 ingeniis
696 5229 849 5322 praemia
864 5252 1039 5320 propone-
1091 5231 1250 5324 partibus
1265 5228 1484 5300 conveniunt
1499 5230 1585 5302 certi
1604 5245 1702 5301 ortus
1719 5246 1779 5302 aot
1795 5255 1948 5308 occasus.
1999 5231 2079 5308 Hae

78 5347 155 5416 rent,
172 5337 263 5428 quod
285 5339 316 5406 si
334 5337 450 5417 fieret,
476 5333 678 5407 conservari
696 5327 762 5404 bae
775 5345 884 5405 artes.
914 5347 947 5402 et
963 5356 1039 5402 ma·
1089 5334 1258 5404 utilitates
1278 5341 1384 5404 notae
1405 5345 1508 5418 sunt,
1532 5357 1624 5427 quae
1646 5347 1686 5404 iit
1707 5327 1910 5425 Xenophon
1933 5335 2001 5422 ait,
2025 5349 2078 5408 te-

79 5431 300 5516 gisillnstrari
330 5453 482 5532 possent.
541 5435 611 5508 Sed
635 5458 737 5528 saepe
761 5429 852 5504 milii
879 5433 1038 5506 venitin
1088 5429 1512 5609 stanturhrchitepppp,
1546 5459 1625 5506 cum
1655 5450 1725 5508 tam
1754 5437 1911 5510 studiose
1938 5454 2079 5512 nostrae
