4704 5826
111 289 193 366 soe
577 277 761 416 nucu·
782 273 858 360 nu
889 262 1224 362 nntnhntcd
1255 260 1419 358 undu
1441 263 1560 356 sax:
1590 261 1680 359 ut:
2070 283 2148 357 oro

134 470 136 476 '
218 463 263 532 In
277 455 335 532 his
344 458 429 552 ipsis
443 457 876 532 mutentionibusnoront
886 453 1003 530 adhuc
1012 457 1108 529 mul·
1257 449 1424 526 Vidimus
1438 452 1507 546 ipsi
1521 468 1629 525 manu
1646 453 1722 524 eius
1741 455 1886 547 scriptas
1901 458 2092 530 sententias
2107 459 2150 532 in

113 562 147 636 ti
160 589 237 636 non
251 564 367 634 solum
381 561 602 652 vigilantiam
612 561 806 648 lhiderici,
832 563 891 632 sed
908 561 1014 632 etiarn
1028 583 1105 630 mo·
1155 555 1274 650 parvis
1302 556 1467 648 pagellis,
1497 577 1583 650 quas
1611 555 1777 626 adfixerat
1799 558 2013 648 parietibus,
2045 573 2084 632 ut
2106 561 2147 632 in

114 667 338 738 decetionem
360 662 491 750 animi,
524 676 559 736 et
574 663 807 735 constantiam
822 663 861 731 in
878 662 1011 756 optima
1026 683 1110 734 sen-
1156 671 1345 751 conspectn
1359 671 1491 744 essent,
1516 660 1561 727 de
1575 657 1683 728 animi
1697 659 1959 748 moderatione,
1981 661 2148 735 videlieet

114 769 228 840 tentia
243 766 468 837 excellentem
480 765 606 851 fuisse,
631 764 670 835 in
686 785 756 860 qua
779 765 854 835 eius
868 764 1008 836 animus
1021 764 1109 834 alie-
1156 755 1226 831 hoc
1246 759 1399 832 Senecae
1426 760 1577 831 dictum:
1609 753 1710 830 Nihil
1734 783 1920 849 magnum,
1953 763 2048 857 quod
2072 789 2147 838 non

114 870 288 941 missimus
306 868 441 940 fuitab
455 867 668 949 ambitione,
694 879 730 938 et
743 867 789 938 ab
803 867 972 958 omnibus
989 865 1109 958 priva·
1156 877 1208 934 est
1222 861 1414 954 placidum.
1461 857 1509 934 Et
1530 857 1598 933 hoc
1619 855 1816 932 Plutarchi:
1844 862 1893 935 Ut
1907 863 1970 936 sot
1987 873 2068 937 erim
2083 891 2148 936 ve·
2222 939 2224 947 ,

96 971 164 1042 .tis
193 969 462 1062 cupiditatibus,
494 990 535 1040 ac
557 981 694 1041 tantum
721 969 870 1040 salutern
895 966 1109 1040 Germaniae
1156 965 1212 1036 uit
1233 965 1273 1034 in
1294 985 1474 1034 summum
1494 963 1672 1055 fastigium
1695 965 1828 1034 tardius
1851 965 2004 1052 incedit,
2033 956 2086 1040 ’ἰῑα
2107 969 2147 1038 in

114 1070 488 1164 publicamspectavit.
540 1069 666 1142 Postea
682 1071 787 1142 etiam
803 1093 885 1141 curn
902 1071 940 1140 in
958 1067 1108 1141 Germa-
1156 1063 1293 1138 summa
1314 1077 1485 1157 potestate
1508 1064 1709 1139 contentius
1729 1078 1764 1136 et
1786 1069 2147 1140 moderatius'omnia
2276 1089 2280 1094 ·

114 1175 216 1245 niam
236 1173 389 1244 emisset
404 1169 574 1258 Carolus,
598 1184 639 1244 ut
658 1193 726 1264 pax
745 1183 779 1243 et
794 1173 981 1244 concordia
1002 1171 1109 1264 prin·
1156 1169 1292 1260 agenda
1309 1189 1395 1240 esse.

116 1275 239 1366 cipum
270 1273 560 1360 constitueretur,
591 1295 738 1364 magnos
762 1274 901 1344 labores
930 1273 1110 1360 sustinuit,
1256 1262 1576 1341 Sciebatnihiltam
1591 1289 1664 1338 esse
1678 1261 1818 1338 homini
1832 1269 2016 1352 familiare,
2040 1294 2148 1364 quarn

116 1377 250 1471 quibus
264 1387 299 1446 et
312 1376 472 1467 corporis
485 1373 632 1446 viresin
647 1397 688 1446 eo
703 1377 940 1465 languefactae
955 1389 1050 1447 sunt.
1157 1365 1369 1441 hallucinari
1390 1383 1424 1442 et
1445 1391 1574 1440 errare.
1632 1368 1716 1440 ldeo
1737 1394 1898 1444 normam
1917 1372 2148 1444 consiliorum

219 1475 293 1548 Nec
315 1476 393 1546 leve
408 1497 572 1548 curarum
590 1491 625 1549 et
639 1477 920 1548 sollicitudinum
936 1477 1110 1548 iudicium
1157 1473 1299 1544 volebat
1318 1495 1392 1544 esse
1416 1471 1603 1564 praecipue
1619 1470 1731 1561 legem
1750 1467 1837 1560 Dei,
1862 1473 1992 1546 deinde
2011 1485 2046 1546 et
2060 1474 2149 1544 alia-

116 1580 264 1650 fuerunt
288 1578 406 1648 morbi
428 1578 552 1668 ipsius.
609 1574 686 1649 Etsi
709 1579 804 1659 enim
821 1579 947 1649 calculi
962 1577 1110 1649 saevicia
1157 1574 1370 1666 rum'legum
1385 1597 1523 1660 vocem,
1549 1591 1645 1667 quae·
1654 1573 1853 1664 sapientum
1870 1577 2148 1664 gubernatorum

117 1681 190 1752 orti
204 1705 224 1750 a
240 1679 388 1750 renibus
401 1680 576 1750 extinctus
599 1693 672 1764 est,
697 1692 816 1768 tamen
832 1693 866 1752 et
882 1681 1023 1750 dolores
1041 1675 1111 1773 hy·
1158 1675 1290 1746 iudicio
1310 1690 1468 1766 receptae
1497 1687 1598 1756 sunt,
1632 1689 1667 1745 et
1691 1698 1749 1746 eos
1777 1675 1839 1770 qui
1860 1700 1942 1748 suas
1963 1675 2150 1769 opiniones

117 1776 362 1874 pochoudrios
377 1802 525 1869 magnos
543 1775 690 1866 habuit,
713 1805 822 1875 quare
843 1781 973 1852 medici
991 1793 1111 1873 postea
1158 1776 1310 1848 nimium
1325 1779 1509 1860 amabant,
1534 1800 1610 1846 uon
1624 1777 1808 1868 probabat.
1862 1775 1974 1849 Valde
1991 1779 2099 1870 igitur
2115 1791 2150 1850 et

117 1885 277 1976 splenem
293 1882 523 1972 contemplati
547 1882 702 1974 lapidem
720 1884 760 1952 in
780 1883 858 1975 ipso
873 1884 994 1975 splene
1011 1882 1112 1951 inve-
1159 1874 1225 1950 hac
1238 1879 1411 1951 sententia
1427 1879 1684 1963 delectabatur,
1710 1901 1790 1949 curn
1806 1878 1897 1952 forte
1917 1903 1995 1951 eam
2010 1879 2048 1948 in
2062 1877 2150 1950 Plu-

117 1999 252 2056 ncrunt
269 1982 438 2054 maiorem
453 1983 593 2073 glande.
1159 1975 1273 2054 tarchi
1297 1980 1428 2073 scripto
1458 1981 1613 2072 legisset,
1651 2003 1741 2074 quae
1763 1981 1935 2054 tribuitur
1954 1979 2149 2055 Simonidi:

221 2083 271 2156 Ut
287 2099 403 2154 autern
417 2079 503 2155 haec
513 2085 624 2177 ipsius
638 2097 798 2156 senectus
810 2084 914 2178 plena
924 2085 995 2157 fuit
1009 2109 1112 2156 cura·
1159 2081 1282 2175 opinio
1300 2081 1372 2150 vim
1390 2083 1504 2152 adfert
1518 2081 1682 2163 veritati,

117 2211 202 2260 rum
216 2199 252 2257 et
272 2184 435 2256 laborum
450 2201 596 2277 propter
610 2182 821 2272 Ecclesiam,
843 2199 879 2257 et
894 2182 1002 2258 huius
1019 2185 1112 2258 Ger·
1305 2176 1341 2244 ῐό
1364 2178 1464 2244 δοκῶ
1484 2172 1622 2262 paciferae
1642 2176 1701 2262 ”lf
1723 2173 1885 2264 lllfflffl'·

116 2290 251 2360 manici
274 2287 418 2379 imperii
441 2287 581 2377 negotia
604 2289 716 2358 multa
741 2302 780 2358 et
801 2309 945 2377 magna,
975 2289 1023 2359 ita
1047 2290 1113 2359 do-
1260 2282 1334 2356 Nec
1348 2286 1449 2356 rudis
1466 2298 1539 2356 erat
1560 2285 1743 2355 doctrinae
1761 2283 1973 2356 demotibus
1989 2283 2151 2356 coelesti-

118 2377 266 2462 mestica
286 2389 359 2460 vita
379 2389 448 2460 fuit
474 2390 579 2480 plena
606 2383 836 2460 honestorum
860 2391 1112 2482 exemplorum.
1159 2386 1243 2472 bus,
1275 2386 1375 2458 cuius
1398 2385 1765 2458 didiceratelementa
1795 2411 1814 2456 a
1840 2386 1978 2456 medico
2001 2384 2151 2456 Meller·

120 2490 167 2564 ln
188 2490 268 2562 aula
286 2489 428 2560 adsidui
450 2491 598 2561 aderant
619 2491 690 2561 viri
713 2489 920 2561 excellentes
940 2490 1111 2582 sapientia
1160 2487 1296 2570 stadio,
1327 2489 1389 2581 qui
1410 2488 1442 2558 ei
1466 2488 1551 2558 inde
1571 2511 1683 2582 usque
1702 2488 1747 2558 ab
1769 2488 2002 2559 adolescentia
2022 2489 2067 2558 ad
2092 2511 2150 2557 se·

120 2609 157 2666 et
173 2587 716 2677 virtuteFabianusaFeilitsch,
738 2589 941 2664 Fridericus
958 2587 1111 2679 aThun,
1143 2664 1144 2667 ,
1159 2603 1298 2662 nectam
1311 2589 1605 2661 familiarissimus
1623 2587 1708 2676 fuit,
1733 2603 1768 2661 et
1783 2613 1900 2660 comes
1920 2590 2034 2660 fuerat
2050 2613 2151 2682 pere-

119 2693 357 2777 Einsidelius,
395 2689 572 2764 lohannes
604 2717 623 2763 a
655 2693 885 2780 Minckwitz,
916 2693 1113 2780 Pontanus,
1140 2687 1371 2782 grinnionis
1383 2689 1423 2762 in
1440 2689 1688 2764 Palaestinam.

119 2821 224 2888 saepe
247 2807 282 2864 et
306 2791 548 2889 Hieronymus
573 2789 719 2866 Schurff
743 2794 865 2864 etalii
887 2797 1112 2866 accerseban-
1262 2790 1366 2862 Scitis
1388 2791 1564 2860 veteribus
1586 2791 1728 2882 regibus
1752 2807 1786 2864 et
1807 2791 1957 2864 ducibus
1979 2791 2150 2862 usitatum

120 2913 191 2970 tur.
242 2894 400 2989 Eratque
423 2897 611 2968 consilium
635 2898 722 2980 tale,
747 2899 842 2990 quod
862 2919 989 2986 magno
1003 2920 1111 2988 regno
1160 2891 1317 2962 studium
1347 2891 1455 2962 fuisse
1493 2893 1579 2961 artis
1615 2893 1791 2980 medicae,
1830 2906 1870 2964 ut
1904 2895 1948 2963 de
1979 2889 2151 2978 Chirone,

120 3000 246 3070 fuisset
282 3011 505 3071 ornamento.
575 2994 668 3068 Cum
708 2993 766 3068 his
799 2998 886 3068 viris
924 2997 1112 3069 familiaria
1161 2987 1322 3080 Achille,
1356 2989 1559 3064 Alexandro
1581 2993 1741 3082 legimus.
1799 2994 1853 3064 lta
1882 3007 1918 3065 et
1947 2991 2153 3064 Pridericus

121 3115 227 3172 erant
254 3099 449 3192 colloquia,
481 3101 527 3170 de
560 3099 735 3188 religione
762 3111 797 3170 et
834 3101 878 3169 de
913 3101 1113 3190 republica,
1161 3095 1317 3166 studiose
1344 3094 1512 3167 didicita
1543 3094 1755 3164 doctissimis
1782 3095 1870 3166 viris
1890 3093 2151 3182 Mellerstadio,

119 3203 227 3296 plena
238 3199 462 3292 «prudentiae
488 3215 524 3274 et
544 3201 774 3286 eruditionis,
808 3213 843 3270 et
865 3201 1009 3272 condita
1030 3225 1114 3272 aua·
1163 3195 1384 3284 etPistorio,
1410 3197 1495 3269 artis
1517 3195 1673 3266 medicae
1694 3195 1829 3280 fontes,
1863 3221 1984 3268 causas
2002 3200 2150 3268 morbo·

119 3304 231 3376 vitate
250 3323 399 3372 summa.
1162 3323 1243 3368 rum
1253 3311 1287 3370 et
1301 3298 1468 3374 remedia.
1508 3295 1624 3368 Multa
1638 3298 1742 3368 etiam
1754 3299 1990 3392 experimenta
2001 3297 2152 3369 aMaxi-

224 3399 340 3475 Erant
363 3402 459 3472 enim
482 3402 522 3472 in
545 3401 728 3474 Friderico
751 3425 831 3471 curn
854 3401 945 3472 aliae
966 3400 1113 3473 virtutes
1163 3400 1310 3470 miliano
1325 3413 1360 3470 et
1374 3401 1449 3471 eius
1468 3399 1612 3469 medicis
1626 3397 1769 3490 accepit.
1822 3397 1944 3494 ltaque
1959 3401 2154 3494 quotannis

120 3506 255 3578 multae
277 3527 319 3574 ac
339 3527 505 3594 magnae,
539 3503 728 3596 prudentia
752 3527 858 3596 quam
882 3506 987 3574 etiam
1002 3503 1113 3574 literis
1163 3501 1273 3572 multa
1290 3501 1444 3572 remedia
1470 3525 1532 3570 sua
1548 3525 1656 3570 manu
1674 3501 1883 3592 adparabat,
1909 3525 2059 3594 cumque
2077 3502 2151 3570 vir-

121 3623 159 3680 et
174 3605 364 3701 colloquiis
377 3605 576 3698 sapientum
596 3605 728 3686 alebat,
753 3605 911 3691 iusticia,
935 3629 1037 3676 amor
1050 3627 1110 3675 re-
1164 3617 1272 3674 tutem
1295 3603 1454 3696 principe
1469 3603 1613 3691 dignam
1628 3623 1702 3671 esse
1726 3603 1829 3674 sciret
1843 3599 2028 3674 hominnm
2046 3603 2152 3674 saluti

121 3709 256 3794 citatis,
280 3708 367 3776 fides
381 3706 419 3774 in
438 3706 563 3798 pactis,
587 3705 834 3778 constantinia
851 3707 956 3777 honis
971 3718 1113 3778 senten'-
1163 3727 1266 3796 opem
1288 3705 1397 3785 ferre,
1427 3703 1580 3774 officiose
1603 3705 1711 3774 dabat
1730 3704 1884 3774 remedia
1910 3703 2094 3775 nobilibus
2116 3719 2151 3776 et

120 3809 201 3890 tiis.
231 3808 481 3893 beneficentia,
512 3823 590 3880 turn
604 3833 688 3878 vero
704 3807 809 3878 etiam
830 3807 1019 3899 singularis
1034 3831 1113 3878 mo-
1164 3805 1396 3894 ignobilibus..
1445 3803 1600 3875 Vulnera
1619 3817 1654 3875 et
1668 3805 1838 3876 tabefacta
1854 3806 2012 3877 membra
2028 3805 2153 3896 singu-

122 3910 261 3984 deratio
283 3923 318 3982 et
340 3908 506 3996 comitas,
534 3910 674 4006 qualem
697 3909 735 3978 in
751 3907 851 3979 Lelio
875 3921 909 3981 et
928 3909 967 3979 in
988 3907 1112 4000 Augu-
1164 3905 1231 3976 lari
1245 3907 1434 3979 foelicitate
1446 3907 1609 3990 curabat,
1632 3927 1782 4002 quarum
1799 3907 2081 3978 medicationem
2094 3908 2153 3977 in·

119 4027 179 4086 sto
192 4011 411 4106 praedicant.
1162 4007 1276 4100 signia
1295 4009 1452 4100 exempla
1472 4008 1618 4078 recitare
1635 4031 1828 4099 possemus.

203 4113 279 4184 ·Ac
298 4125 340 4184 ut
363 4125 466 4182 vetus
485 4109 638 4202 scriptor
660 4108 780 4204 inquit
803 4111 847 4179 de
866 4111 998 4201 gratia,
1023 4135 1114 4206 quae
1264 4108 1455 4180 Postremis
1478 4133 1563 4180 vero
1582 4111 1705 4192 annis,
1735 4133 1815 4179 rum
1848 4129 1972 4179 rursus
1988 4104 2154 4200 Evange-

121 4213 279 4286 aetinnes
288 4207 462 4286 humanas
473 4233 597 4282 omnes
612 4211 740 4282 eximie
749 4223 867 4282 ornat:
887 4205 1049 4306 ἡπᾶντα
1064 4221 1112 4286 τὰ
1164 4211 1253 4281 lium
1270 4211 1487 4282 illucesceret
1504 4207 1559 4280 his
1575 4211 1799 4301 regionibus,
1826 4223 1997 4303 quantum
2013 4209 2155 4306 ternpo-

122 4307 350 4408 ἀνθρώπινα
370 4311 621 4404 ἐπικοσμοῦσα
639 4305 766 4410 χάρις,
800 4307 891 4383 banc
905 4316 1112 4386 suavitatem
1164 4317 1213 4383 ris
1242 4313 1410 4383 suffurari
1434 4313 1589 4403 negociis
1618 4311 1887 4402 gubernationis
1918 4325 2072 4404 poterat,
2114 4318 2153 4386 id

122 4417 292 4490 omnibus
322 4415 549 4490 sermonibus
580 4427 687 4509 atque
718 4413 918 4506 actionibus
936 4416 1114 4504 miscebat,
1163 4414 1309 4504 lectioni
1326 4415 1539 4486 'divinornm
1555 4414 1730 4483 librorum
1746 4427 1780 4484 et
1795 4414 1934 4504 piarum
1958 4417 2154 4488 enarratio·
2198 4429 2202 4436 '

123 4537 231 4613 quam
259 4517 366 4590 etiam
390 4515 545 4588 enaditio
566 4517 727 4606 augebat.
793 4513 987 4588 Curaverat
1016 4520 1112 4588 enirn
1164 4505 1251 4586 nurh
1274 4515 1473 4602 tribuebat,
1503 4517 1634 4610 quibos
1657 4515 1848 4585 eterudire
1868 4539 1904 4585 se
1926 4517 2154 4589 creaveram

123 4621 193 4692 sibi
207 4618 378 4713 perscribi
393 4619 571 4710 epitomen
593 4615 843 4702 historiarum,
868 4617 907 4688 iu
922 4643 993 4714 qua
1007 4621 1114 4691 series
1164 4617 1423 4688 invocationem
1438 4617 1813 4688 accendiadfirmabatt
1863 4615 1917 4689 Ac
1930 4641 2033 4710 saepe
2046 4620 2085 4688 in
2099 4620 2155 4688 fa·
2267 4683 2270 4690 .

123 4736 200 4794 erat
216 4720 379 4792 omnium
401 4733 602 4812 temporum
623 4732 660 4789 et
674 4713 981 4808 monarchiarum,
1007 4746 1114 4816 quam
1164 4717 1363 4790 miliaribus
1378 4719 1602 4789 sermonibus
1617 4719 1779 4789 tenebras
1793 4715 1973 4790 Ecclesiae
1987 4721 2155 4812 deplora-

123 4825 172 4896 ita
186 4824 224 4896 in
241 4835 430 4916 conspectu
446 4816 595 4908 habeat,
617 4833 659 4894 ut
681 4819 723 4890 in
741 4819 956 4909 gravissimis
977 4825 1114 4895 delibe—
1164 4821 1244 4906 bat,
1267 4822 1427 4915 adeoque
1450 4821 1571 4891 dextre
1592 4819 1808 4892 diiudicabat
1829 4821 2069 4892 doctrinarum
2091 4845 2155 4913 ge-

123 4924 341 5009 rationibus,
377 4945 481 5014 saepe
510 4923 597 4992 inde
620 4923 780 5013 exempla
808 4923 981 4996 recitaret.
1041 4923 1115 4996 Nec
1164 4943 1271 5008 nera,
1301 4937 1343 4996 ut
1365 4925 1549 5016 adpareret
1571 4921 1665 4994 serio
1684 4945 1766 4992 eum
1788 4921 2154 4998 intenaeremenrem

123 5049 208 5098 raro
217 5026 367 5106 dicebat,
391 5047 513 5096 senon
529 5037 667 5096 tanturn
682 5023 872 5116 voluptatis
885 5047 988 5095 causa
1002 5021 1114 5098 histo-
1163 5023 1204 5093 in
1220 5019 1346 5095 harum
1361 5023 1592 5096 maximarum
1606 5045 1725 5094 rerum
1740 5014 2072 5098 considerationem.

122 5129 196 5200 rias
210 5128 346 5218 legere,
370 5127 431 5197 sed
446 5148 585 5196 sumere
599 5126 684 5195 inde
697 5128 744 5197 de
758 5125 880 5196 multis
894 5129 1001 5198 rebus
1016 5151 1114 5198 cem-
1264 5123 1426 5220 Cumqne
1447 5138 1575 5196 natura
1596 5126 1714 5216 gravis
1738 5138 1772 5195 et
1802 5125 2034 5220 pauciloqnus
2055 5141 2157 5215 esset,

123 5228 419 5316 monefactioues‚
442 5241 476 5298 et
490 5227 728 5316 cognitionem
745 5251 866 5298 earum
880 5228 1113 5300 necessariam
1163 5239 1199 5299 et
1213 5249 1336 5317 parum
1354 5227 1386 5296 ei
1401 5229 1606 5298 concederet
1621 5226 1723 5297 vacui
1740 5225 1908 5317 temporis
1926 5227 2068 5322 respub.
2090 5254 2156 5300 ne·-

123 5354 219 5416 esse,
241 5355 319 5400 non
332 5331 448 5400 solum
461 5327 777 5419 gubernatoribus,
797 5331 861 5402 sed
879 5329 984 5404 etiam
999 5344 1113 5406 eaete-
1163 5351 1340 5421 quaquam
1354 5329 1594 5400 delectabatur
1610 5327 1760 5398 mriosis
1774 5339 1808 5396 et
1823 5328 2013 5402 inusitnns
2028 5331 2158 5424 dispu-

123 5427 590 5510 eisbuminibusomnibus.
1161 5429 1377 5515 sationibus,
1395 5429 1434 5500 in
1449 5429 2179 5538 quibusridebatmultqsambitioseiw
