<?xml version="1.0" encoding="UTF-8"?>
<!DOCTYPE html PUBLIC "-//W3C//DTD XHTML 1.0 Transitional//EN"
    "http://www.w3.org/TR/xhtml1/DTD/xhtml1-transitional.dtd">
<html xmlns="http://www.w3.org/1999/xhtml" xml:lang="en" lang="en">
 <head>
  <title>
</title>
<meta http-equiv="Content-Type" content="text/html;charset=utf-8" />
  <meta name='ocr-system' content='tesseract 3.04.00' />
  <meta name='ocr-capabilities' content='ocr_page ocr_carea ocr_par ocr_line ocrx_word'/>
</head>
<body>
  <div class='ocr_page' id='page_1' title='image "./corpusreformato23melagoog/corpusreformato23melagoog_0509.png"; bbox 0 0 4704 5826; ppageno 0'>
   <div class='ocr_carea' id='block_1_1' title="bbox 190 251 2227 345">
    <p class='ocr_par' dir='ltr' id='par_1_1' title="bbox 190 251 2227 345">
     <span class='ocr_line' id='line_1_1' title="bbox 190 251 2227 345; baseline 0.006 -13"><span class='ocrx_word' id='word_1_1' title='bbox 190 252 267 336; x_wconf 77' lang='grc'>996</span> <span class='ocrx_word' id='word_1_2' title='bbox 670 251 830 333; x_wconf 75' lang='lat' dir='ltr'>unet.</span> <span class='ocrx_word' id='word_1_3' title='bbox 862 251 938 330; x_wconf 84' lang='lat' dir='ltr'>DE</span> <span class='ocrx_word' id='word_1_4' title='bbox 969 251 1366 335; x_wconf 81' lang='lat' dir='ltr'>DEFlNlTIONE</span> <span class='ocrx_word' id='word_1_5' title='bbox 1399 255 1722 344; x_wconf 75' lang='lat' dir='ltr'>lUSTl‘l&#39;IAE.</span> <span class='ocrx_word' id='word_1_6' title='bbox 2144 265 2227 345; x_wconf 82' lang='grc'>996</span> 
     </span>
    </p>
   </div>
   <div class='ocr_carea' id='block_1_2' title="bbox 115 426 2340 4896">
    <p class='ocr_par' dir='ltr' id='par_1_2' title="bbox 191 426 2248 836">
     <span class='ocr_line' id='line_1_2' title="bbox 195 426 2231 534; baseline 0.005 -34"><span class='ocrx_word' id='word_1_7' title='bbox 195 429 300 500; x_wconf 89' lang='lat' dir='ltr'>nobis</span> <span class='ocrx_word' id='word_1_8' title='bbox 320 426 424 514; x_wconf 85' lang='lat' dir='ltr'>vitia,</span> <span class='ocrx_word' id='word_1_9' title='bbox 448 451 537 523; x_wconf 87' lang='lat' dir='ltr'>quae</span> <span class='ocrx_word' id='word_1_10' title='bbox 560 451 782 524; x_wconf 89' lang='lat' dir='ltr'>nequaquam</span> <span class='ocrx_word' id='word_1_11' title='bbox 801 443 1001 521; x_wconf 90' lang='lat' dir='ltr'>congruunt</span> <span class='ocrx_word' id='word_1_12' title='bbox 1020 455 1101 501; x_wconf 91' lang='lat' dir='ltr'>cum</span> <span class='ocrx_word' id='word_1_13' title='bbox 1119 455 1184 500; x_wconf 84' lang='lat' dir='ltr'>vo·</span> <span class='ocrx_word' id='word_1_14' title='bbox 1235 435 1347 505; x_wconf 89' lang='lat' dir='ltr'>sanati</span> <span class='ocrx_word' id='word_1_15' title='bbox 1364 459 1505 522; x_wconf 86' lang='lat' dir='ltr'>snmus,</span> <span class='ocrx_word' id='word_1_16' title='bbox 1530 449 1566 506; x_wconf 91' lang='lat' dir='ltr'>et</span> <span class='ocrx_word' id='word_1_17' title='bbox 1584 435 1777 528; x_wconf 79' lang='lat' dir='ltr'>significata</span> <span class='ocrx_word' id='word_1_18' title='bbox 1795 438 1965 526; x_wconf 82' lang='lat' dir='ltr'>victimis,</span> <span class='ocrx_word' id='word_1_19' title='bbox 1993 459 2146 534; x_wconf 84' lang='lat' dir='ltr'>quarum</span> <span class='ocrx_word' id='word_1_20' title='bbox 2167 441 2231 510; x_wconf 90' lang='lat' dir='ltr'>in-</span> 
     </span>
     <span class='ocr_line' id='line_1_3' title="bbox 191 529 2231 633; baseline 0.005 -32"><span class='ocrx_word' id='word_1_21' title='bbox 191 533 332 604; x_wconf 84' lang='lat' dir='ltr'>luntate</span> <span class='ocrx_word' id='word_1_22' title='bbox 345 530 431 616; x_wconf 89' lang='lat' dir='ltr'>Dei,</span> <span class='ocrx_word' id='word_1_23' title='bbox 456 554 518 602; x_wconf 89' lang='lat' dir='ltr'>seu</span> <span class='ocrx_word' id='word_1_24' title='bbox 535 555 615 602; x_wconf 91' lang='lat' dir='ltr'>cum</span> <span class='ocrx_word' id='word_1_25' title='bbox 630 532 716 622; x_wconf 90' lang='lat' dir='ltr'>lege.</span> <span class='ocrx_word' id='word_1_26' title='bbox 768 529 839 602; x_wconf 90' lang='lat' dir='ltr'>Hic</span> <span class='ocrx_word' id='word_1_27' title='bbox 853 531 992 602; x_wconf 88' lang='lat' dir='ltr'>nec&#39;esse</span> <span class='ocrx_word' id='word_1_28' title='bbox 1008 547 1059 602; x_wconf 90' lang='lat' dir='ltr'>est</span> <span class='ocrx_word' id='word_1_29' title='bbox 1079 531 1184 603; x_wconf 87' lang='lat' dir='ltr'>aliam</span> <span class='ocrx_word' id='word_1_30' title='bbox 1235 537 1436 628; x_wconf 87' lang='lat' dir='ltr'>terpretatio</span> <span class='ocrx_word' id='word_1_31' title='bbox 1457 561 1558 629; x_wconf 88' lang='lat' dir='ltr'>saepe</span> <span class='ocrx_word' id='word_1_32' title='bbox 1578 542 1727 633; x_wconf 88' lang='lat' dir='ltr'>repetita</span> <span class='ocrx_word' id='word_1_33' title='bbox 1751 554 1821 626; x_wconf 88' lang='lat' dir='ltr'>est,</span> <span class='ocrx_word' id='word_1_34' title='bbox 1845 565 1925 612; x_wconf 91' lang='lat' dir='ltr'>cum</span> <span class='ocrx_word' id='word_1_35' title='bbox 1949 542 2103 614; x_wconf 78' lang='lat' dir='ltr'>dicimur</span> <span class='ocrx_word' id='word_1_36' title='bbox 2125 543 2231 633; x_wconf 93' lang='lat' dir='ltr'>puri-</span> 
     </span>
     <span class='ocr_line' id='line_1_4' title="bbox 196 631 2248 729; baseline 0.005 -25"><span class='ocrx_word' id='word_1_37' title='bbox 196 635 360 722; x_wconf 86' lang='lat' dir='ltr'>vocabuli</span> <span class='ocrx_word' id='word_1_38' title='bbox 376 633 665 721; x_wconf 86' lang='lat' dir='ltr'>significationem</span> <span class='ocrx_word' id='word_1_39' title='bbox 681 655 765 706; x_wconf 90' lang='lat' dir='ltr'>esse.</span> <span class='ocrx_word' id='word_1_40' title='bbox 791 631 888 703; x_wconf 90' lang='lat' dir='ltr'>Haec</span> <span class='ocrx_word' id='word_1_41' title='bbox 902 635 1185 726; x_wconf 87' lang='lat' dir='ltr'>quomododiiu·</span> <span class='ocrx_word' id='word_1_42' title='bbox 1235 639 1327 709; x_wconf 88' lang='lat' dir='ltr'>ficati</span> <span class='ocrx_word' id='word_1_43' title='bbox 1345 639 1516 729; x_wconf 87' lang='lat' dir='ltr'>sanguine</span> <span class='ocrx_word' id='word_1_44' title='bbox 1529 635 1676 714; x_wconf 89' lang='lat' dir='ltr'>Christi.</span> <span class='ocrx_word' id='word_1_45' title='bbox 1727 639 1775 713; x_wconf 90' lang='lat' dir='ltr'>Et</span> <span class='ocrx_word' id='word_1_46' title='bbox 1793 655 1910 714; x_wconf 89' lang='lat' dir='ltr'>tamen</span> <span class='ocrx_word' id='word_1_47' title='bbox 1933 643 2039 712; x_wconf 87' lang='lat' dir='ltr'>simul</span> <span class='ocrx_word' id='word_1_48' title='bbox 2056 643 2096 712; x_wconf 88' lang='lat' dir='ltr'>in</span> <span class='ocrx_word' id='word_1_49' title='bbox 2120 645 2248 714; x_wconf 86' lang='lat' dir='ltr'>nobis&#39;</span> 
     </span>
     <span class='ocr_line' id='line_1_5' title="bbox 198 733 2232 836; baseline 0.004 -30"><span class='ocrx_word' id='word_1_50' title='bbox 198 736 348 806; x_wconf 92' lang='lat' dir='ltr'>dicanda</span> <span class='ocrx_word' id='word_1_51' title='bbox 364 735 455 816; x_wconf 88' lang='lat' dir='ltr'>sint,</span> <span class='ocrx_word' id='word_1_52' title='bbox 480 751 616 807; x_wconf 90' lang='lat' dir='ltr'>norunt</span> <span class='ocrx_word' id='word_1_53' title='bbox 631 749 723 804; x_wconf 89' lang='lat' dir='ltr'>recte</span> <span class='ocrx_word' id='word_1_54' title='bbox 737 735 890 806; x_wconf 90' lang='lat' dir='ltr'>instituti</span> <span class='ocrx_word' id='word_1_55' title='bbox 905 739 942 803; x_wconf 92' lang='lat' dir='ltr'>in</span> <span class='ocrx_word' id='word_1_56' title='bbox 959 733 1128 809; x_wconf 89' lang='lat' dir='ltr'>Ecclesia.</span> <span class='ocrx_word' id='word_1_57' title='bbox 1236 736 1425 812; x_wconf 84' lang='lat' dir='ltr'>inchoatur</span> <span class='ocrx_word' id='word_1_58' title='bbox 1458 742 1608 817; x_wconf 85' lang='lat' dir='ltr'>novitas.</span> <span class='ocrx_word' id='word_1_59' title='bbox 1667 743 1738 816; x_wconf 88' lang='lat' dir='ltr'>Sed</span> <span class='ocrx_word' id='word_1_60' title='bbox 1771 767 1874 836; x_wconf 80' lang='lat' dir='ltr'>saepe</span> <span class='ocrx_word' id='word_1_61' title='bbox 1902 745 1941 813; x_wconf 91' lang='lat' dir='ltr'>in</span> <span class='ocrx_word' id='word_1_62' title='bbox 1973 742 2134 814; x_wconf 76' lang='lat' dir='ltr'><strong>Ecclesia</strong></span> <span class='ocrx_word' id='word_1_63' title='bbox 2166 746 2232 815; x_wconf 83' lang='lat' dir='ltr'>lux</span> 
     </span>
    </p>

    <p class='ocr_par' dir='ltr' id='par_1_3' title="bbox 197 831 2233 1442">
     <span class='ocr_line' id='line_1_6' title="bbox 298 831 2230 932; baseline 0.005 -26"><span class='ocrx_word' id='word_1_64' title='bbox 298 835 372 906; x_wconf 82' lang='lat' dir='ltr'>Nec</span> <span class='ocrx_word' id='word_1_65' title='bbox 387 860 469 905; x_wconf 88' lang='lat' dir='ltr'>vero</span> <span class='ocrx_word' id='word_1_66' title='bbox 483 837 560 906; x_wconf 92' lang='lat' dir='ltr'>ullo</span> <span class='ocrx_word' id='word_1_67' title='bbox 575 839 682 906; x_wconf 90' lang='lat' dir='ltr'>modo</span> <span class='ocrx_word' id='word_1_68' title='bbox 699 831 783 906; x_wconf 90' lang='lat' dir='ltr'>haec</span> <span class='ocrx_word' id='word_1_69' title='bbox 797 839 989 928; x_wconf 77' lang='lat' dir='ltr'>pugnantia</span> <span class='ocrx_word' id='word_1_70' title='bbox 1004 837 1187 908; x_wconf 90' lang='lat' dir='ltr'>conciliari</span> <span class='ocrx_word' id='word_1_71' title='bbox 1235 837 1423 932; x_wconf 81' lang='lat' dir='ltr'>Evangelii</span> <span class='ocrx_word' id='word_1_72' title='bbox 1446 844 1490 912; x_wconf 90' lang='lat' dir='ltr'>de</span> <span class='ocrx_word' id='word_1_73' title='bbox 1511 843 1599 929; x_wconf 88' lang='lat' dir='ltr'>lide,</span> <span class='ocrx_word' id='word_1_74' title='bbox 1624 859 1659 916; x_wconf 90' lang='lat' dir='ltr'>et</span> <span class='ocrx_word' id='word_1_75' title='bbox 1682 847 1743 916; x_wconf 89' lang='lat' dir='ltr'>illa</span> <span class='ocrx_word' id='word_1_76' title='bbox 1765 846 1959 916; x_wconf 88' lang='lat' dir='ltr'>necessaria</span> <span class='ocrx_word' id='word_1_77' title='bbox 1981 845 2230 916; x_wconf 81' lang='lat' dir='ltr'>consolatione</span> 
     </span>
     <span class='ocr_line' id='line_1_7' title="bbox 197 935 2232 1040; baseline 0.003 -31"><span class='ocrx_word' id='word_1_78' title='bbox 197 952 351 1032; x_wconf 80' lang='lat' dir='ltr'>possent,</span> <span class='ocrx_word' id='word_1_79' title='bbox 377 937 446 1006; x_wconf 89' lang='lat' dir='ltr'>nisi</span> <span class='ocrx_word' id='word_1_80' title='bbox 463 937 556 1007; x_wconf 84' lang='lat' dir='ltr'>lilius</span> <span class='ocrx_word' id='word_1_81' title='bbox 571 935 637 1007; x_wconf 91' lang='lat' dir='ltr'>Dei</span> <span class='ocrx_word' id='word_1_82' title='bbox 653 963 693 1007; x_wconf 87' lang='lat' dir='ltr'>ex</span> <span class='ocrx_word' id='word_1_83' title='bbox 712 961 840 1008; x_wconf 87' lang='lat' dir='ltr'>arcano</span> <span class='ocrx_word' id='word_1_84' title='bbox 856 939 1187 1010; x_wconf 88' lang='lat' dir='ltr'>consiliodivinita·</span> <span class='ocrx_word' id='word_1_85' title='bbox 1236 945 1429 1036; x_wconf 82' lang='lat' dir='ltr'>accipiente</span> <span class='ocrx_word' id='word_1_86' title='bbox 1444 945 1686 1016; x_wconf 70' lang='lat' dir='ltr'>remissionem</span> <span class='ocrx_word' id='word_1_87' title='bbox 1703 959 1847 1040; x_wconf 89' lang='lat' dir='ltr'>pmptcr</span> <span class='ocrx_word' id='word_1_88' title='bbox 1866 947 2096 1019; x_wconf 86' lang='lat' dir='ltr'>mediatorem</span> <span class='ocrx_word' id='word_1_89' title='bbox 2112 947 2232 1016; x_wconf 88' lang='lat' dir='ltr'>lilium</span> 
     </span>
     <span class='ocr_line' id='line_1_8' title="bbox 199 1039 2233 1138; baseline 0.003 -28"><span class='ocrx_word' id='word_1_90' title='bbox 199 1041 244 1111; x_wconf 90' lang='lat' dir='ltr'>tis</span> <span class='ocrx_word' id='word_1_91' title='bbox 265 1041 523 1110; x_wconf 84' lang='lat' dir='ltr'>enarrationem</span> <span class='ocrx_word' id='word_1_92' title='bbox 547 1041 760 1131; x_wconf 82' lang='lat' dir='ltr'>protulisset.</span> <span class='ocrx_word' id='word_1_93' title='bbox 817 1039 943 1112; x_wconf 87' lang='lat' dir='ltr'>Manet</span> <span class='ocrx_word' id='word_1_94' title='bbox 967 1040 1063 1110; x_wconf 84' lang='lat' dir='ltr'>enim</span> <span class='ocrx_word' id='word_1_95' title='bbox 1088 1041 1187 1108; x_wconf 78' lang='lat' dir='ltr'>firma</span> <span class='ocrx_word' id='word_1_96' title='bbox 1237 1045 1422 1116; x_wconf 90' lang='lat' dir='ltr'>obscurata</span> <span class='ocrx_word' id='word_1_97' title='bbox 1443 1061 1513 1130; x_wconf 90' lang='lat' dir='ltr'>est,</span> <span class='ocrx_word' id='word_1_98' title='bbox 1537 1047 1594 1116; x_wconf 87' lang='lat' dir='ltr'>vel</span> <span class='ocrx_word' id='word_1_99' title='bbox 1617 1048 1943 1138; x_wconf 83' lang='lat' dir='ltr'>superstitionibus,</span> <span class='ocrx_word' id='word_1_100' title='bbox 1968 1049 2025 1118; x_wconf 85' lang='lat' dir='ltr'>vel</span> <span class='ocrx_word' id='word_1_101' title='bbox 2043 1049 2124 1118; x_wconf 88' lang='lat' dir='ltr'>aliis</span> <span class='ocrx_word' id='word_1_102' title='bbox 2149 1050 2233 1138; x_wconf 86' lang='lat' dir='ltr'>opi-</span> 
     </span>
     <span class='ocr_line' id='line_1_9' title="bbox 199 1140 2233 1228; baseline 0.004 -18"><span class='ocrx_word' id='word_1_103' title='bbox 199 1155 233 1212; x_wconf 92' lang='lat' dir='ltr'>et</span> <span class='ocrx_word' id='word_1_104' title='bbox 250 1142 393 1212; x_wconf 92' lang='lat' dir='ltr'>immota</span> <span class='ocrx_word' id='word_1_105' title='bbox 408 1143 580 1212; x_wconf 88' lang='lat' dir='ltr'>sententia</span> <span class='ocrx_word' id='word_1_106' title='bbox 596 1141 634 1210; x_wconf 92' lang='lat' dir='ltr'>in</span> <span class='ocrx_word' id='word_1_107' title='bbox 648 1140 747 1212; x_wconf 90' lang='lat' dir='ltr'>omni</span> <span class='ocrx_word' id='word_1_108' title='bbox 764 1143 987 1228; x_wconf 89' lang='lat' dir='ltr'>aeternitate,</span> <span class='ocrx_word' id='word_1_109' title='bbox 1012 1141 1187 1212; x_wconf 90' lang='lat' dir='ltr'>iusticiam</span> <span class='ocrx_word' id='word_1_110' title='bbox 1237 1148 1418 1220; x_wconf 91' lang='lat' dir='ltr'>nionibus.</span> <span class='ocrx_word' id='word_1_111' title='bbox 1471 1145 1641 1218; x_wconf 89' lang='lat' dir='ltr'>Monachi</span> <span class='ocrx_word' id='word_1_112' title='bbox 1664 1151 1842 1222; x_wconf 79' lang='lat' dir='ltr'>finxerunt</span> <span class='ocrx_word' id='word_1_113' title='bbox 1858 1173 1920 1220; x_wconf 82' lang='lat' dir='ltr'>sua</span> <span class='ocrx_word' id='word_1_114' title='bbox 1939 1151 2102 1228; x_wconf 83' lang='lat' dir='ltr'>exercitia</span> <span class='ocrx_word' id='word_1_115' title='bbox 2125 1149 2233 1219; x_wconf 87' lang='lat' dir='ltr'>iusti-</span> 
     </span>
     <span class='ocr_line' id='line_1_10' title="bbox 199 1239 2233 1342; baseline 0.004 -28"><span class='ocrx_word' id='word_1_116' title='bbox 199 1265 272 1314; x_wconf 89' lang='lat' dir='ltr'>esse</span> <span class='ocrx_word' id='word_1_117' title='bbox 302 1243 568 1333; x_wconf 79' lang='lat' dir='ltr'>congruentiam</span> <span class='ocrx_word' id='word_1_118' title='bbox 596 1267 675 1312; x_wconf 92' lang='lat' dir='ltr'>cnm</span> <span class='ocrx_word' id='word_1_119' title='bbox 696 1257 815 1314; x_wconf 91' lang='lat' dir='ltr'>mente</span> <span class='ocrx_word' id='word_1_120' title='bbox 845 1257 880 1315; x_wconf 86' lang='lat' dir='ltr'>et</span> <span class='ocrx_word' id='word_1_121' title='bbox 906 1243 1088 1314; x_wconf 84' lang='lat' dir='ltr'>voluntate</span> <span class='ocrx_word' id='word_1_122' title='bbox 1110 1239 1190 1329; x_wconf 90' lang='lat' dir='ltr'>Dei,</span> <span class='ocrx_word' id='word_1_123' title='bbox 1239 1249 1329 1318; x_wconf 88' lang='lat' dir='ltr'>ciam</span> <span class='ocrx_word' id='word_1_124' title='bbox 1345 1261 1380 1320; x_wconf 90' lang='lat' dir='ltr'>et</span> <span class='ocrx_word' id='word_1_125' title='bbox 1393 1248 1636 1337; x_wconf 87' lang='lat' dir='ltr'>impletionem</span> <span class='ocrx_word' id='word_1_126' title='bbox 1652 1253 1738 1342; x_wconf 84' lang='lat' dir='ltr'>legis</span> <span class='ocrx_word' id='word_1_127' title='bbox 1753 1274 1839 1334; x_wconf 86' lang='lat' dir='ltr'>esse,</span> <span class='ocrx_word' id='word_1_128' title='bbox 1855 1263 1889 1322; x_wconf 90' lang='lat' dir='ltr'>et</span> <span class='ocrx_word' id='word_1_129' title='bbox 1904 1251 2030 1322; x_wconf 89' lang='lat' dir='ltr'>mereri</span> <span class='ocrx_word' id='word_1_130' title='bbox 2047 1251 2233 1326; x_wconf 87' lang='lat' dir='ltr'>remissio·</span> 
     </span>
     <span class='ocr_line' id='line_1_11' title="bbox 199 1345 1573 1442; baseline 0.004 -27"><span class='ocrx_word' id='word_1_131' title='bbox 199 1368 290 1440; x_wconf 90' lang='lat' dir='ltr'>quae</span> <span class='ocrx_word' id='word_1_132' title='bbox 307 1345 423 1438; x_wconf 89' lang='lat' dir='ltr'>qualis</span> <span class='ocrx_word' id='word_1_133' title='bbox 446 1345 509 1429; x_wconf 89' lang='lat' dir='ltr'>sit,</span> <span class='ocrx_word' id='word_1_134' title='bbox 534 1345 589 1414; x_wconf 86' lang='lat' dir='ltr'>lex</span> <span class='ocrx_word' id='word_1_135' title='bbox 611 1345 776 1415; x_wconf 86' lang='lat' dir='ltr'>ostendit.</span> <span class='ocrx_word' id='word_1_136' title='bbox 1239 1375 1320 1420; x_wconf 90' lang='lat' dir='ltr'>nem</span> <span class='ocrx_word' id='word_1_137' title='bbox 1340 1363 1573 1442; x_wconf 89' lang='lat' dir='ltr'>peccatorum.</span> 
     </span>
    </p>

    <p class='ocr_par' dir='ltr' id='par_1_4' title="bbox 115 1439 2233 3067">
     <span class='ocr_line' id='line_1_12' title="bbox 299 1439 2232 1540; baseline 0.006 -25"><span class='ocrx_word' id='word_1_138' title='bbox 299 1445 491 1540; x_wconf 89' lang='lat' dir='ltr'>Postquam</span> <span class='ocrx_word' id='word_1_139' title='bbox 518 1459 635 1517; x_wconf 87' lang='lat' dir='ltr'>aulem</span> <span class='ocrx_word' id='word_1_140' title='bbox 660 1439 752 1515; x_wconf 88' lang='lat' dir='ltr'>hanc</span> <span class='ocrx_word' id='word_1_141' title='bbox 772 1445 1189 1534; x_wconf 75' lang='lat' dir='ltr'>congruentiam-natura</span> <span class='ocrx_word' id='word_1_142' title='bbox 1340 1449 1415 1521; x_wconf 84' lang='lat' dir='ltr'>Alii</span> <span class='ocrx_word' id='word_1_143' title='bbox 1438 1452 1557 1522; x_wconf 91' lang='lat' dir='ltr'>minus</span> <span class='ocrx_word' id='word_1_144' title='bbox 1575 1451 1727 1520; x_wconf 90' lang='lat' dir='ltr'>absurda</span> <span class='ocrx_word' id='word_1_145' title='bbox 1743 1451 1928 1538; x_wconf 88' lang='lat' dir='ltr'>docentes,</span> <span class='ocrx_word' id='word_1_146' title='bbox 1954 1453 2137 1525; x_wconf 77' lang='lat' dir='ltr'>dixerunt:</span> <span class='ocrx_word' id='word_1_147' title='bbox 2166 1453 2232 1526; x_wconf 91' lang='lat' dir='ltr'>lu-</span> 
     </span>
     <span class='ocr_line' id='line_1_13' title="bbox 198 1545 2230 1646; baseline 0.003 -28"><span class='ocrx_word' id='word_1_148' title='bbox 198 1545 386 1619; x_wconf 85' lang='lat' dir='ltr'>bominum</span> <span class='ocrx_word' id='word_1_149' title='bbox 401 1547 538 1632; x_wconf 88' lang='lat' dir='ltr'>amisit,</span> <span class='ocrx_word' id='word_1_150' title='bbox 563 1562 598 1618; x_wconf 90' lang='lat' dir='ltr'>et</span> <span class='ocrx_word' id='word_1_151' title='bbox 612 1547 706 1617; x_wconf 85' lang='lat' dir='ltr'>tilius</span> <span class='ocrx_word' id='word_1_152' title='bbox 717 1545 784 1617; x_wconf 93' lang='lat' dir='ltr'>Dei</span> <span class='ocrx_word' id='word_1_153' title='bbox 802 1548 1008 1636; x_wconf 87' lang='lat' dir='ltr'>deprecator</span> <span class='ocrx_word' id='word_1_154' title='bbox 1035 1547 1103 1616; x_wconf 85' lang='lat' dir='ltr'>luit</span> <span class='ocrx_word' id='word_1_155' title='bbox 1125 1570 1189 1637; x_wconf 90' lang='lat' dir='ltr'>pro</span> <span class='ocrx_word' id='word_1_156' title='bbox 1238 1552 1374 1623; x_wconf 90' lang='lat' dir='ltr'>sticiam</span> <span class='ocrx_word' id='word_1_157' title='bbox 1389 1577 1461 1622; x_wconf 89' lang='lat' dir='ltr'>esse</span> <span class='ocrx_word' id='word_1_158' title='bbox 1470 1554 1612 1646; x_wconf 90' lang='lat' dir='ltr'>quidem</span> <span class='ocrx_word' id='word_1_159' title='bbox 1628 1553 1866 1622; x_wconf 87' lang='lat' dir='ltr'>obedientiam</span> <span class='ocrx_word' id='word_1_160' title='bbox 1880 1569 2132 1643; x_wconf 87' lang='lat' dir='ltr'>congruentem</span> <span class='ocrx_word' id='word_1_161' title='bbox 2146 1581 2230 1626; x_wconf 91' lang='lat' dir='ltr'>cum</span> 
     </span>
     <span class='ocr_line' id='line_1_14' title="bbox 199 1643 2232 1748; baseline 0.003 -29"><span class='ocrx_word' id='word_1_162' title='bbox 199 1669 327 1741; x_wconf 84' lang='lat' dir='ltr'>genere</span> <span class='ocrx_word' id='word_1_163' title='bbox 347 1643 521 1733; x_wconf 88' lang='lat' dir='ltr'>humano,</span> <span class='ocrx_word' id='word_1_164' title='bbox 544 1653 722 1719; x_wconf 90' lang='lat' dir='ltr'>decretum</span> <span class='ocrx_word' id='word_1_165' title='bbox 741 1651 939 1718; x_wconf 81' lang='lat' dir='ltr'>factumest</span> <span class='ocrx_word' id='word_1_166' title='bbox 959 1648 1190 1717; x_wconf 90' lang='lat' dir='ltr'>inenarrabili</span> <span class='ocrx_word' id='word_1_167' title='bbox 1239 1679 1363 1724; x_wconf 87' lang='lat' dir='ltr'>norma</span> <span class='ocrx_word' id='word_1_168' title='bbox 1379 1655 1520 1740; x_wconf 91' lang='lat' dir='ltr'>divina,</span> <span class='ocrx_word' id='word_1_169' title='bbox 1543 1677 1605 1723; x_wconf 89' lang='lat' dir='ltr'>seu</span> <span class='ocrx_word' id='word_1_170' title='bbox 1621 1654 1714 1744; x_wconf 92' lang='lat' dir='ltr'>lege,</span> <span class='ocrx_word' id='word_1_171' title='bbox 1740 1655 1801 1724; x_wconf 91' lang='lat' dir='ltr'>sed</span> <span class='ocrx_word' id='word_1_172' title='bbox 1823 1679 1898 1725; x_wconf 92' lang='lat' dir='ltr'>non</span> <span class='ocrx_word' id='word_1_173' title='bbox 1917 1677 1990 1725; x_wconf 89' lang='lat' dir='ltr'>esse</span> <span class='ocrx_word' id='word_1_174' title='bbox 2013 1671 2152 1728; x_wconf 87' lang='lat' dir='ltr'>tantum</span> <span class='ocrx_word' id='word_1_175' title='bbox 2170 1681 2232 1748; x_wconf 87' lang='lat' dir='ltr'>ge-</span> 
     </span>
     <span class='ocr_line' id='line_1_15' title="bbox 115 1749 2231 1849; baseline 0.003 -27"><span class='ocrx_word' id='word_1_176' title='bbox 115 1807 124 1822; x_wconf 85' lang='lat'>.</span> <span class='ocrx_word' id='word_1_177' title='bbox 200 1752 392 1842; x_wconf 89' lang='lat' dir='ltr'>sapientia,</span> <span class='ocrx_word' id='word_1_178' title='bbox 425 1753 464 1820; x_wconf 94' lang='lat' dir='ltr'>in</span> <span class='ocrx_word' id='word_1_179' title='bbox 493 1775 564 1844; x_wconf 90' lang='lat' dir='ltr'>quo</span> <span class='ocrx_word' id='word_1_180' title='bbox 588 1773 668 1821; x_wconf 92' lang='lat' dir='ltr'>cum</span> <span class='ocrx_word' id='word_1_181' title='bbox 691 1749 931 1834; x_wconf 87' lang='lat' dir='ltr'>misericordia</span> <span class='ocrx_word' id='word_1_182' title='bbox 955 1750 1117 1842; x_wconf 88' lang='lat' dir='ltr'>copulata</span> <span class='ocrx_word' id='word_1_183' title='bbox 1139 1763 1191 1820; x_wconf 90' lang='lat' dir='ltr'>est</span> <span class='ocrx_word' id='word_1_184' title='bbox 1239 1769 1312 1826; x_wconf 87' lang='lat' dir='ltr'>stus</span> <span class='ocrx_word' id='word_1_185' title='bbox 1334 1770 1491 1841; x_wconf 89' lang='lat' dir='ltr'>nostros,</span> <span class='ocrx_word' id='word_1_186' title='bbox 1518 1757 1580 1849; x_wconf 90' lang='lat' dir='ltr'>qui</span> <span class='ocrx_word' id='word_1_187' title='bbox 1604 1749 1770 1826; x_wconf 90' lang='lat' dir='ltr'>humanis</span> <span class='ocrx_word' id='word_1_188' title='bbox 1794 1757 1929 1827; x_wconf 91' lang='lat' dir='ltr'>viribus</span> <span class='ocrx_word' id='word_1_189' title='bbox 1948 1773 2134 1847; x_wconf 89' lang='lat' dir='ltr'>regantur,</span> <span class='ocrx_word' id='word_1_190' title='bbox 2168 1761 2231 1828; x_wconf 89' lang='lat' dir='ltr'>sed</span> 
     </span>
     <span class='ocr_line' id='line_1_16' title="bbox 197 1847 2233 1943; baseline 0.003 -20"><span class='ocrx_word' id='word_1_191' title='bbox 197 1853 338 1924; x_wconf 90' lang='lat' dir='ltr'>iusticia</span> <span class='ocrx_word' id='word_1_192' title='bbox 351 1853 515 1922; x_wconf 89' lang='lat' dir='ltr'>mirando</span> <span class='ocrx_word' id='word_1_193' title='bbox 529 1866 817 1943; x_wconf 85' lang='lat' dir='ltr'>temperamento,</span> <span class='ocrx_word' id='word_1_194' title='bbox 840 1865 882 1921; x_wconf 89' lang='lat' dir='ltr'>ut</span> <span class='ocrx_word' id='word_1_195' title='bbox 895 1849 1015 1922; x_wconf 91' lang='lat' dir='ltr'>Homo</span> <span class='ocrx_word' id='word_1_196' title='bbox 1029 1847 1191 1922; x_wconf 85' lang='lat' dir='ltr'>Christus</span> <span class='ocrx_word' id='word_1_197' title='bbox 1239 1881 1313 1927; x_wconf 88' lang='lat' dir='ltr'>esse</span> <span class='ocrx_word' id='word_1_198' title='bbox 1327 1857 1572 1928; x_wconf 89' lang='lat' dir='ltr'>motusaDeo</span> <span class='ocrx_word' id='word_1_199' title='bbox 1589 1879 1751 1928; x_wconf 88' lang='lat' dir='ltr'>accensos</span> <span class='ocrx_word' id='word_1_200' title='bbox 1771 1857 1808 1926; x_wconf 89' lang='lat' dir='ltr'>in</span> <span class='ocrx_word' id='word_1_201' title='bbox 1825 1857 1941 1929; x_wconf 92' lang='lat' dir='ltr'>nobis.</span> <span class='ocrx_word' id='word_1_202' title='bbox 1994 1860 2037 1928; x_wconf 91' lang='lat' dir='ltr'>ln</span> <span class='ocrx_word' id='word_1_203' title='bbox 2059 1853 2124 1930; x_wconf 86' lang='lat' dir='ltr'>bac</span> <span class='ocrx_word' id='word_1_204' title='bbox 2145 1884 2233 1930; x_wconf 86' lang='lat' dir='ltr'>sen-</span> 
     </span>
     <span class='ocr_line' id='line_1_17' title="bbox 200 1949 2232 2050; baseline 0.003 -25"><span class='ocrx_word' id='word_1_205' title='bbox 200 1955 299 2026; x_wconf 91' lang='lat' dir='ltr'>lesus</span> <span class='ocrx_word' id='word_1_206' title='bbox 323 1977 389 2046; x_wconf 92' lang='lat' dir='ltr'>pro</span> <span class='ocrx_word' id='word_1_207' title='bbox 417 1975 544 2043; x_wconf 89' lang='lat' dir='ltr'>genere</span> <span class='ocrx_word' id='word_1_208' title='bbox 566 1949 724 2023; x_wconf 86' lang='lat' dir='ltr'>humano</span> <span class='ocrx_word' id='word_1_209' title='bbox 740 1975 891 2046; x_wconf 89' lang='lat' dir='ltr'>poenam</span> <span class='ocrx_word' id='word_1_210' title='bbox 907 1954 1113 2036; x_wconf 88' lang='lat' dir='ltr'>sustineret,</span> <span class='ocrx_word' id='word_1_211' title='bbox 1137 1967 1190 2024; x_wconf 89' lang='lat' dir='ltr'>at·</span> <span class='ocrx_word' id='word_1_212' title='bbox 1239 1959 1348 2030; x_wconf 87' lang='lat' dir='ltr'>tentia</span> <span class='ocrx_word' id='word_1_213' title='bbox 1366 1959 1496 2030; x_wconf 86' lang='lat' dir='ltr'>resistit</span> <span class='ocrx_word' id='word_1_214' title='bbox 1514 1958 1700 2050; x_wconf 82' lang='lat' dir='ltr'>explicatio</span> <span class='ocrx_word' id='word_1_215' title='bbox 1723 1959 1934 2044; x_wconf 91' lang='lat' dir='ltr'>multorum,</span> <span class='ocrx_word' id='word_1_216' title='bbox 1959 1984 2040 2030; x_wconf 92' lang='lat' dir='ltr'>cum</span> <span class='ocrx_word' id='word_1_217' title='bbox 2055 1961 2101 2030; x_wconf 94' lang='lat' dir='ltr'>de</span> <span class='ocrx_word' id='word_1_218' title='bbox 2124 1961 2232 2032; x_wconf 89' lang='lat' dir='ltr'>iusti-</span> 
     </span>
     <span class='ocr_line' id='line_1_18' title="bbox 201 2055 2231 2152; baseline 0.002 -25"><span class='ocrx_word' id='word_1_219' title='bbox 201 2081 270 2152; x_wconf 87' lang='lat' dir='ltr'>que</span> <span class='ocrx_word' id='word_1_220' title='bbox 291 2057 339 2126; x_wconf 91' lang='lat' dir='ltr'>ita</span> <span class='ocrx_word' id='word_1_221' title='bbox 360 2055 517 2126; x_wconf 91' lang='lat' dir='ltr'>iusticiae</span> <span class='ocrx_word' id='word_1_222' title='bbox 538 2056 736 2139; x_wconf 85' lang='lat' dir='ltr'>satisfieret,</span> <span class='ocrx_word' id='word_1_223' title='bbox 762 2078 852 2149; x_wconf 88' lang='lat' dir='ltr'>quae</span> <span class='ocrx_word' id='word_1_224' title='bbox 874 2069 935 2124; x_wconf 91' lang='lat' dir='ltr'>aut</span> <span class='ocrx_word' id='word_1_225' title='bbox 952 2055 1190 2125; x_wconf 89' lang='lat' dir='ltr'>obedientiam</span> <span class='ocrx_word' id='word_1_226' title='bbox 1239 2062 1292 2130; x_wconf 87' lang='lat' dir='ltr'>cia</span> <span class='ocrx_word' id='word_1_227' title='bbox 1306 2057 1492 2150; x_wconf 82' lang='lat' dir='ltr'>Evangelii</span> <span class='ocrx_word' id='word_1_228' title='bbox 1510 2059 1716 2152; x_wconf 85' lang='lat' dir='ltr'>loquuntur.</span> <span class='ocrx_word' id='word_1_229' title='bbox 1767 2059 1904 2131; x_wconf 89' lang='lat' dir='ltr'>lnterea</span> <span class='ocrx_word' id='word_1_230' title='bbox 1919 2063 1963 2129; x_wconf 90' lang='lat' dir='ltr'>de</span> <span class='ocrx_word' id='word_1_231' title='bbox 1986 2063 2231 2133; x_wconf 89' lang='lat' dir='ltr'>consolatione</span> 
     </span>
     <span class='ocr_line' id='line_1_19' title="bbox 199 2155 2230 2254; baseline 0 -24"><span class='ocrx_word' id='word_1_232' title='bbox 199 2173 262 2230; x_wconf 90' lang='lat' dir='ltr'>aut</span> <span class='ocrx_word' id='word_1_233' title='bbox 276 2180 426 2250; x_wconf 89' lang='lat' dir='ltr'>poenam</span> <span class='ocrx_word' id='word_1_234' title='bbox 441 2158 585 2247; x_wconf 88' lang='lat' dir='ltr'>flagitat.</span> <span class='ocrx_word' id='word_1_235' title='bbox 636 2155 738 2227; x_wconf 89' lang='lat' dir='ltr'>Sicut</span> <span class='ocrx_word' id='word_1_236' title='bbox 751 2159 826 2249; x_wconf 89' lang='lat' dir='ltr'>ipse</span> <span class='ocrx_word' id='word_1_237' title='bbox 838 2159 1041 2248; x_wconf 91' lang='lat' dir='ltr'>redemptor</span> <span class='ocrx_word' id='word_1_238' title='bbox 1055 2156 1189 2250; x_wconf 88' lang='lat' dir='ltr'>inquit:</span> <span class='ocrx_word' id='word_1_239' title='bbox 1238 2161 1300 2232; x_wconf 92' lang='lat' dir='ltr'>illa</span> <span class='ocrx_word' id='word_1_240' title='bbox 1324 2161 1506 2232; x_wconf 90' lang='lat' dir='ltr'>silentium</span> <span class='ocrx_word' id='word_1_241' title='bbox 1528 2175 1600 2246; x_wconf 87' lang='lat' dir='ltr'>est,</span> <span class='ocrx_word' id='word_1_242' title='bbox 1625 2161 1664 2228; x_wconf 92' lang='lat' dir='ltr'>in</span> <span class='ocrx_word' id='word_1_243' title='bbox 1685 2185 1755 2254; x_wconf 83' lang='lat' dir='ltr'>qua</span> <span class='ocrx_word' id='word_1_244' title='bbox 1770 2161 1855 2232; x_wconf 85' lang='lat' dir='ltr'>fides</span> <span class='ocrx_word' id='word_1_245' title='bbox 1871 2176 2043 2234; x_wconf 86' lang='lat' dir='ltr'>sustentat</span> <span class='ocrx_word' id='word_1_246' title='bbox 2059 2187 2143 2250; x_wconf 89' lang='lat' dir='ltr'>uos,</span> <span class='ocrx_word' id='word_1_247' title='bbox 2171 2165 2230 2232; x_wconf 92' lang='lat' dir='ltr'>in-</span> 
     </span>
     <span class='ocr_line' id='line_1_20' title="bbox 200 2251 2229 2356; baseline 0.002 -27"><span class='ocrx_word' id='word_1_248' title='bbox 200 2260 310 2332; x_wconf 91' lang='lat' dir='ltr'>Venit</span> <span class='ocrx_word' id='word_1_249' title='bbox 336 2258 429 2329; x_wconf 86' lang='lat' dir='ltr'>lilius</span> <span class='ocrx_word' id='word_1_250' title='bbox 458 2254 615 2328; x_wconf 89' lang='lat' dir='ltr'>hominis</span> <span class='ocrx_word' id='word_1_251' title='bbox 639 2259 723 2328; x_wconf 89' lang='lat' dir='ltr'>dare</span> <span class='ocrx_word' id='word_1_252' title='bbox 744 2258 899 2328; x_wconf 90' lang='lat' dir='ltr'>animam</span> <span class='ocrx_word' id='word_1_253' title='bbox 921 2281 1020 2328; x_wconf 91' lang='lat' dir='ltr'>suam</span> <span class='ocrx_word' id='word_1_254' title='bbox 1054 2251 1190 2352; x_wconf 82' lang='grc' dir='ltr'><strong><em>λύτρον</em></strong></span> <span class='ocrx_word' id='word_1_255' title='bbox 1238 2277 1377 2334; x_wconf 90' lang='lat' dir='ltr'>tuentes</span> <span class='ocrx_word' id='word_1_256' title='bbox 1391 2263 1430 2332; x_wconf 93' lang='lat' dir='ltr'>in</span> <span class='ocrx_word' id='word_1_257' title='bbox 1445 2261 1569 2332; x_wconf 89' lang='lat' dir='ltr'>merita</span> <span class='ocrx_word' id='word_1_258' title='bbox 1584 2262 1645 2332; x_wconf 88' lang='lat' dir='ltr'>lilii</span> <span class='ocrx_word' id='word_1_259' title='bbox 1660 2263 1743 2348; x_wconf 91' lang='lat' dir='ltr'>Dei,</span> <span class='ocrx_word' id='word_1_260' title='bbox 1769 2277 1803 2334; x_wconf 91' lang='lat' dir='ltr'>et</span> <span class='ocrx_word' id='word_1_261' title='bbox 1816 2264 1855 2332; x_wconf 92' lang='lat' dir='ltr'>in</span> <span class='ocrx_word' id='word_1_262' title='bbox 1871 2287 1951 2334; x_wconf 86' lang='lat' dir='ltr'>eum</span> <span class='ocrx_word' id='word_1_263' title='bbox 1966 2277 2133 2356; x_wconf 88' lang='lat' dir='ltr'>tauquam</span> <span class='ocrx_word' id='word_1_264' title='bbox 2143 2289 2229 2356; x_wconf 88' lang='lat' dir='ltr'>pro-</span> 
     </span>
     <span class='ocr_line' id='line_1_21' title="bbox 200 2356 2229 2458; baseline 0.002 -25"><span class='ocrx_word' id='word_1_265' title='bbox 200 2387 264 2456; x_wconf 90' lang='lat' dir='ltr'>pro</span> <span class='ocrx_word' id='word_1_266' title='bbox 281 2361 414 2434; x_wconf 89' lang='lat' dir='ltr'>multis.</span> <span class='ocrx_word' id='word_1_267' title='bbox 453 2357 500 2430; x_wconf 88' lang='lat' dir='ltr'>Et</span> <span class='ocrx_word' id='word_1_268' title='bbox 516 2356 608 2430; x_wconf 85' lang='lat' dir='ltr'>banc</span> <span class='ocrx_word' id='word_1_269' title='bbox 620 2359 668 2430; x_wconf 88' lang='lat' dir='ltr'>ob</span> <span class='ocrx_word' id='word_1_270' title='bbox 685 2381 825 2430; x_wconf 88' lang='lat' dir='ltr'>causam</span> <span class='ocrx_word' id='word_1_271' title='bbox 847 2359 982 2452; x_wconf 85' lang='lat' dir='ltr'>inquit:</span> <span class='ocrx_word' id='word_1_272' title='bbox 1010 2357 1189 2428; x_wconf 88' lang='lat' dir='ltr'>Nonveni</span> <span class='ocrx_word' id='word_1_273' title='bbox 1238 2365 1462 2456; x_wconf 83' lang='lat' dir='ltr'>piciatocem,</span> <span class='ocrx_word' id='word_1_274' title='bbox 1487 2377 1527 2434; x_wconf 92' lang='lat' dir='ltr'>ut</span> <span class='ocrx_word' id='word_1_275' title='bbox 1543 2364 1660 2457; x_wconf 90' lang='lat' dir='ltr'>inquit</span> <span class='ocrx_word' id='word_1_276' title='bbox 1675 2363 1826 2436; x_wconf 87' lang='lat' dir='ltr'>Paulus:</span> <span class='ocrx_word' id='word_1_277' title='bbox 1860 2363 1976 2454; x_wconf 85' lang='lat' dir='ltr'>Quem</span> <span class='ocrx_word' id='word_1_278' title='bbox 1999 2365 2116 2458; x_wconf 90' lang='lat' dir='ltr'>posuit</span> <span class='ocrx_word' id='word_1_279' title='bbox 2141 2392 2229 2458; x_wconf 89' lang='lat' dir='ltr'>pro-</span> 
     </span>
     <span class='ocr_line' id='line_1_22' title="bbox 199 2458 2228 2557; baseline 0 -21"><span class='ocrx_word' id='word_1_280' title='bbox 199 2465 336 2536; x_wconf 88' lang='lat' dir='ltr'>solvcre</span> <span class='ocrx_word' id='word_1_281' title='bbox 353 2463 478 2552; x_wconf 88' lang='lat' dir='ltr'>legem,</span> <span class='ocrx_word' id='word_1_282' title='bbox 504 2465 563 2530; x_wconf 91' lang='lat' dir='ltr'>sed</span> <span class='ocrx_word' id='word_1_283' title='bbox 579 2461 728 2554; x_wconf 89' lang='lat' dir='ltr'>implere</span> <span class='ocrx_word' id='word_1_284' title='bbox 745 2485 833 2532; x_wconf 87' lang='lat' dir='ltr'>cam.</span> <span class='ocrx_word' id='word_1_285' title='bbox 866 2458 963 2530; x_wconf 90' lang='lat' dir='ltr'>Haec</span> <span class='ocrx_word' id='word_1_286' title='bbox 977 2461 1087 2552; x_wconf 88' lang='lat' dir='ltr'>ipsius</span> <span class='ocrx_word' id='word_1_287' title='bbox 1102 2461 1189 2532; x_wconf 88' lang='lat' dir='ltr'>obe-</span> <span class='ocrx_word' id='word_1_288' title='bbox 1238 2467 1442 2557; x_wconf 88' lang='lat' dir='ltr'>piciatorcm</span> <span class='ocrx_word' id='word_1_289' title='bbox 1467 2489 1530 2556; x_wconf 91' lang='lat' dir='ltr'>per</span> <span class='ocrx_word' id='word_1_290' title='bbox 1548 2464 1775 2554; x_wconf 88' lang='lat' dir='ltr'>sanguinem,</span> <span class='ocrx_word' id='word_1_291' title='bbox 1800 2468 1880 2538; x_wconf 90' lang='lat' dir='ltr'>lide.</span> <span class='ocrx_word' id='word_1_292' title='bbox 1938 2463 2042 2538; x_wconf 90' lang='lat' dir='ltr'>Hanc</span> <span class='ocrx_word' id='word_1_293' title='bbox 2063 2469 2228 2538; x_wconf 87' lang='lat' dir='ltr'>consola-</span> 
     </span>
     <span class='ocr_line' id='line_1_23' title="bbox 199 2559 2227 2659; baseline 0.001 -21"><span class='ocrx_word' id='word_1_294' title='bbox 199 2565 351 2650; x_wconf 90' lang='lat' dir='ltr'>dientia,</span> <span class='ocrx_word' id='word_1_295' title='bbox 382 2587 462 2634; x_wconf 90' lang='lat' dir='ltr'>cum</span> <span class='ocrx_word' id='word_1_296' title='bbox 482 2564 640 2634; x_wconf 87' lang='lat' dir='ltr'>iusticiae</span> <span class='ocrx_word' id='word_1_297' title='bbox 661 2559 730 2632; x_wconf 90' lang='lat' dir='ltr'>Dei</span> <span class='ocrx_word' id='word_1_298' title='bbox 748 2563 955 2654; x_wconf 85' lang='lat' dir='ltr'>satisfaciat,</span> <span class='ocrx_word' id='word_1_299' title='bbox 991 2584 1189 2650; x_wconf 87' lang='lat' dir='ltr'>congruen-</span> <span class='ocrx_word' id='word_1_300' title='bbox 1237 2569 1372 2638; x_wconf 91' lang='lat' dir='ltr'>tionem</span> <span class='ocrx_word' id='word_1_301' title='bbox 1400 2590 1473 2636; x_wconf 91' lang='lat' dir='ltr'>non</span> <span class='ocrx_word' id='word_1_302' title='bbox 1506 2567 1664 2636; x_wconf 89' lang='lat' dir='ltr'>sinamus</span> <span class='ocrx_word' id='word_1_303' title='bbox 1697 2567 1781 2638; x_wconf 86' lang='lat' dir='ltr'>ullis</span> <span class='ocrx_word' id='word_1_304' title='bbox 1812 2567 2008 2659; x_wconf 86' lang='lat' dir='ltr'>praestigiis</span> <span class='ocrx_word' id='word_1_305' title='bbox 2032 2569 2227 2641; x_wconf 88' lang='lat' dir='ltr'>obscurari.</span> 
     </span>
     <span class='ocr_line' id='line_1_24' title="bbox 199 2661 2227 2764; baseline 0 -24"><span class='ocrx_word' id='word_1_306' title='bbox 199 2671 249 2740; x_wconf 88' lang='lat' dir='ltr'>tia</span> <span class='ocrx_word' id='word_1_307' title='bbox 264 2679 317 2738; x_wconf 89' lang='lat' dir='ltr'>est</span> <span class='ocrx_word' id='word_1_308' title='bbox 329 2690 409 2736; x_wconf 90' lang='lat' dir='ltr'>cum</span> <span class='ocrx_word' id='word_1_309' title='bbox 423 2667 606 2736; x_wconf 88' lang='lat' dir='ltr'>voluntate</span> <span class='ocrx_word' id='word_1_310' title='bbox 618 2661 698 2737; x_wconf 89' lang='lat' dir='ltr'>Dei.</span> <span class='ocrx_word' id='word_1_311' title='bbox 751 2661 836 2734; x_wconf 90' lang='lat' dir='ltr'>ldeo</span> <span class='ocrx_word' id='word_1_312' title='bbox 854 2677 888 2734; x_wconf 91' lang='lat' dir='ltr'>et</span> <span class='ocrx_word' id='word_1_313' title='bbox 902 2661 1035 2734; x_wconf 90' lang='lat' dir='ltr'>Paulus</span> <span class='ocrx_word' id='word_1_314' title='bbox 1051 2664 1187 2756; x_wconf 88' lang='lat' dir='ltr'>inquit:</span> <span class='ocrx_word' id='word_1_315' title='bbox 1240 2667 1314 2738; x_wconf 89' lang='lat' dir='ltr'>lam</span> <span class='ocrx_word' id='word_1_316' title='bbox 1327 2667 1439 2758; x_wconf 90' lang='lat' dir='ltr'>igitur</span> <span class='ocrx_word' id='word_1_317' title='bbox 1455 2669 1500 2738; x_wconf 95' lang='lat' dir='ltr'>de</span> <span class='ocrx_word' id='word_1_318' title='bbox 1516 2667 1723 2740; x_wconf 89' lang='lat' dir='ltr'>delinitione</span> <span class='ocrx_word' id='word_1_319' title='bbox 1746 2669 1821 2756; x_wconf 92' lang='lat' dir='ltr'>illa,</span> <span class='ocrx_word' id='word_1_320' title='bbox 1838 2692 1943 2764; x_wconf 89' lang='lat' dir='ltr'>quam</span> <span class='ocrx_word' id='word_1_321' title='bbox 1958 2667 2122 2740; x_wconf 89' lang='lat' dir='ltr'>Clemens</span> <span class='ocrx_word' id='word_1_322' title='bbox 2136 2671 2227 2742; x_wconf 89' lang='lat' dir='ltr'>reci-</span> 
     </span>
     <span class='ocr_line' id='line_1_25' title="bbox 198 2764 1459 2860; baseline -0.006 -19"><span class='ocrx_word' id='word_1_323' title='bbox 198 2769 327 2841; x_wconf 86' lang='lat' dir='ltr'>Factus</span> <span class='ocrx_word' id='word_1_324' title='bbox 342 2781 392 2838; x_wconf 87' lang='lat' dir='ltr'>est</span> <span class='ocrx_word' id='word_1_325' title='bbox 406 2769 473 2838; x_wconf 89' lang='lat' dir='ltr'>sub</span> <span class='ocrx_word' id='word_1_326' title='bbox 487 2768 612 2858; x_wconf 90' lang='lat' dir='ltr'>legem,</span> <span class='ocrx_word' id='word_1_327' title='bbox 636 2779 676 2838; x_wconf 89' lang='lat' dir='ltr'>ut</span> <span class='ocrx_word' id='word_1_328' title='bbox 691 2764 826 2860; x_wconf 88' lang='lat' dir='ltr'>eosqui</span> <span class='ocrx_word' id='word_1_329' title='bbox 840 2777 939 2836; x_wconf 89' lang='lat' dir='ltr'>crant</span> <span class='ocrx_word' id='word_1_330' title='bbox 958 2765 1025 2836; x_wconf 90' lang='lat' dir='ltr'>sub</span> <span class='ocrx_word' id='word_1_331' title='bbox 1041 2764 1116 2856; x_wconf 89' lang='lat' dir='ltr'>lege</span> <span class='ocrx_word' id='word_1_332' title='bbox 1131 2789 1187 2834; x_wconf 90' lang='lat' dir='ltr'>re·</span> <span class='ocrx_word' id='word_1_333' title='bbox 1237 2785 1307 2851; x_wconf 82' lang='lat' dir='ltr'>tat,</span> <span class='ocrx_word' id='word_1_334' title='bbox 1332 2771 1459 2844; x_wconf 86' lang='lat' dir='ltr'>dicam.</span> 
     </span>
     <span class='ocr_line' id='line_1_26' title="bbox 200 2861 2226 2964; baseline -0 -22"><span class='ocrx_word' id='word_1_335' title='bbox 200 2873 360 2956; x_wconf 91' lang='lat' dir='ltr'>dimeret,</span> <span class='ocrx_word' id='word_1_336' title='bbox 386 2870 424 2938; x_wconf 94' lang='lat' dir='ltr'>id</span> <span class='ocrx_word' id='word_1_337' title='bbox 440 2883 501 2956; x_wconf 85' lang='grc' dir='ltr'>εει,</span> <span class='ocrx_word' id='word_1_338' title='bbox 527 2892 678 2962; x_wconf 90' lang='lat' dir='ltr'>poenam</span> <span class='ocrx_word' id='word_1_339' title='bbox 694 2893 759 2962; x_wconf 90' lang='lat' dir='ltr'>pro</span> <span class='ocrx_word' id='word_1_340' title='bbox 775 2867 880 2938; x_wconf 90' lang='lat' dir='ltr'>uobis</span> <span class='ocrx_word' id='word_1_341' title='bbox 894 2867 1011 2954; x_wconf 88' lang='lat' dir='ltr'>solvit,</span> <span class='ocrx_word' id='word_1_342' title='bbox 1037 2891 1107 2962; x_wconf 88' lang='lat' dir='ltr'>qua</span> <span class='ocrx_word' id='word_1_343' title='bbox 1122 2890 1188 2938; x_wconf 89' lang='lat' dir='ltr'>nos</span> <span class='ocrx_word' id='word_1_344' title='bbox 1340 2869 1513 2942; x_wconf 85' lang='lat' dir='ltr'>Fortassis</span> <span class='ocrx_word' id='word_1_345' title='bbox 1544 2869 1674 2964; x_wconf 88' lang='lat' dir='ltr'>aliquis</span> <span class='ocrx_word' id='word_1_346' title='bbox 1704 2861 1981 2961; x_wconf 89' lang='lat' dir='ltr'>reprehensurus</span> <span class='ocrx_word' id='word_1_347' title='bbox 2006 2871 2226 2962; x_wconf 84' lang='lat' dir='ltr'>opinionem,</span> 
     </span>
     <span class='ocr_line' id='line_1_27' title="bbox 198 2971 2224 3067; baseline -0.003 -21"><span class='ocrx_word' id='word_1_348' title='bbox 198 2972 371 3064; x_wconf 87' lang='lat' dir='ltr'>redempti</span> <span class='ocrx_word' id='word_1_349' title='bbox 388 2995 522 3042; x_wconf 86' lang='lat' dir='ltr'>sumus.</span> <span class='ocrx_word' id='word_1_350' title='bbox 1237 2995 1327 3067; x_wconf 85' lang='lat' dir='ltr'>qnae</span> <span class='ocrx_word' id='word_1_351' title='bbox 1349 2971 1469 3061; x_wconf 85' lang='lat' dir='ltr'>lingit,</span> <span class='ocrx_word' id='word_1_352' title='bbox 1497 2985 1637 3042; x_wconf 91' lang='lat' dir='ltr'>nostros</span> <span class='ocrx_word' id='word_1_353' title='bbox 1658 2983 1776 3060; x_wconf 88' lang='lat' dir='ltr'>gestus</span> <span class='ocrx_word' id='word_1_354' title='bbox 1795 2995 1868 3040; x_wconf 91' lang='lat' dir='ltr'>esse</span> <span class='ocrx_word' id='word_1_355' title='bbox 1893 2972 2085 3053; x_wconf 85' lang='lat' dir='ltr'>iusticiam,</span> <span class='ocrx_word' id='word_1_356' title='bbox 2118 2973 2224 3042; x_wconf 85' lang='lat' dir='ltr'>dixit:</span> 
     </span>
    </p>

    <p class='ocr_par' dir='ltr' id='par_1_5' title="bbox 195 3061 2340 4896">
     <span class='ocr_line' id='line_1_28' title="bbox 294 3061 2225 3162; baseline -0.001 -16"><span class='ocrx_word' id='word_1_357' title='bbox 294 3073 411 3146; x_wconf 85' lang='lat' dir='ltr'>Simul</span> <span class='ocrx_word' id='word_1_358' title='bbox 426 3085 542 3143; x_wconf 90' lang='lat' dir='ltr'>autem</span> <span class='ocrx_word' id='word_1_359' title='bbox 560 3071 717 3143; x_wconf 88' lang='lat' dir='ltr'>decrevit</span> <span class='ocrx_word' id='word_1_360' title='bbox 732 3069 902 3162; x_wconf 87' lang='lat' dir='ltr'>sapientia</span> <span class='ocrx_word' id='word_1_361' title='bbox 918 3069 1052 3153; x_wconf 89' lang='lat' dir='ltr'>divina,</span> <span class='ocrx_word' id='word_1_362' title='bbox 1077 3081 1117 3139; x_wconf 91' lang='lat' dir='ltr'>ut</span> <span class='ocrx_word' id='word_1_363' title='bbox 1130 3061 1189 3138; x_wconf 87' lang='lat' dir='ltr'>hic</span> <span class='ocrx_word' id='word_1_364' title='bbox 1238 3072 1380 3144; x_wconf 87' lang='lat' dir='ltr'>lusticia</span> <span class='ocrx_word' id='word_1_365' title='bbox 1404 3087 1456 3144; x_wconf 89' lang='lat' dir='ltr'>est</span> <span class='ocrx_word' id='word_1_366' title='bbox 1477 3075 1623 3144; x_wconf 91' lang='lat' dir='ltr'>societas</span> <span class='ocrx_word' id='word_1_367' title='bbox 1645 3069 1729 3157; x_wconf 90' lang='lat' dir='ltr'>Dei,</span> <span class='ocrx_word' id='word_1_368' title='bbox 1760 3087 1802 3144; x_wconf 91' lang='lat' dir='ltr'>ut</span> <span class='ocrx_word' id='word_1_369' title='bbox 1821 3073 2032 3162; x_wconf 87' lang='lat' dir='ltr'>signiticaret</span> <span class='ocrx_word' id='word_1_370' title='bbox 2055 3097 2128 3144; x_wconf 91' lang='lat' dir='ltr'>esse</span> <span class='ocrx_word' id='word_1_371' title='bbox 2150 3098 2225 3144; x_wconf 91' lang='lat' dir='ltr'>uon</span> 
     </span>
     <span class='ocr_line' id='line_1_29' title="bbox 198 3168 2226 3264; baseline -0.002 -17"><span class='ocrx_word' id='word_1_372' title='bbox 198 3177 296 3247; x_wconf 88' lang='lat' dir='ltr'>lilius</span> <span class='ocrx_word' id='word_1_373' title='bbox 315 3175 362 3245; x_wconf 93' lang='lat' dir='ltr'>ab</span> <span class='ocrx_word' id='word_1_374' title='bbox 384 3168 591 3244; x_wconf 89' lang='lat' dir='ltr'>hominibus</span> <span class='ocrx_word' id='word_1_375' title='bbox 612 3186 838 3263; x_wconf 85' lang='lat' dir='ltr'>agnoscatur,</span> <span class='ocrx_word' id='word_1_376' title='bbox 864 3183 898 3240; x_wconf 92' lang='lat' dir='ltr'>et</span> <span class='ocrx_word' id='word_1_377' title='bbox 912 3170 1082 3240; x_wconf 83' lang='lat' dir='ltr'>beneficia</span> <span class='ocrx_word' id='word_1_378' title='bbox 1100 3193 1189 3263; x_wconf 89' lang='lat' dir='ltr'>quae</span> <span class='ocrx_word' id='word_1_379' title='bbox 1238 3189 1377 3246; x_wconf 88' lang='lat' dir='ltr'>nostros</span> <span class='ocrx_word' id='word_1_380' title='bbox 1392 3189 1525 3264; x_wconf 89' lang='lat' dir='ltr'>gestus,</span> <span class='ocrx_word' id='word_1_381' title='bbox 1548 3178 1607 3245; x_wconf 90' lang='lat' dir='ltr'>sed</span> <span class='ocrx_word' id='word_1_382' title='bbox 1624 3174 1737 3244; x_wconf 90' lang='lat' dir='ltr'>lucem</span> <span class='ocrx_word' id='word_1_383' title='bbox 1761 3189 1796 3245; x_wconf 91' lang='lat' dir='ltr'>et</span> <span class='ocrx_word' id='word_1_384' title='bbox 1809 3189 1926 3248; x_wconf 86' lang='lat' dir='ltr'>motus</span> <span class='ocrx_word' id='word_1_385' title='bbox 1941 3175 2082 3246; x_wconf 91' lang='lat' dir='ltr'>divinos</span> <span class='ocrx_word' id='word_1_386' title='bbox 2097 3176 2135 3244; x_wconf 93' lang='lat' dir='ltr'>in</span> <span class='ocrx_word' id='word_1_387' title='bbox 2158 3199 2226 3244; x_wconf 92' lang='lat' dir='ltr'>no-</span> 
     </span>
     <span class='ocr_line' id='line_1_30' title="bbox 199 3266 2224 3367; baseline -0.002 -18"><span class='ocrx_word' id='word_1_388' title='bbox 199 3279 295 3349; x_wconf 82' lang='lat' dir='ltr'>filiu&#39;s</span> <span class='ocrx_word' id='word_1_389' title='bbox 320 3275 452 3360; x_wconf 80' lang='lat' dir='ltr'>adfert,</span> <span class='ocrx_word' id='word_1_390' title='bbox 488 3275 533 3346; x_wconf 89' lang='lat' dir='ltr'>iis</span> <span class='ocrx_word' id='word_1_391' title='bbox 559 3275 671 3346; x_wconf 91' lang='lat' dir='ltr'>tribui</span> <span class='ocrx_word' id='word_1_392' title='bbox 696 3275 878 3358; x_wconf 78' lang='lat' dir='ltr'>adimat,</span> <span class='ocrx_word' id='word_1_393' title='bbox 910 3271 973 3364; x_wconf 91' lang='lat' dir='ltr'>qui</span> <span class='ocrx_word' id='word_1_394' title='bbox 999 3271 1067 3342; x_wconf 90' lang='lat' dir='ltr'>fide</span> <span class='ocrx_word' id='word_1_395' title='bbox 1092 3266 1189 3342; x_wconf 90' lang='lat' dir='ltr'>bunc</span> <span class='ocrx_word' id='word_1_396' title='bbox 1238 3278 1304 3349; x_wconf 84' lang='lat' dir='ltr'>bis.</span> <span class='ocrx_word' id='word_1_397' title='bbox 1357 3273 1435 3346; x_wconf 90' lang='lat' dir='ltr'>Hoc</span> <span class='ocrx_word' id='word_1_398' title='bbox 1464 3277 1528 3346; x_wconf 89' lang='lat' dir='ltr'>etsi</span> <span class='ocrx_word' id='word_1_399' title='bbox 1554 3275 1739 3367; x_wconf 88' lang='lat' dir='ltr'>splendide</span> <span class='ocrx_word' id='word_1_400' title='bbox 1768 3276 1917 3361; x_wconf 91' lang='lat' dir='ltr'>dicitur,</span> <span class='ocrx_word' id='word_1_401' title='bbox 1947 3290 1981 3347; x_wconf 90' lang='lat' dir='ltr'>et</span> <span class='ocrx_word' id='word_1_402' title='bbox 2009 3301 2134 3346; x_wconf 83' lang='lat' dir='ltr'>verum</span> <span class='ocrx_word' id='word_1_403' title='bbox 2163 3291 2224 3361; x_wconf 89' lang='lat' dir='ltr'>est,</span> 
     </span>
     <span class='ocr_line' id='line_1_31' title="bbox 200 3373 2224 3470; baseline -0.002 -20"><span class='ocrx_word' id='word_1_404' title='bbox 200 3381 313 3451; x_wconf 87' lang='lat' dir='ltr'>lilium</span> <span class='ocrx_word' id='word_1_405' title='bbox 337 3382 596 3470; x_wconf 89' lang='lat' dir='ltr'>redemptorem</span> <span class='ocrx_word' id='word_1_406' title='bbox 621 3388 835 3468; x_wconf 86' lang='lat' dir='ltr'>agnoscunt,</span> <span class='ocrx_word' id='word_1_407' title='bbox 876 3386 911 3443; x_wconf 90' lang='lat' dir='ltr'>et</span> <span class='ocrx_word' id='word_1_408' title='bbox 928 3373 968 3443; x_wconf 90' lang='lat' dir='ltr'>iu</span> <span class='ocrx_word' id='word_1_409' title='bbox 989 3397 1094 3444; x_wconf 89' lang='lat' dir='ltr'>sensu</span> <span class='ocrx_word' id='word_1_410' title='bbox 1116 3373 1188 3442; x_wconf 90' lang='lat' dir='ltr'>irae</span> <span class='ocrx_word' id='word_1_411' title='bbox 1237 3391 1399 3468; x_wconf 89' lang='lat' dir='ltr'>oportere</span> <span class='ocrx_word' id='word_1_412' title='bbox 1419 3377 1458 3445; x_wconf 94' lang='lat' dir='ltr'>in</span> <span class='ocrx_word' id='word_1_413' title='bbox 1478 3379 1581 3448; x_wconf 90' lang='lat' dir='ltr'>nobis</span> <span class='ocrx_word' id='word_1_414' title='bbox 1598 3377 1741 3448; x_wconf 87' lang='lat' dir='ltr'>accendi</span> <span class='ocrx_word' id='word_1_415' title='bbox 1762 3379 1876 3447; x_wconf 89' lang='lat' dir='ltr'>lucem</span> <span class='ocrx_word' id='word_1_416' title='bbox 1891 3391 1925 3448; x_wconf 90' lang='lat' dir='ltr'>et</span> <span class='ocrx_word' id='word_1_417' title='bbox 1939 3391 2054 3448; x_wconf 86' lang='lat' dir='ltr'>motus</span> <span class='ocrx_word' id='word_1_418' title='bbox 2070 3377 2224 3452; x_wconf 85' lang='lat' dir='ltr'>divinos.</span> 
     </span>
     <span class='ocr_line' id='line_1_32' title="bbox 199 3473 2222 3566; baseline -0.003 -12"><span class='ocrx_word' id='word_1_419' title='bbox 199 3481 267 3554; x_wconf 90' lang='lat' dir='ltr'>Dei</span> <span class='ocrx_word' id='word_1_420' title='bbox 296 3483 340 3552; x_wconf 90' lang='lat' dir='ltr'>ad</span> <span class='ocrx_word' id='word_1_421' title='bbox 373 3475 469 3550; x_wconf 90' lang='lat' dir='ltr'>hunc</span> <span class='ocrx_word' id='word_1_422' title='bbox 497 3479 726 3550; x_wconf 88' lang='lat' dir='ltr'>mediatorem</span> <span class='ocrx_word' id='word_1_423' title='bbox 766 3475 995 3566; x_wconf 81' lang='lat' dir='ltr'>confugiunt,</span> <span class='ocrx_word' id='word_1_424' title='bbox 1028 3487 1189 3546; x_wconf 89' lang='lat' dir='ltr'>statuunt</span> <span class='ocrx_word' id='word_1_425' title='bbox 1237 3479 1307 3552; x_wconf 87' lang='lat' dir='ltr'>Sed</span> <span class='ocrx_word' id='word_1_426' title='bbox 1324 3493 1536 3550; x_wconf 90' lang='lat' dir='ltr'>tamencum</span> <span class='ocrx_word' id='word_1_427' title='bbox 1552 3473 1644 3546; x_wconf 90' lang='lat' dir='ltr'>nihil</span> <span class='ocrx_word' id='word_1_428' title='bbox 1661 3479 1753 3549; x_wconf 89' lang='lat' dir='ltr'>dicat</span> <span class='ocrx_word' id='word_1_429' title='bbox 1770 3481 1814 3548; x_wconf 92' lang='lat' dir='ltr'>de</span> <span class='ocrx_word' id='word_1_430' title='bbox 1830 3480 1903 3549; x_wconf 89' lang='lat' dir='ltr'>lilio</span> <span class='ocrx_word' id='word_1_431' title='bbox 1918 3475 1996 3563; x_wconf 89' lang='lat' dir='ltr'>Dei,</span> <span class='ocrx_word' id='word_1_432' title='bbox 2018 3481 2222 3562; x_wconf 83' lang='lat' dir='ltr'>mediatore,</span> 
     </span>
     <span class='ocr_line' id='line_1_33' title="bbox 199 3577 2221 3676; baseline -0.002 -24"><span class='ocrx_word' id='word_1_433' title='bbox 199 3607 281 3654; x_wconf 87' lang='lat' dir='ltr'>vere</span> <span class='ocrx_word' id='word_1_434' title='bbox 298 3597 443 3676; x_wconf 88' lang='lat' dir='ltr'>propter</span> <span class='ocrx_word' id='word_1_435' title='bbox 463 3583 579 3674; x_wconf 92' lang='lat' dir='ltr'>ipsum</span> <span class='ocrx_word' id='word_1_436' title='bbox 594 3579 728 3650; x_wconf 91' lang='lat' dir='ltr'>remitti</span> <span class='ocrx_word' id='word_1_437' title='bbox 753 3592 911 3670; x_wconf 90' lang='lat' dir='ltr'>peccata,</span> <span class='ocrx_word' id='word_1_438' title='bbox 937 3599 973 3646; x_wconf 91' lang='lat' dir='ltr'>sc</span> <span class='ocrx_word' id='word_1_439' title='bbox 996 3577 1127 3670; x_wconf 89' lang='lat' dir='ltr'>recipi,</span> <span class='ocrx_word' id='word_1_440' title='bbox 1152 3599 1188 3645; x_wconf 88' lang='lat' dir='ltr'>se</span> <span class='ocrx_word' id='word_1_441' title='bbox 1237 3583 1281 3652; x_wconf 91' lang='lat' dir='ltr'>de</span> <span class='ocrx_word' id='word_1_442' title='bbox 1305 3581 1510 3650; x_wconf 89' lang='lat' dir='ltr'>remissione</span> <span class='ocrx_word' id='word_1_443' title='bbox 1527 3595 1771 3672; x_wconf 91' lang='lat' dir='ltr'>peccatorum,</span> <span class='ocrx_word' id='word_1_444' title='bbox 1796 3581 1840 3648; x_wconf 92' lang='lat' dir='ltr'>de</span> <span class='ocrx_word' id='word_1_445' title='bbox 1864 3581 2097 3672; x_wconf 87' lang='lat' dir='ltr'>imputatione</span> <span class='ocrx_word' id='word_1_446' title='bbox 2120 3581 2221 3650; x_wconf 90' lang='lat' dir='ltr'>iusti-</span> 
     </span>
     <span class='ocr_line' id='line_1_34' title="bbox 198 3675 2222 3780; baseline -0.003 -24"><span class='ocrx_word' id='word_1_447' title='bbox 198 3687 336 3780; x_wconf 91' lang='lat' dir='ltr'>placere</span> <span class='ocrx_word' id='word_1_448' title='bbox 358 3685 436 3756; x_wconf 91' lang='lat' dir='ltr'>Deo</span> <span class='ocrx_word' id='word_1_449' title='bbox 462 3697 607 3776; x_wconf 91' lang='lat' dir='ltr'>propter</span> <span class='ocrx_word' id='word_1_450' title='bbox 631 3675 727 3753; x_wconf 87' lang='lat' dir='ltr'>huuc</span> <span class='ocrx_word' id='word_1_451' title='bbox 748 3679 972 3752; x_wconf 86' lang='lat' dir='ltr'>Sacerdotem</span> <span class='ocrx_word' id='word_1_452' title='bbox 995 3702 1060 3771; x_wconf 90' lang='lat' dir='ltr'>pro</span> <span class='ocrx_word' id='word_1_453' title='bbox 1083 3677 1189 3748; x_wconf 90' lang='lat' dir='ltr'>nobis</span> <span class='ocrx_word' id='word_1_454' title='bbox 1237 3683 1331 3763; x_wconf 85' lang='lat' dir='ltr'>ciae,</span> <span class='ocrx_word' id='word_1_455' title='bbox 1356 3705 1429 3751; x_wconf 92' lang='lat' dir='ltr'>non</span> <span class='ocrx_word' id='word_1_456' title='bbox 1446 3683 1526 3773; x_wconf 90' lang='lat' dir='ltr'>plus</span> <span class='ocrx_word' id='word_1_457' title='bbox 1540 3681 1636 3766; x_wconf 91' lang='lat' dir='ltr'>dicit,</span> <span class='ocrx_word' id='word_1_458' title='bbox 1661 3705 1765 3774; x_wconf 90' lang='lat' dir='ltr'>quam</span> <span class='ocrx_word' id='word_1_459' title='bbox 1782 3679 1896 3767; x_wconf 89' lang='lat' dir='ltr'>Plato,</span> <span class='ocrx_word' id='word_1_460' title='bbox 1920 3679 2055 3763; x_wconf 86' lang='lat' dir='ltr'>Cicero,</span> <span class='ocrx_word' id='word_1_461' title='bbox 2081 3680 2222 3766; x_wconf 85' lang='lat' dir='ltr'>Seneca,</span> 
     </span>
     <span class='ocr_line' id='line_1_35' title="bbox 198 3778 2222 3882; baseline -0.004 -23"><span class='ocrx_word' id='word_1_462' title='bbox 198 3791 454 3882; x_wconf 86' lang='lat' dir='ltr'>deprecantem.</span> <span class='ocrx_word' id='word_1_463' title='bbox 504 3781 664 3856; x_wconf 87' lang='lat' dir='ltr'>Haclide</span> <span class='ocrx_word' id='word_1_464' title='bbox 682 3805 819 3854; x_wconf 84' lang='lat' dir='ltr'>eumer</span> <span class='ocrx_word' id='word_1_465' title='bbox 842 3779 957 3850; x_wconf 91' lang='lat' dir='ltr'>media</span> <span class='ocrx_word' id='word_1_466' title='bbox 975 3793 1089 3851; x_wconf 91' lang='lat' dir='ltr'>morte</span> <span class='ocrx_word' id='word_1_467' title='bbox 1111 3779 1187 3849; x_wconf 87' lang='lat' dir='ltr'>clu·</span> <span class='ocrx_word' id='word_1_468' title='bbox 1237 3807 1387 3878; x_wconf 89' lang='lat' dir='ltr'>qnorum</span> <span class='ocrx_word' id='word_1_469' title='bbox 1404 3778 1489 3852; x_wconf 88' lang='lat' dir='ltr'>haec</span> <span class='ocrx_word' id='word_1_470' title='bbox 1505 3783 1620 3853; x_wconf 89' lang='lat' dir='ltr'>oratio</span> <span class='ocrx_word' id='word_1_471' title='bbox 1636 3795 1686 3853; x_wconf 88' lang='lat' dir='ltr'>eat</span> <span class='ocrx_word' id='word_1_472' title='bbox 1703 3781 1827 3852; x_wconf 90' lang='lat' dir='ltr'>crebro</span> <span class='ocrx_word' id='word_1_473' title='bbox 1842 3782 2002 3873; x_wconf 91' lang='lat' dir='ltr'>repetita.</span> <span class='ocrx_word' id='word_1_474' title='bbox 2039 3780 2144 3852; x_wconf 88' lang='lat' dir='ltr'>Nulla</span> <span class='ocrx_word' id='word_1_475' title='bbox 2163 3807 2222 3851; x_wconf 86' lang='lat' dir='ltr'>er·</span> 
     </span>
     <span class='ocr_line' id='line_1_36' title="bbox 198 3881 2221 3976; baseline -0.005 -14"><span class='ocrx_word' id='word_1_476' title='bbox 198 3904 353 3974; x_wconf 89' lang='lat' dir='ltr'>ctamur,</span> <span class='ocrx_word' id='word_1_477' title='bbox 379 3886 485 3957; x_wconf 92' lang='lat' dir='ltr'>simul</span> <span class='ocrx_word' id='word_1_478' title='bbox 500 3887 538 3956; x_wconf 94' lang='lat' dir='ltr'>in</span> <span class='ocrx_word' id='word_1_479' title='bbox 553 3885 657 3956; x_wconf 88' lang='lat' dir='ltr'>nobis</span> <span class='ocrx_word' id='word_1_480' title='bbox 671 3897 836 3955; x_wconf 87' lang='lat' dir='ltr'>aeternus</span> <span class='ocrx_word' id='word_1_481' title='bbox 852 3895 950 3973; x_wconf 89' lang='lat' dir='ltr'>pater</span> <span class='ocrx_word' id='word_1_482' title='bbox 964 3895 998 3951; x_wconf 89' lang='lat' dir='ltr'>et</span> <span class='ocrx_word' id='word_1_483' title='bbox 1017 3881 1112 3950; x_wconf 88' lang='lat' dir='ltr'>filius</span> <span class='ocrx_word' id='word_1_484' title='bbox 1128 3905 1188 3951; x_wconf 91' lang='lat' dir='ltr'>ac·</span> <span class='ocrx_word' id='word_1_485' title='bbox 1236 3887 1368 3955; x_wconf 90' lang='lat' dir='ltr'>cellens</span> <span class='ocrx_word' id='word_1_486' title='bbox 1388 3886 1500 3954; x_wconf 91' lang='lat' dir='ltr'>virtus</span> <span class='ocrx_word' id='word_1_487' title='bbox 1524 3899 1573 3955; x_wconf 90' lang='lat' dir='ltr'>cst</span> <span class='ocrx_word' id='word_1_488' title='bbox 1592 3883 1668 3952; x_wconf 92' lang='lat' dir='ltr'>sine</span> <span class='ocrx_word' id='word_1_489' title='bbox 1690 3881 1776 3954; x_wconf 87' lang='lat' dir='ltr'>Deo.</span> <span class='ocrx_word' id='word_1_490' title='bbox 1837 3883 2014 3976; x_wconf 85' lang='lat' dir='ltr'>Scipionis</span> <span class='ocrx_word' id='word_1_491' title='bbox 2036 3883 2221 3968; x_wconf 81' lang='lat' dir='ltr'>fortitudo,</span> 
     </span>
     <span class='ocr_line' id='line_1_37' title="bbox 199 3983 2220 4082; baseline -0.005 -18"><span class='ocrx_word' id='word_1_492' title='bbox 199 3993 356 4064; x_wconf 90' lang='lat' dir='ltr'>cendunt</span> <span class='ocrx_word' id='word_1_493' title='bbox 371 3988 507 4082; x_wconf 91' lang='lat' dir='ltr'>Spiritu</span> <span class='ocrx_word' id='word_1_494' title='bbox 523 4011 589 4058; x_wconf 92' lang='lat' dir='ltr'>suo</span> <span class='ocrx_word' id='word_1_495' title='bbox 603 4001 724 4058; x_wconf 90' lang='lat' dir='ltr'>sancto</span> <span class='ocrx_word' id='word_1_496' title='bbox 741 3985 780 4054; x_wconf 94' lang='lat' dir='ltr'>in</span> <span class='ocrx_word' id='word_1_497' title='bbox 800 3985 967 4055; x_wconf 89' lang='lat' dir='ltr'>cordibus</span> <span class='ocrx_word' id='word_1_498' title='bbox 982 3983 1115 4053; x_wconf 89' lang='lat' dir='ltr'>nostris</span> <span class='ocrx_word' id='word_1_499' title='bbox 1130 3983 1187 4053; x_wconf 87' lang='lat' dir='ltr'>lu·</span> <span class='ocrx_word' id='word_1_500' title='bbox 1236 3985 1472 4071; x_wconf 89' lang='lat' dir='ltr'>continentia,</span> <span class='ocrx_word' id='word_1_501' title='bbox 1510 3999 1545 4056; x_wconf 94' lang='lat' dir='ltr'>et</span> <span class='ocrx_word' id='word_1_502' title='bbox 1575 3999 1730 4055; x_wconf 89' lang='lat' dir='ltr'>caeterae</span> <span class='ocrx_word' id='word_1_503' title='bbox 1757 3986 1923 4070; x_wconf 87' lang='lat' dir='ltr'>virtutes,</span> <span class='ocrx_word' id='word_1_504' title='bbox 1959 3999 2075 4058; x_wconf 89' lang='lat' dir='ltr'>motus</span> <span class='ocrx_word' id='word_1_505' title='bbox 2107 3986 2220 4054; x_wconf 88' lang='lat' dir='ltr'>divini</span> 
     </span>
     <span class='ocr_line' id='line_1_38' title="bbox 197 4083 2219 4178; baseline -0.005 -13"><span class='ocrx_word' id='word_1_506' title='bbox 197 4117 273 4165; x_wconf 92' lang='lat' dir='ltr'>cem</span> <span class='ocrx_word' id='word_1_507' title='bbox 294 4108 328 4164; x_wconf 93' lang='lat' dir='ltr'>et</span> <span class='ocrx_word' id='word_1_508' title='bbox 344 4105 461 4162; x_wconf 90' lang='lat' dir='ltr'>motus</span> <span class='ocrx_word' id='word_1_509' title='bbox 480 4101 712 4178; x_wconf 86' lang='lat' dir='ltr'>congruentes</span> <span class='ocrx_word' id='word_1_510' title='bbox 726 4083 837 4156; x_wconf 91' lang='lat' dir='ltr'>menti</span> <span class='ocrx_word' id='word_1_511' title='bbox 853 4098 886 4156; x_wconf 94' lang='lat' dir='ltr'>et</span> <span class='ocrx_word' id='word_1_512' title='bbox 902 4085 1077 4155; x_wconf 89' lang='lat' dir='ltr'>voluntati</span> <span class='ocrx_word' id='word_1_513' title='bbox 1092 4083 1185 4158; x_wconf 91' lang='lat' dir='ltr'>divi·</span> <span class='ocrx_word' id='word_1_514' title='bbox 1236 4103 1337 4168; x_wconf 88' lang='lat' dir='ltr'>sunt,</span> <span class='ocrx_word' id='word_1_515' title='bbox 1363 4089 1424 4159; x_wconf 89' lang='lat' dir='ltr'>sed</span> <span class='ocrx_word' id='word_1_516' title='bbox 1445 4087 1484 4156; x_wconf 91' lang='lat' dir='ltr'>in</span> <span class='ocrx_word' id='word_1_517' title='bbox 1499 4083 1656 4158; x_wconf 82' lang='lat' dir='ltr'>Ecclesia</span> <span class='ocrx_word' id='word_1_518' title='bbox 1676 4087 1759 4156; x_wconf 89' lang='lat' dir='ltr'>sciri</span> <span class='ocrx_word' id='word_1_519' title='bbox 1781 4101 1918 4177; x_wconf 88' lang='lat' dir='ltr'>oportet</span> <span class='ocrx_word' id='word_1_520' title='bbox 1932 4087 2000 4155; x_wconf 88' lang='lat' dir='ltr'>alia</span> <span class='ocrx_word' id='word_1_521' title='bbox 2022 4109 2095 4156; x_wconf 88' lang='lat' dir='ltr'>esse</span> <span class='ocrx_word' id='word_1_522' title='bbox 2111 4087 2219 4155; x_wconf 92' lang='lat' dir='ltr'>bene-</span> 
     </span>
     <span class='ocr_line' id='line_1_39' title="bbox 197 4183 2219 4288; baseline -0.004 -22"><span class='ocrx_word' id='word_1_523' title='bbox 197 4220 283 4281; x_wconf 90' lang='lat' dir='ltr'>uac,</span> <span class='ocrx_word' id='word_1_524' title='bbox 310 4193 457 4288; x_wconf 89' lang='lat' dir='ltr'>quaein</span> <span class='ocrx_word' id='word_1_525' title='bbox 477 4193 553 4280; x_wconf 88' lang='lat' dir='ltr'>lege</span> <span class='ocrx_word' id='word_1_526' title='bbox 575 4189 797 4262; x_wconf 90' lang='lat' dir='ltr'>describitur.</span> <span class='ocrx_word' id='word_1_527' title='bbox 848 4183 977 4280; x_wconf 85' lang='lat' dir='ltr'>Fitque</span> <span class='ocrx_word' id='word_1_528' title='bbox 1000 4185 1057 4272; x_wconf 91' lang='lat' dir='ltr'>id,</span> <span class='ocrx_word' id='word_1_529' title='bbox 1089 4189 1185 4280; x_wconf 91' lang='lat' dir='ltr'>quod</span> <span class='ocrx_word' id='word_1_530' title='bbox 1236 4191 1311 4260; x_wconf 89' lang='lat' dir='ltr'>licia</span> <span class='ocrx_word' id='word_1_531' title='bbox 1328 4189 1392 4258; x_wconf 84' lang='lat' dir='ltr'>lilii</span> <span class='ocrx_word' id='word_1_532' title='bbox 1409 4189 1499 4273; x_wconf 88' lang='lat' dir='ltr'>Dei,</span> <span class='ocrx_word' id='word_1_533' title='bbox 1521 4189 1762 4258; x_wconf 89' lang='lat' dir='ltr'>remissionem</span> <span class='ocrx_word' id='word_1_534' title='bbox 1780 4203 2000 4280; x_wconf 89' lang='lat' dir='ltr'>peccatorum</span> <span class='ocrx_word' id='word_1_535' title='bbox 2018 4202 2052 4256; x_wconf 90' lang='lat' dir='ltr'>et</span> <span class='ocrx_word' id='word_1_536' title='bbox 2067 4187 2219 4278; x_wconf 88' lang='lat' dir='ltr'>imputa-</span> 
     </span>
     <span class='ocr_line' id='line_1_40' title="bbox 196 4285 2218 4380; baseline -0.006 -12"><span class='ocrx_word' id='word_1_537' title='bbox 196 4300 248 4368; x_wconf 89' lang='lat' dir='ltr'>ait</span> <span class='ocrx_word' id='word_1_538' title='bbox 270 4295 462 4368; x_wconf 87' lang='lat' dir='ltr'>Dominus:</span> <span class='ocrx_word' id='word_1_539' title='bbox 487 4291 682 4364; x_wconf 86' lang='lat' dir='ltr'>Veniemus</span> <span class='ocrx_word' id='word_1_540' title='bbox 701 4293 747 4361; x_wconf 84' lang='lat' dir='ltr'>ad</span> <span class='ocrx_word' id='word_1_541' title='bbox 771 4313 871 4374; x_wconf 89' lang='lat' dir='ltr'>euru,</span> <span class='ocrx_word' id='word_1_542' title='bbox 906 4301 941 4358; x_wconf 93' lang='lat' dir='ltr'>et</span> <span class='ocrx_word' id='word_1_543' title='bbox 963 4287 1186 4358; x_wconf 88' lang='lat' dir='ltr'>mansionem</span> <span class='ocrx_word' id='word_1_544' title='bbox 1235 4291 1369 4362; x_wconf 91' lang='lat' dir='ltr'>tionem</span> <span class='ocrx_word' id='word_1_545' title='bbox 1389 4291 1566 4376; x_wconf 88' lang='lat' dir='ltr'>iusticiae,</span> <span class='ocrx_word' id='word_1_546' title='bbox 1591 4285 1677 4360; x_wconf 86' lang='lat' dir='ltr'>haec</span> <span class='ocrx_word' id='word_1_547' title='bbox 1701 4315 1781 4360; x_wconf 92' lang='lat' dir='ltr'>cum</span> <span class='ocrx_word' id='word_1_548' title='bbox 1806 4291 1876 4358; x_wconf 91' lang='lat' dir='ltr'>fide</span> <span class='ocrx_word' id='word_1_549' title='bbox 1894 4289 2134 4380; x_wconf 88' lang='lat' dir='ltr'>accipiuntur,</span> <span class='ocrx_word' id='word_1_550' title='bbox 2164 4290 2218 4356; x_wconf 90' lang='lat' dir='ltr'>iu-</span> 
     </span>
     <span class='ocr_line' id='line_1_41' title="bbox 195 4389 2217 4490; baseline -0.005 -20"><span class='ocrx_word' id='word_1_551' title='bbox 195 4401 290 4490; x_wconf 86' lang='lat' dir='ltr'>apud</span> <span class='ocrx_word' id='word_1_552' title='bbox 306 4422 386 4468; x_wconf 90' lang='lat' dir='ltr'>eum</span> <span class='ocrx_word' id='word_1_553' title='bbox 400 4397 577 4467; x_wconf 84' lang='lat' dir='ltr'>iaciemus.</span> <span class='ocrx_word' id='word_1_554' title='bbox 1235 4407 1355 4464; x_wconf 83' lang='lat' dir='ltr'>tuente</span> <span class='ocrx_word' id='word_1_555' title='bbox 1374 4393 1621 4472; x_wconf 89' lang='lat' dir='ltr'>mediatorem,</span> <span class='ocrx_word' id='word_1_556' title='bbox 1647 4391 1754 4460; x_wconf 89' lang='lat' dir='ltr'>simul</span> <span class='ocrx_word' id='word_1_557' title='bbox 1776 4405 1811 4462; x_wconf 91' lang='lat' dir='ltr'>et</span> <span class='ocrx_word' id='word_1_558' title='bbox 1830 4403 1968 4483; x_wconf 91' lang='lat' dir='ltr'>pectora</span> <span class='ocrx_word' id='word_1_559' title='bbox 1990 4405 2110 4462; x_wconf 88' lang='lat' dir='ltr'>nostra</span> <span class='ocrx_word' id='word_1_560' title='bbox 2131 4389 2217 4460; x_wconf 81' lang='lat' dir='ltr'>fiunt</span> 
     </span>
     <span class='ocr_line' id='line_1_42' title="bbox 201 4489 2217 4585; baseline -0.005 -14"><span class='ocrx_word' id='word_1_561' title='bbox 201 4563 205 4570; x_wconf 82' lang='lat'>.</span> <span class='ocrx_word' id='word_1_562' title='bbox 295 4495 387 4570; x_wconf 88' lang='lat' dir='ltr'>Cum</span> <span class='ocrx_word' id='word_1_563' title='bbox 399 4511 515 4567; x_wconf 90' lang='lat' dir='ltr'>autem</span> <span class='ocrx_word' id='word_1_564' title='bbox 529 4491 615 4565; x_wconf 87' lang='lat' dir='ltr'>haec</span> <span class='ocrx_word' id='word_1_565' title='bbox 626 4493 729 4564; x_wconf 90' lang='lat' dir='ltr'>initia</span> <span class='ocrx_word' id='word_1_566' title='bbox 742 4491 813 4563; x_wconf 90' lang='lat' dir='ltr'>sint</span> <span class='ocrx_word' id='word_1_567' title='bbox 827 4491 1006 4582; x_wconf 88' lang='lat' dir='ltr'>languida,</span> <span class='ocrx_word' id='word_1_568' title='bbox 1026 4505 1060 4564; x_wconf 91' lang='lat' dir='ltr'>et</span> <span class='ocrx_word' id='word_1_569' title='bbox 1074 4491 1185 4561; x_wconf 90' lang='lat' dir='ltr'>multa</span> <span class='ocrx_word' id='word_1_570' title='bbox 1235 4495 1454 4566; x_wconf 90' lang='lat' dir='ltr'>domicilium</span> <span class='ocrx_word' id='word_1_571' title='bbox 1469 4489 1536 4561; x_wconf 80' lang='lat' dir='ltr'>Dei</span> <span class='ocrx_word' id='word_1_572' title='bbox 1553 4507 1588 4564; x_wconf 91' lang='lat' dir='ltr'>et</span> <span class='ocrx_word' id='word_1_573' title='bbox 1601 4493 1690 4563; x_wconf 88' lang='lat' dir='ltr'>lucis</span> <span class='ocrx_word' id='word_1_574' title='bbox 1706 4493 1865 4576; x_wconf 84' lang='lat' dir='ltr'>divinae,</span> <span class='ocrx_word' id='word_1_575' title='bbox 1889 4493 1950 4561; x_wconf 91' lang='lat' dir='ltr'>aed</span> <span class='ocrx_word' id='word_1_576' title='bbox 1965 4493 2063 4585; x_wconf 88' lang='lat' dir='ltr'>prius</span> <span class='ocrx_word' id='word_1_577' title='bbox 2078 4491 2217 4580; x_wconf 88' lang='lat' dir='ltr'>agnosci</span> 
     </span>
     <span class='ocr_line' id='line_1_43' title="bbox 195 4590 2340 4688; baseline -0.003 -15"><span class='ocrx_word' id='word_1_578' title='bbox 195 4605 234 4673; x_wconf 91' lang='lat' dir='ltr'>in</span> <span class='ocrx_word' id='word_1_579' title='bbox 248 4601 353 4671; x_wconf 92' lang='lat' dir='ltr'>nobis</span> <span class='ocrx_word' id='word_1_580' title='bbox 368 4601 412 4668; x_wconf 92' lang='lat' dir='ltr'>ad</span> <span class='ocrx_word' id='word_1_581' title='bbox 426 4599 525 4666; x_wconf 90' lang='lat' dir='ltr'>illam</span> <span class='ocrx_word' id='word_1_582' title='bbox 541 4610 719 4667; x_wconf 89' lang='lat' dir='ltr'>aeternam</span> <span class='ocrx_word' id='word_1_583' title='bbox 734 4619 896 4664; x_wconf 89' lang='lat' dir='ltr'>normam</span> <span class='ocrx_word' id='word_1_584' title='bbox 917 4595 1079 4662; x_wconf 91' lang='lat' dir='ltr'>nondum</span> <span class='ocrx_word' id='word_1_585' title='bbox 1099 4617 1185 4662; x_wconf 91' lang='lat' dir='ltr'>con·</span> <span class='ocrx_word' id='word_1_586' title='bbox 1234 4597 1346 4665; x_wconf 91' lang='lat' dir='ltr'>lilium</span> <span class='ocrx_word' id='word_1_587' title='bbox 1366 4608 1518 4688; x_wconf 90' lang='lat' dir='ltr'>oportet.</span> <span class='ocrx_word' id='word_1_588' title='bbox 1568 4591 1651 4665; x_wconf 91' lang='lat' dir='ltr'>Non</span> <span class='ocrx_word' id='word_1_589' title='bbox 1673 4593 1782 4684; x_wconf 88' lang='lat' dir='ltr'>igitur</span> <span class='ocrx_word' id='word_1_590' title='bbox 1803 4595 1885 4664; x_wconf 87' lang='lat' dir='ltr'>satis</span> <span class='ocrx_word' id='word_1_591' title='bbox 1904 4617 1976 4662; x_wconf 89' lang='lat' dir='ltr'>esse</span> <span class='ocrx_word' id='word_1_592' title='bbox 1998 4593 2132 4673; x_wconf 87' lang='lat' dir='ltr'>dicere,</span> <span class='ocrx_word' id='word_1_593' title='bbox 2158 4590 2217 4663; x_wconf 90' lang='lat' dir='ltr'>ln-</span> <span class='ocrx_word' id='word_1_594' title='bbox 2339 4647 2340 4666; x_wconf 67' lang='lat'>.</span> 
     </span>
     <span class='ocr_line' id='line_1_44' title="bbox 196 4691 2216 4796; baseline -0.006 -20"><span class='ocrx_word' id='word_1_595' title='bbox 196 4716 343 4796; x_wconf 76' lang='lat' dir='ltr'>gruunt,</span> <span class='ocrx_word' id='word_1_596' title='bbox 374 4701 486 4770; x_wconf 86' lang='lat' dir='ltr'>sancit</span> <span class='ocrx_word' id='word_1_597' title='bbox 507 4700 685 4769; x_wconf 89' lang='lat' dir='ltr'>decretum</span> <span class='ocrx_word' id='word_1_598' title='bbox 708 4697 889 4781; x_wconf 90' lang='lat' dir='ltr'>divinum,</span> <span class='ocrx_word' id='word_1_599' title='bbox 920 4695 986 4764; x_wconf 79' lang='lat' dir='ltr'>filii</span> <span class='ocrx_word' id='word_1_600' title='bbox 1007 4693 1183 4765; x_wconf 90' lang='lat' dir='ltr'>iusticiam</span> <span class='ocrx_word' id='word_1_601' title='bbox 1232 4697 1369 4768; x_wconf 87' lang='lat' dir='ltr'>sticiam</span> <span class='ocrx_word' id='word_1_602' title='bbox 1391 4721 1465 4768; x_wconf 90' lang='lat' dir='ltr'>esse</span> <span class='ocrx_word' id='word_1_603' title='bbox 1485 4691 1688 4769; x_wconf 81' lang='grc' dir='ltr'><strong><em>κοινωνίαν</em></strong></span> <span class='ocrx_word' id='word_1_604' title='bbox 1709 4695 1822 4780; x_wconf 77' lang='grc' dir='ltr'>θεοῦ,</span> <span class='ocrx_word' id='word_1_605' title='bbox 1856 4692 1931 4765; x_wconf 89' lang='lat' dir='ltr'>Nec</span> <span class='ocrx_word' id='word_1_606' title='bbox 1951 4695 2147 4765; x_wconf 87' lang='lat' dir='ltr'>omittenda</span> <span class='ocrx_word' id='word_1_607' title='bbox 2168 4707 2216 4763; x_wconf 89' lang='lat' dir='ltr'>est</span> 
     </span>
     <span class='ocr_line' id='line_1_45' title="bbox 195 4796 2340 4896; baseline -0.006 -19"><span class='ocrx_word' id='word_1_608' title='bbox 195 4807 300 4877; x_wconf 88' lang='lat' dir='ltr'>nobis</span> <span class='ocrx_word' id='word_1_609' title='bbox 316 4803 499 4896; x_wconf 90' lang='lat' dir='ltr'>imputari,</span> <span class='ocrx_word' id='word_1_610' title='bbox 520 4811 664 4892; x_wconf 90' lang='lat' dir='ltr'>propter</span> <span class='ocrx_word' id='word_1_611' title='bbox 678 4799 792 4869; x_wconf 88' lang='lat' dir='ltr'>lilium</span> <span class='ocrx_word' id='word_1_612' title='bbox 808 4799 1037 4868; x_wconf 90' lang='lat' dir='ltr'>mediatorem</span> <span class='ocrx_word' id='word_1_613' title='bbox 1055 4810 1090 4867; x_wconf 93' lang='lat' dir='ltr'>et</span> <span class='ocrx_word' id='word_1_614' title='bbox 1103 4821 1182 4866; x_wconf 92' lang='lat' dir='ltr'>um·</span> <span class='ocrx_word' id='word_1_615' title='bbox 1233 4799 1366 4870; x_wconf 87' lang='lat' dir='ltr'>mentio</span> <span class='ocrx_word' id='word_1_616' title='bbox 1388 4800 1595 4869; x_wconf 91' lang='lat' dir='ltr'>meritorum</span> <span class='ocrx_word' id='word_1_617' title='bbox 1620 4798 1685 4866; x_wconf 89' lang='lat' dir='ltr'>lilii</span> <span class='ocrx_word' id='word_1_618' title='bbox 1702 4797 1785 4882; x_wconf 89' lang='lat' dir='ltr'>Dei,</span> <span class='ocrx_word' id='word_1_619' title='bbox 1810 4809 1844 4866; x_wconf 91' lang='lat' dir='ltr'>et</span> <span class='ocrx_word' id='word_1_620' title='bbox 1867 4796 2084 4866; x_wconf 87' lang='lat' dir='ltr'>remissionis</span> <span class='ocrx_word' id='word_1_621' title='bbox 2098 4817 2216 4886; x_wconf 87' lang='lat' dir='ltr'>pecca·</span> <span class='ocrx_word' id='word_1_622' title='bbox 2339 4815 2340 4842; x_wconf 52' lang='grc' dir='ltr'>ι</span> 
     </span>
    </p>
   </div>
   <div class='ocr_carea' id='block_1_3' title="bbox 66 4891 2340 4994">
    <p class='ocr_par' dir='ltr' id='par_1_6' title="bbox 66 4891 2340 4994">
     <span class='ocr_line' id='line_1_46' title="bbox 66 4891 2340 4994; baseline -0.009 -11"><span class='ocrx_word' id='word_1_623' title='bbox 66 4905 69 4910; x_wconf 69' lang='grc'><strong>’</strong></span> <span class='ocrx_word' id='word_1_624' title='bbox 192 4907 398 4986; x_wconf 70' lang='lat' dir='ltr'>brdculum,</span> <span class='ocrx_word' id='word_1_625' title='bbox 430 4905 502 4994; x_wconf 84' lang='lat' dir='ltr'>tegi</span> <span class='ocrx_word' id='word_1_626' title='bbox 525 4916 663 4972; x_wconf 89' lang='lat' dir='ltr'>nostras</span> <span class='ocrx_word' id='word_1_627' title='bbox 690 4902 830 4985; x_wconf 85' lang='lat' dir='ltr'>sordes,</span> <span class='ocrx_word' id='word_1_628' title='bbox 863 4915 896 4971; x_wconf 90' lang='lat' dir='ltr'>et</span> <span class='ocrx_word' id='word_1_629' title='bbox 920 4925 985 4970; x_wconf 92' lang='lat' dir='ltr'>nos</span> <span class='ocrx_word' id='word_1_630' title='bbox 1005 4899 1079 4970; x_wconf 90' lang='lat' dir='ltr'>Deo</span> <span class='ocrx_word' id='word_1_631' title='bbox 1105 4899 1183 4991; x_wconf 89' lang='lat' dir='ltr'>pla·</span> <span class='ocrx_word' id='word_1_632' title='bbox 1232 4915 1369 4987; x_wconf 91' lang='lat' dir='ltr'>torum,</span> <span class='ocrx_word' id='word_1_633' title='bbox 1401 4903 1460 4970; x_wconf 91' lang='lat' dir='ltr'>sed</span> <span class='ocrx_word' id='word_1_634' title='bbox 1494 4900 1678 4970; x_wconf 86' lang='lat' dir='ltr'>retinenda</span> <span class='ocrx_word' id='word_1_635' title='bbox 1705 4923 1772 4967; x_wconf 86' lang='lat' dir='ltr'>vor</span> <span class='ocrx_word' id='word_1_636' title='bbox 1796 4891 2002 4987; x_wconf 78' lang='lat' dir='ltr'>Evangelii,</span> <span class='ocrx_word' id='word_1_637' title='bbox 2030 4921 2120 4991; x_wconf 89' lang='lat' dir='ltr'>quac</span> <span class='ocrx_word' id='word_1_638' title='bbox 2153 4919 2215 4964; x_wconf 90' lang='lat' dir='ltr'>nos</span> <span class='ocrx_word' id='word_1_639' title='bbox 2339 4909 2340 4928; x_wconf 66' lang='lat'>¹</span> 
     </span>
    </p>
   </div>
   <div class='ocr_carea' id='block_1_4' title="bbox 92 4999 2214 5298">
    <p class='ocr_par' dir='ltr' id='par_1_7' title="bbox 92 4999 2214 5298">
     <span class='ocr_line' id='line_1_47' title="bbox 192 4999 2214 5101; baseline -0.006 -20"><span class='ocrx_word' id='word_1_640' title='bbox 192 5036 281 5092; x_wconf 89' lang='lat' dir='ltr'>cere,</span> <span class='ocrx_word' id='word_1_641' title='bbox 308 5020 450 5101; x_wconf 89' lang='lat' dir='ltr'>propter</span> <span class='ocrx_word' id='word_1_642' title='bbox 462 5005 572 5098; x_wconf 90' lang='lat' dir='ltr'>ipsius</span> <span class='ocrx_word' id='word_1_643' title='bbox 589 5003 735 5096; x_wconf 87' lang='lat' dir='ltr'>inquam</span> <span class='ocrx_word' id='word_1_644' title='bbox 752 5001 895 5082; x_wconf 91' lang='lat' dir='ltr'>merita,</span> <span class='ocrx_word' id='word_1_645' title='bbox 922 5025 1011 5095; x_wconf 91' lang='lat' dir='ltr'>quae</span> <span class='ocrx_word' id='word_1_646' title='bbox 1027 5003 1101 5092; x_wconf 90' lang='lat' dir='ltr'>ipse</span> <span class='ocrx_word' id='word_1_647' title='bbox 1116 5022 1182 5070; x_wconf 93' lang='lat' dir='ltr'>no-</span> <span class='ocrx_word' id='word_1_648' title='bbox 1231 5017 1376 5095; x_wconf 91' lang='lat' dir='ltr'>propter</span> <span class='ocrx_word' id='word_1_649' title='bbox 1395 5003 1507 5074; x_wconf 89' lang='lat' dir='ltr'>lilium</span> <span class='ocrx_word' id='word_1_650' title='bbox 1524 5001 1796 5092; x_wconf 89' lang='lat' dir='ltr'>propiciatorem</span> <span class='ocrx_word' id='word_1_651' title='bbox 1819 5001 1981 5070; x_wconf 89' lang='lat' dir='ltr'>adfirmat</span> <span class='ocrx_word' id='word_1_652' title='bbox 2001 4999 2111 5070; x_wconf 91' lang='lat' dir='ltr'>iustos</span> <span class='ocrx_word' id='word_1_653' title='bbox 2133 5021 2214 5068; x_wconf 85' lang='lat' dir='ltr'>csse.</span> 
     </span>
     <span class='ocr_line' id='line_1_48' title="bbox 92 5099 2214 5202; baseline -0.01 -15"><span class='ocrx_word' id='word_1_654' title='bbox 92 5167 93 5170; x_wconf 19' lang='grc' dir='ltr'><strong>κ</strong></span> <span class='ocrx_word' id='word_1_655' title='bbox 191 5113 305 5186; x_wconf 84' lang='lat' dir='ltr'>minat</span> <span class='ocrx_word' id='word_1_656' title='bbox 326 5101 463 5202; x_wconf 78' lang='grc' dir='ltr'><em>λύτρα,</em></span> <span class='ocrx_word' id='word_1_657' title='bbox 489 5121 523 5178; x_wconf 84' lang='grc' dir='ltr'>ει</span> <span class='ocrx_word' id='word_1_658' title='bbox 544 5119 688 5198; x_wconf 90' lang='lat' dir='ltr'>propter</span> <span class='ocrx_word' id='word_1_659' title='bbox 709 5103 825 5196; x_wconf 92' lang='lat' dir='ltr'>ipsum</span> <span class='ocrx_word' id='word_1_660' title='bbox 846 5105 1093 5195; x_wconf 90' lang='lat' dir='ltr'>deprecantem</span> <span class='ocrx_word' id='word_1_661' title='bbox 1116 5127 1182 5173; x_wconf 89' lang='lat' dir='ltr'>uos</span> <span class='ocrx_word' id='word_1_662' title='bbox 1230 5102 1326 5174; x_wconf 86' lang='lat' dir='ltr'>Haec</span> <span class='ocrx_word' id='word_1_663' title='bbox 1356 5107 1400 5174; x_wconf 89' lang='lat' dir='ltr'>de</span> <span class='ocrx_word' id='word_1_664' title='bbox 1429 5103 1549 5196; x_wconf 93' lang='lat' dir='ltr'>priore</span> <span class='ocrx_word' id='word_1_665' title='bbox 1579 5103 1739 5173; x_wconf 89' lang='lat' dir='ltr'>membro</span> <span class='ocrx_word' id='word_1_666' title='bbox 1769 5101 1986 5194; x_wconf 88' lang='lat' dir='ltr'>delinitionis</span> <span class='ocrx_word' id='word_1_667' title='bbox 2015 5101 2107 5170; x_wconf 89' lang='lat' dir='ltr'>dicta</span> <span class='ocrx_word' id='word_1_668' title='bbox 2136 5099 2214 5182; x_wconf 87' lang='lat' dir='ltr'>sint,</span> 
     </span>
     <span class='ocr_line' id='line_1_49' title="bbox 97 5196 2213 5298; baseline -0.006 -15"><span class='ocrx_word' id='word_1_669' title='bbox 97 5241 102 5246; x_wconf 95' lang='lat'>·</span> <span class='ocrx_word' id='word_1_670' title='bbox 190 5215 301 5284; x_wconf 90' lang='lat' dir='ltr'>iustos</span> <span class='ocrx_word' id='word_1_671' title='bbox 324 5233 407 5279; x_wconf 91' lang='lat' dir='ltr'>esse.</span> <span class='ocrx_word' id='word_1_672' title='bbox 554 5207 556 5211; x_wconf 68' lang='grc'>’</span> <span class='ocrx_word' id='word_1_673' title='bbox 1227 5207 1293 5276; x_wconf 91' lang='lat' dir='ltr'>ubi</span> <span class='ocrx_word' id='word_1_674' title='bbox 1315 5207 1470 5295; x_wconf 87' lang='lat' dir='ltr'>cogitent</span> <span class='ocrx_word' id='word_1_675' title='bbox 1490 5203 1688 5286; x_wconf 89' lang='lat' dir='ltr'>auditores,</span> <span class='ocrx_word' id='word_1_676' title='bbox 1713 5229 1803 5298; x_wconf 89' lang='lat' dir='ltr'>quae</span> <span class='ocrx_word' id='word_1_677' title='bbox 1823 5205 1988 5273; x_wconf 91' lang='lat' dir='ltr'>tenebrae</span> <span class='ocrx_word' id='word_1_678' title='bbox 2004 5201 2044 5270; x_wconf 86' lang='lat' dir='ltr'>in&#39;</span> <span class='ocrx_word' id='word_1_679' title='bbox 2060 5196 2213 5271; x_wconf 87' lang='lat' dir='ltr'>Ecclesia</span> 
     </span>
    </p>
   </div>
   <div class='ocr_carea' id='block_1_5' title="bbox 190 5291 2212 5504">
    <p class='ocr_par' dir='ltr' id='par_1_8' title="bbox 190 5291 2212 5504">
     <span class='ocr_line' id='line_1_50' title="bbox 291 5291 2212 5403; baseline -0.004 -25"><span class='ocrx_word' id='word_1_680' title='bbox 291 5309 388 5380; x_wconf 87' lang='lat' dir='ltr'>llaec</span> <span class='ocrx_word' id='word_1_681' title='bbox 402 5307 539 5379; x_wconf 86' lang='lat' dir='ltr'>iusticia</span> <span class='ocrx_word' id='word_1_682' title='bbox 552 5305 592 5374; x_wconf 93' lang='lat' dir='ltr'>in</span> <span class='ocrx_word' id='word_1_683' title='bbox 604 5305 901 5398; x_wconf 89' lang='lat' dir='ltr'>promissionibus</span> <span class='ocrx_word' id='word_1_684' title='bbox 916 5319 949 5376; x_wconf 88' lang='lat' dir='ltr'>et</span> <span class='ocrx_word' id='word_1_685' title='bbox 964 5300 1180 5374; x_wconf 84' lang='lat' dir='ltr'>voceEvan-</span> <span class='ocrx_word' id='word_1_686' title='bbox 1228 5309 1315 5377; x_wconf 92' lang='lat' dir='ltr'>olim</span> <span class='ocrx_word' id='word_1_687' title='bbox 1338 5332 1481 5403; x_wconf 88' lang='lat' dir='ltr'>quoque</span> <span class='ocrx_word' id='word_1_688' title='bbox 1507 5319 1646 5375; x_wconf 89' lang='lat' dir='ltr'>secutae</span> <span class='ocrx_word' id='word_1_689' title='bbox 1668 5291 1758 5391; x_wconf 92' lang='lat' dir='ltr'>sint,</span> <span class='ocrx_word' id='word_1_690' title='bbox 1793 5327 1872 5376; x_wconf 89' lang='lat' dir='ltr'>cum</span> <span class='ocrx_word' id='word_1_691' title='bbox 1895 5304 2064 5375; x_wconf 88' lang='lat' dir='ltr'>conticuit</span> <span class='ocrx_word' id='word_1_692' title='bbox 2084 5327 2151 5372; x_wconf 83' lang='lat' dir='ltr'>vor</span> <span class='ocrx_word' id='word_1_693' title='bbox 2171 5303 2212 5370; x_wconf 91' lang='lat' dir='ltr'>de</span> 
     </span>
     <span class='ocr_line' id='line_1_51' title="bbox 190 5403 2211 5504; baseline -0.002 -22"><span class='ocrx_word' id='word_1_694' title='bbox 190 5413 451 5504; x_wconf 85' lang='lat' dir='ltr'>geliipatelacta</span> <span class='ocrx_word' id='word_1_695' title='bbox 463 5421 527 5494; x_wconf 92' lang='lat' dir='ltr'>est,</span> <span class='ocrx_word' id='word_1_696' title='bbox 551 5407 642 5478; x_wconf 89' lang='lat' dir='ltr'>sicut</span> <span class='ocrx_word' id='word_1_697' title='bbox 651 5404 775 5478; x_wconf 86' lang='lat' dir='ltr'>Esaias</span> <span class='ocrx_word' id='word_1_698' title='bbox 793 5407 928 5500; x_wconf 84' lang='lat' dir='ltr'>inquit:</span> <span class='ocrx_word' id='word_1_699' title='bbox 954 5405 1084 5478; x_wconf 90' lang='lat' dir='ltr'>Livore</span> <span class='ocrx_word' id='word_1_700' title='bbox 1100 5408 1177 5478; x_wconf 90' lang='lat' dir='ltr'>eius</span> <span class='ocrx_word' id='word_1_701' title='bbox 1227 5409 1289 5480; x_wconf 86' lang='lat' dir='ltr'>illa</span> <span class='ocrx_word' id='word_1_702' title='bbox 1303 5410 1440 5482; x_wconf 89' lang='lat' dir='ltr'>iusticia</span> <span class='ocrx_word' id='word_1_703' title='bbox 1454 5403 1703 5500; x_wconf 84' lang='lat' dir='ltr'>inEvangelio</span> <span class='ocrx_word' id='word_1_704' title='bbox 1715 5409 1906 5502; x_wconf 85' lang='lat' dir='ltr'>patefacta,</span> <span class='ocrx_word' id='word_1_705' title='bbox 1931 5429 2021 5502; x_wconf 86' lang='lat' dir='ltr'>quae</span> <span class='ocrx_word' id='word_1_706' title='bbox 2034 5419 2106 5487; x_wconf 78' lang='lat' dir='ltr'>est,</span> <span class='ocrx_word' id='word_1_707' title='bbox 2132 5425 2211 5498; x_wconf 79' lang='lat' dir='ltr'>pro·</span> 
     </span>
    </p>
   </div>
   <div class='ocr_carea' id='block_1_6' title="bbox 0 0 2356 5826">
    <p class='ocr_par' dir='ltr' id='par_1_9' title="bbox 0 0 2356 5826">
     <span class='ocr_line' id='line_1_52' title="bbox 0 0 2356 5826; baseline 0 3"><span class='ocrx_word' id='word_1_708' title='bbox 0 0 2356 5826; x_wconf 95' lang='lat' dir='ltr'> </span> 
     </span>
    </p>
   </div>
  </div>
 </body>
</html>
