4688 5826
84 277 140 352 ffb
532 265 695 346 DECL.
732 265 811 344 DE
841 265 1082 354 sununs
1112 261 1609 340 ADOLESGENTUM.
2014 257 2087 335 186

80 471 110 519 re
128 443 283 538 quapiam
306 440 542 531 interrogatos
564 440 615 514 ita
632 439 853 535 perturbari,
886 463 931 514 nc
950 439 1047 510 velut
1096 453 1212 510 autem
1239 464 1276 510 se
1309 451 1370 509 aut
1396 437 1533 518 doceri,
1566 459 1632 528 pro
1659 429 1907 523 indignissimo
1941 432 2088 515 ducunt,

78 547 222 620 attonitos
235 545 493 630 obmutescere,
516 545 634 615 utrix
652 545 1048 636 unimicompotesesse
1097 544 1215 614 statim
1234 543 1391 632 coarguti
1411 541 1683 618 excandescunt,
1707 535 1793 629 quid
1812 533 1875 604 ni?
1899 533 2087 604 nonenim
2207 570 2211 580 „

80 653 254 721 rideantur.
297 642 435 716 Εοηιω
450 645 597 732 deinde,
622 646 654 716 si
669 647 756 740 quid
772 647 864 717 forte
877 645 1046 715 discendo
1097 645 1170 714 labi
1188 667 1288 736 posse
1310 658 1371 713 aut
1388 665 1505 712 errare
1522 641 1636 710 videri
1651 640 1786 710 volunt.
1819 635 1902 706 Non
1919 635 2086 725 Tigrides

79 753 163 824 etiam
177 748 354 832 consecuti
366 761 470 833 sunt,
495 749 618 819 nullus
631 771 717 819 txsns
731 771 804 818 esse
826 760 951 840 potest.
1005 746 1046 814 ln
1096 749 1261 831 atrocius,
1287 760 1347 816 aut
1362 745 1542 814 infestiore
1560 744 1624 828 ira,
1649 766 1713 833 pro
1729 739 1853 810 catulis
1869 740 2087 830 depugnant,

80 851 233 925 bocenim
250 850 368 920 omnis
383 851 582 921 studiorum
599 851 735 922 fructus
751 851 907 943 ponitur,
933 865 971 920 ut
987 871 1047 918 ex·
1097 873 1205 942 quam
1231 849 1286 921 illi
1309 873 1375 940 pro
1398 847 1470 918 suis
1492 845 1672 916 erroribus
1695 841 1936 911 defendendis.
1987 837 2088 928 Quid

81 977 234 1048 promere,
267 953 308 1022 iu
332 953 517 1045 lucemque
541 953 719 1044 proferte,
754 977 795 1022 ac
816 953 988 1044 replicare
1009 951 1044 1018 id
1099 947 1164 1020 hos
1185 953 1340 1020 facturos
1362 963 1543 1040 putemus,
1576 947 1638 1016 nbi
1665 945 1714 1013 sie
1733 943 1848 1012 affecti
1871 944 1916 1012 ad
1932 939 2086 1032 Reipub.

82 1060 173 1148 ipsum
188 1056 286 1148 quod
309 1053 396 1124 scias
419 1052 542 1146 possis.
597 1053 644 1126 Ut
665 1055 760 1124 euim
784 1055 940 1124 occultae
961 1051 1046 1122 Mu·
1098 1067 1160 1123 aut
1176 1050 1354 1122 Ecclesiae
1370 1051 1608 1141 gubernacula
1631 1047 1842 1117 accesserint
1863 1058 1899 1114 et
1915 1043 2085 1114 autorita-

80 1161 168 1241 sicae,
207 1155 256 1226 ita
283 1169 403 1226 mune
428 1171 535 1249 atque
564 1155 712 1225 infantis
739 1156 920 1226 doctrinae
947 1154 1047 1224 nulla
1098 1169 1167 1224 tem
1194 1179 1233 1222 ac
1255 1155 1447 1246 potentiam
1469 1153 1622 1245 aliquam
1650 1173 1729 1218 cum
1752 1145 1820 1218 isto
1842 1145 2031 1238 supercilio
2054 1157 2089 1216 et

80 1260 245 1349 gratiacst.
297 1255 472 1328 Examina
487 1281 572 1326 vero
586 1271 627 1328 ut
641 1259 814 1328 iudicium
835 1259 991 1327 formant
1007 1280 1047 1324 ac
1098 1257 1235 1326 inscitia
1253 1255 1527 1326 coniunxerint?
1561 1251 1702 1346 Ecquos
1718 1275 1780 1320 vos
1794 1271 1953 1341 unquam
1970 1243 2088 1318 homi-

79 1363 199 1444 linant,
229 1359 371 1428 animus
395 1359 626 1445 confirmant,
659 1373 791 1429 acuunt
812 1359 973 1448 ingenia,
998 1359 1047 1427 ita
1098 1383 1159 1428 nes
1176 1359 1324 1428 audistis
1339 1357 1609 1447 perniciosiores
1625 1351 1790 1423 Ecclesiis
1807 1349 2086 1440 autl'tebuspub.

79 1464 211 1552 linguam
233 1485 378 1554 quoque
400 1461 652 1551 expeditiorem
680 1462 855 1544 efficiunt,
887 1459 1046 1530 eelerita-
1097 1461 1275 1530 extitisse?
1327 1456 1438 1554 Atqui
1454 1459 1533 1528 talis
1554 1456 1755 1545 arrogantia
1770 1467 1804 1522 et
1821 1455 1929 1522 alitur
1943 1465 1978 1522 et
1999 1475 2088 1522 cun·

81 1579 136 1635 tem
165 1565 342 1656 quandam
379 1563 559 1652 cogitandi
592 1575 627 1633 et
658 1563 952 1654 promtitudinem
986 1587 1047 1631 re·
1098 1563 1259 1632 firmatur
1274 1563 1312 1630 in
1331 1563 1477 1646 animis,
1504 1563 1532 1628 si
1550 1561 1648 1628 nulla
1666 1570 1790 1648 agatur
1806 1557 1849 1624 de
1864 1553 1990 1626 studiis
2005 1577 2088 1624 cen-

78 1665 252 1757 spondendi
282 1663 448 1738 afferunt.
507 1665 637 1754 Magna
669 1660 755 1734 hacc
782 1666 928 1758 quidem
954 1677 1047 1746 silut,
1098 1687 1197 1746 sura,
1235 1665 1377 1754 ingenia
1406 1687 1479 1734 non
1506 1663 1734 1754 explorentur
1767 1669 2088 1748 coarguanturque‚

77 1769 124 1836 sed
135 1780 181 1837 est
195 1779 229 1837 et
243 1767 315 1836 alia
331 1789 406 1835 non
421 1766 540 1836 minor
553 1767 690 1836 utilitas
702 1768 924 1851 examinum,
950 1767 1047 1860 quod
1097 1789 1163 1836 nec
1190 1781 1402 1836 moneantur
1428 1766 1514 1859 quid
1541 1759 1657 1834 adhuc
1684 1762 1755 1830 illis
1782 1761 1891 1844 desit,
1921 1772 1956 1828 et
1982 1780 2087 1850 quam

77 1864 239 1938 cohercent
250 1893 292 1938 ac
306 1863 475 1938 cohibent
494 1891 635 1938 cursum
649 1869 849 1940 studiorum
865 1870 957 1938 intra
972 1891 1047 1937 cer·
1098 1871 1203 1958 longe
1233 1863 1349 1938 adbuc
1378 1870 1496 1936 absint
1523 1869 1567 1936 ab
1602 1890 1642 1934 eo
1669 1865 1781 1953 gradu
1807 1860 2007 1942 doctrinae,
2042 1859 2087 1930 ad

78 1985 118 2042 tos
131 1971 268 2040 limites:
300 1969 539 2040 adolescentes
562 1971 657 2040 enim
679 1971 749 2044 nisi
768 1971 860 2042 intra
878 1986 970 2040 certa
985 1993 1047 2039 ve·
1098 1995 1202 2064 quem
1226 1972 1296 2039 iam
1324 1971 1471 2040 evasisse
1490 1969 1558 2038 sibi
1580 1967 1805 2036 videbantur.
1858 1961 2088 2053 Quapropter

78 2073 119 2142 lut
130 2086 217 2163 septa
231 2073 505 2152 contineantur,
531 2095 595 2142 cen
615 2073 716 2142 navis
733 2073 770 2141 in
788 2073 915 2142 mediis
931 2073 1048 2160 flucti-
1097 2073 1126 2141 si
1145 2067 1239 2142 nihil
1260 2073 1357 2142 alitid
1380 2071 1544 2142 utilitatis
1566 2070 1732 2140 afferrent
1755 2065 1933 2149 examina,
1960 2063 2016 2134 vel
2040 2063 2087 2134 ob

78 2175 129 2244 bus
147 2187 278 2244 rectme
300 2174 484 2258 destituta,
519 2172 566 2244 ita
591 2174 658 2266 ipsi
683 2175 817 2244 incerto
847 2199 953 2244 cursu
978 2175 1048 2242 flu·
1099 2171 1190 2244 hanc
1218 2199 1326 2244 unam
1362 2197 1501 2244 causam
1529 2188 1645 2243 tamen
1673 2173 1712 2239 in
1745 2165 1876 2239 scholis
1901 2166 2087 2238 retinenda

25 2299 26 2302 ¹
77 2289 187 2364 cluant,
202 2290 236 2346 et
251 2275 384 2367 siquid
401 2275 507 2345 ctiam
522 2275 727 2356 instituunt,
749 2277 787 2346 id
804 2277 905 2346 nullu
921 2275 1047 2346 ordine
1096 2291 1212 2347 erant:
1244 2279 1339 2370 qnod
1363 2278 1501 2346 duabus
1524 2275 1687 2344 maximis
1706 2273 1862 2363 pestibus
1878 2268 2089 2352 studiorum,

76 2389 213 2450 tractant.
266 2375 374 2447 Unde
396 2399 541 2468 operam
563 2377 635 2445 illis
657 2401 798 2448 munem
822 2379 861 2446 in
879 2378 1047 2446 discendo
1098 2401 1256 2471 quaeque
1286 2379 1485 2472 plerunque
1517 2377 1725 2447 coniunctae
1746 2374 1862 2442 solent
1883 2395 1976 2456 esse,
2010 2393 2086 2440 me·

78 2493 301 2570 consumptam
324 2477 440 2569 perire
460 2501 601 2548 necesse
623 2491 686 2549 est.
736 2475 785 2548 Et
800 2481 952 2569 gignunt
972 2481 1048 2570 ple·
1098 2483 1247 2562 deutur,
1280 2503 1408 2571 nempe
1428 2479 1588 2570 ignaviae
1614 2493 1647 2548 et
1671 2475 1908 2566 arrogantiae;
1944 2473 1988 2542 ad
2013 2471 2088 2542 exi·
2183 2535 2189 2548 ,

76 2603 203 2674 rumque
224 2576 314 2650 haec
343 2581 575 2650 tumultuaria
603 2603 644 2650 ac
671 2601 759 2670 vaga
780 2581 897 2652 studia
919 2605 1046 2650 vanam
1096 2585 1266 2652 mendum
1283 2583 1379 2662 enim
1395 2597 1590 2674 torporem,
1617 2579 1860 2650 excutiendam
1882 2575 2088 2646 somnolen-

76 2683 317 2773 persuasionem
333 2682 566 2766 eruditionis,
590 2707 660 2775 qua
675 2677 769 2752 nibil
784 2684 971 2754 nocentius
987 2697 1048 2768 est,
1098 2685 1203 2768 tiam,
1245 2686 1302 2754 vix
1337 2686 1433 2754 aliud
1461 2687 1573 2754 calcar
1606 2696 1659 2752 est
1689 2681 1804 2750 acrius
1830 2691 1865 2749 et
1900 2677 2088 2747 efficacius.

24 2841 26 2908 7
79 2807 108 2853 ca
126 2783 245 2854 deinde
272 2783 390 2855 inflati
412 2797 569 2868 tument,
595 2807 678 2854 cum
692 2786 858 2856 derebus
882 2786 1048 2856 omnibus
1097 2785 1235 2856 Deinde
1259 2811 1304 2856 ne
1330 2787 1435 2856 nobis
1459 2787 1544 2878 ipsis
1566 2783 1753 2852 immodice
1777 2783 1997 2874 placeamus,
2027 2791 2090 2848 aut
2184 2817 2185 2820 ¹

24 2909 26 2978 ξ
76 2886 295 2956 indoctissime
326 2909 368 2956 ac
398 2885 626 2956 stolidissime
656 2885 825 2958 iudicent.
880 2885 973 2958 Cum
1006 2911 1046 2958 ea
1098 2891 1189 2958 ultra
1204 2888 1351 2974 nidum,
1375 2903 1417 2958 ut
1434 2889 1545 2972 aiunt,
1571 2909 1705 2978 pennas
1720 2885 1966 2965 extendamus,
1991 2881 2089 2952 salu·

24 3007 25 3016 ¹
76 2988 153 3056 cmm
177 2989 317 3058 inscitia
338 2989 528 3060 coniuncta
553 3011 628 3058 esse
655 2989 745 3059 solet
773 2989 925 3080 insignis
948 3013 1047 3060 arro·
1098 3004 1172 3059 tare
1184 3005 1238 3062 est
1252 2991 1338 3060 vitia
1357 3005 1461 3084 atque
1479 3001 1592 3060 errata
1610 3001 1729 3058 nostra
1746 2986 1850 3056 nobis
1868 2982 2027 3067 ostendi,
2052 2994 2089 3052 et

77 3090 227 3178 gaminae
249 3091 467 3182 pertinacia,
491 3091 588 3160 unde
603 3091 662 3176 lit,
687 3103 727 3160 ut
743 3091 942 3186 plerunque
961 3093 1049 3162 tales
1098 3093 1283 3162 adsueficr'i
1306 3117 1389 3178 nos,
1414 3107 1455 3163 ut
1476 3093 1649 3182 patienter
1666 3091 1820 3158 feramus
1840 3111 1906 3157 nos
1922 3083 2089 3174 redargui

76 3189 258 3283 liebuspub.
275 3193 334 3262 rel
349 3189 520 3262 Ecclesiis
537 3192 700 3283 praefecti
715 3194 929 3270 tumultibus
945 3196 1046 3263 dein·
1097 3219 1137 3264 ac
1153 3196 1302 3286 corripi,
1335 3219 1379 3264 ne
1396 3195 1559 3286 protinus
1583 3193 1704 3262 omnia
1724 3191 1862 3260 somnia
1884 3201 2006 3259 nostra
2028 3211 2089 3256 ex-

77 3291 110 3362 de
127 3295 239 3364 omnia
271 3294 452 3364 misceant.
509 3293 575 3363 llis
598 3295 700 3363 malis
729 3296 838 3366 tantis
861 3299 1049 3366 medentur
1098 3298 1299 3366 osculemur
1340 3309 1374 3366 et
1405 3321 1470 3388 pro
1507 3294 1659 3366 oraculis
1692 3294 1872 3363 adoranda
1905 3293 2089 3362 ducamus.

78 3396 225 3481 uomina,
251 3409 292 3467 et
305 3398 402 3490 quod
419 3396 612 3465 maximum
627 3409 689 3478 est,
703 3421 831 3468 vanam
849 3397 948 3468 illam
968 3423 1048 3490 per·
1098 3399 1200 3488 Quae
1216 3423 1306 3468 vana
1321 3399 1502 3490 persuasio
1517 3399 1586 3467 nisi
1603 3397 1807 3486 corrigitur,
1832 3391 2089 3486 perniciosissi-

79 3498 252 3567 suasionem
278 3498 480 3580 doctrinae,
506 3511 613 3590 atque
635 3499 894 3587 arrogantiam,
920 3501 1048 3570 animis
1097 3524 1173 3570 mos
1199 3501 1328 3570 deinde
1355 3495 1491 3570 errores
1517 3501 1619 3590 parit.
1683 3497 1867 3567 Narcissus
1892 3497 1931 3562 in
1956 3493 2088 3564 fabulis

80 3597 230 3685 eximunt,
256 3623 329 3694 qua
345 3612 487 3669 nonest
502 3599 570 3668 alia
586 3599 694 3691 pestis
712 3623 792 3670 cnm
807 3603 914 3671 rebus
929 3603 1049 3671 omni·
1097 3603 1308 3684 Poetarum,
1341 3604 1426 3670 dum
1450 3602 1602 3670 nimium
1627 3623 1700 3669 sese
1722 3611 1835 3682 amat,
1861 3594 2087 3680 contabescit,

79 3697 146 3785 bus,
184 3715 262 3772 tum
298 3725 383 3772 vero
420 3700 608 3792 praecipue
642 3703 770 3771 studiis
801 3703 1047 3796 perniciosior.
1098 3703 1258 3798 peritque
1272 3719 1306 3776 et
1320 3704 1394 3796 ipse
1410 3718 1444 3774 et
1457 3705 1519 3772 illa
1533 3704 1620 3772 falsa
1635 3703 1762 3792 imago,
1782 3723 1887 3793 quam
1903 3710 2087 3790 tantopere

79 3796 168 3892 Saepe
186 3804 285 3874 euim
306 3803 437 3898 aliquis
460 3805 583 3906 cristas
606 3803 703 3874 tollit
721 3818 804 3876 ante
824 3819 981 3898 tempus,
1015 3822 1049 3879 et
1097 3795 1354 3899 deperibat,'et
1368 3830 1465 3877 nime
1478 3820 1634 3876 mutatus
1649 3805 1688 3872 in
1703 3805 1845 3888 florem,
1870 3813 1990 3870 monet
2007 3821 2087 3882 nos,

79 3917 159 3990 putat
177 3929 212 3976 se
233 3908 307 3976 iam
329 3909 386 3976 vel
408 3929 538 3976 novem
562 3905 692 3978 artium
710 3905 911 3978 liberalium
929 3907 1046 3999 Magi·
1096 3933 1175 3979 sero
1197 3910 1402 3994 florescens,
1435 3933 1482 3980 ne
1504 3908 1612 3976 nimis
1634 3919 1771 3976 mature
1792 3917 1826 3974 et
1847 3915 1928 3972 aute
1948 3916 2088 3994 tempus

81 4015 169 4074 snum
188 4031 283 4093 esse,
315 4009 378 4101 qui
402 4031 484 4077 cum
503 4008 662 4078 examine
679 4010 871 4096 excutitur,
905 4009 934 4078 si
952 4007 1046 4079 nihil
1096 4035 1217 4102 sapere
1251 4011 1478 4102 incipiamus,
1525 4033 1613 4078 neve
1646 4031 1712 4078 nus
1743 4019 1803 4076 aut
1829 4018 1948 4074 nostra
1978 4003 2087 4087 nimis

80 4106 173 4192 aliud,
195 4105 264 4182 hoc
283 4123 378 4182 certe
392 4123 512 4180 tamen
529 4113 694 4194 docetur,
720 4113 815 4204 quod
839 4107 956 4200 adhuc
979 4115 1048 4182 mi·
1096 4135 1254 4182 amemus
1278 4125 1384 4206 atque
1404 4112 1631 4182 admiremur.
1684 4107 1792 4196 Quod
1823 4131 1903 4176 cum
1925 4107 1965 4176 in
1987 4107 2088 4176 omni

80 4211 231 4298 nussciat,
250 4235 360 4306 qnam
376 4211 502 4302 ipsese
515 4211 605 4280 scire
621 4214 779 4302 putabat,
805 4228 839 4284 ct
854 4214 921 4283 isto
937 4216 1049 4285 stulto
1096 4227 1207 4284 aetate
1223 4215 1386 4284 odiosum
1403 4228 1465 4298 est,
1482 4226 1558 4283 tum
1575 4233 1658 4282 vero
1675 4211 1713 4278 in
1730 4209 1965 4280 adolescentia
1983 4233 2088 4301 pror-

80 4333 109 4378 at
119 4315 307 4401 pernicioso
323 4337 442 4384 errore
456 4314 641 4386 liberatur.
687 4312 832 4402 Quanto
848 4317 1047 4406 vercinge-
1096 4339 1173 4386 sum
1190 4311 1430 4387 intolerabile.
1465 4313 1554 4385 Nam
1569 4328 1610 4385 ut
1625 4314 1751 4384 abusu
1766 4337 1886 4382 rerum
1901 4303 2099 4406 solidaque'
2179 4363 2182 4370 ,

80 4410 125 4482 nia
141 4415 366 4486 foecundiora
386 4429 490 4500 sunt,
519 4439 560 4484 ac
580 4415 691 4505 magis
714 4417 913 4505 praecocia,
946 4433 1046 4490 tanto
1095 4443 1135 4489 ac
1155 4419 1307 4511 perfecta
1332 4417 1493 4488 doctrina
1517 4430 1551 4486 et
1572 4415 1743 4508 sapientia
1760 4410 1847 4485 haec
1862 4427 1955 4484 aetas
1971 4411 2088 4486 adbuc

79 4513 140 4602 plus
153 4519 194 4588 ab
208 4513 276 4588 bac
291 4529 389 4610 peste
403 4517 552 4608 periculi
567 4530 631 4588 cst.
664 4515 834 4588 Videmus
850 4519 945 4589 enim
962 4523 1046 4616 ‹ch
1095 4521 1299 4611 longissime
1315 4521 1428 4606 abes't,
1454 4520 1502 4588 ita
1520 4514 1584 4588 has
1601 4541 1657 4588 res
1672 4542 1748 4588 non
1761 4529 1875 4610 potest
1896 4517 1965 4586 sibi
1986 4539 2087 4586 amo-

80 4611 170 4690 cvu'n
187 4619 412 4692 inclitissima
435 4619 604 4713 pleraque
626 4619 767 4710 ingenia
783 4621 820 4690 in
835 4622 954 4692 medin
971 4638 1047 4694 stu·
1095 4647 1176 4714 gare
1190 4624 1266 4692 sine
1280 4646 1418 4694 summa
1433 4621 1656 4713 turpitudine
1670 4645 1711 4690 ac
1725 4619 1891 4690 vanitate.
1928 4617 1976 4690 Ut
1990 4618 2087 4689 enim

80 4718 195 4790 diorum
210 4745 318 4794 cursu
332 4722 524 4813 corrumpi,
550 4745 591 4791 ac
605 4721 703 4792 velut
718 4723 757 4790 in
773 4718 882 4795 herba
897 4727 1045 4811 enecari,
1094 4749 1184 4795 uvae
1206 4739 1242 4796 et
1264 4749 1367 4818 poma
1389 4749 1465 4794 non
1491 4725 1529 4792 in
1552 4747 1654 4805 vere,
1681 4746 1747 4792 nec
1768 4723 1806 4790 in
1819 4735 1948 4794 aestate
1969 4734 2087 4792 matu·

79 4817 144 4890 dum
157 4824 222 4894 sibi
236 4826 309 4896 iam
332 4825 441 4894 nimis
458 4823 596 4915 placere
616 4824 822 4916 incipiunt,
839 4851 876 4896 se
897 4828 992 4919 ipsos
1011 4842 1046 4898 et
1094 4841 1247 4912 rescunt,
1273 4829 1331 4897 sed
1347 4829 1387 4897 iu
1401 4841 1572 4897 autumno
1587 4826 1754 4918 primum,
1780 4825 1887 4916 paulo
1902 4839 1983 4895 ante
1998 4819 2087 4917 bye-

79 4939 124 4990 tua
137 4923 288 5017 impense
304 4927 541 5012 admirantur,
560 4927 730 4998 attollunt
747 4929 946 5018 supercilia,
964 4930 1046 5024 qui-
1094 4953 1206 5014 mem,
1239 4929 1288 5000 ita
1312 4931 1494 5000 doctrinae
1518 4931 1654 4999 fructus
1675 4928 1940 5016 ingravescente
1961 4937 2086 5011 aetate,

79 5019 174 5096 bosvis
194 5029 264 5099 iam
282 5052 318 5100 se
340 5041 585 5122 praeponunt,
617 5029 763 5122 quosvis
790 5053 875 5120 prae
897 5055 932 5100 sc
958 5055 1045 5102 con·
1093 5053 1134 5100 ac
1163 5033 1270 5123 paulo
1301 5045 1382 5102 ante
1407 5027 1588 5126 hyemem,
1619 5026 1687 5100 huc
1712 5043 1779 5113 est,
1813 5029 1883 5097 iam
1909 5039 2086 5100 senectute

80 5135 233 5213 temnunt,
256 5131 446 5204 fastidiunt
465 5131 537 5201 iam
560 5126 734 5202 bacciam
753 5131 833 5217 illa,
859 5155 1043 5202 censuram
1094 5132 1268 5215 instante,
1293 5135 1447 5226 primum
1463 5133 1579 5204 solent
1594 5146 1838 5202 maturescere.
1872 5125 1921 5200 Et
1935 5142 1977 5200 ut
1994 5153 2085 5200 uvae

80 5223 131 5296 tibi
141 5232 180 5300 de
193 5235 369 5324 dogmatis
378 5246 541 5304 sumuntt
565 5233 659 5303 nulli
673 5233 825 5326 amplius
839 5250 1043 5326 praecepto·
1092 5259 1132 5303 ac
1145 5261 1248 5326 poma
1264 5251 1346 5308 ante
1361 5250 1500 5327 tempus
1516 5237 1697 5326 decerpta,
1718 5257 1784 5302 nec
1799 5232 1874 5304 esui
1890 5245 1993 5318 sunt,
2018 5255 2085 5303 nec

80 5349 137 5415 ru,
161 5335 251 5406 nulli
278 5337 539 5431 propemodum
561 5335 647 5405 libri
671 5349 733 5407 aut
761 5337 949 5430 scriptores
971 5352 1042 5407 tam
1091 5337 1159 5405 ulli
1185 5339 1248 5409 ulii
1277 5340 1359 5409 usui
1391 5340 1537 5422 idonea,
1572 5338 1620 5406 ita
1652 5337 1877 5426 ingeniorum
1903 5335 2087 5406 immaturi
2134 5349 2138 5356 '

79 5451 235 5509 emunctae
262 5441 359 5511 naris
388 5439 523 5512 iudicio
554 5437 786 5514 satisfaciunt.
843 5437 1041 5511 Admoneri
1091 5439 1225 5511 fruetus
1253 5441 1372 5512 acerbi
1398 5435 1516 5511 adbuc
1540 5449 1645 5526 sunt,
1679 5451 1714 5509 et
1740 5439 1892 5510 salutare
1924 5452 1975 5511 est
1998 5439 2088 5509 adn·
