4616 5816
61 319 124 396 dli
542 301 708 386 DECL
742 279 1580 376 unrunurn'r.1ttflomu1tutt
2007 279 2087 364 603
2132 305 2134 312 ‘

60 485 221 566 scribendi
236 484 443 558 facultatem
450 478 630 552 consumit
644 463 719 550 non
733 474 773 546 in
789 471 947 544 materiis
958 465 1040 538 sul·
1089 457 1280 534 hominurn
1295 455 1489 528 iudiciisea
1502 450 1729 530 vehementer
1740 475 1831 548 opus
1844 447 1964 530 btbot·
1992 449 2085 534 Cum

59 594 205 687 garibua,
244 589 306 658 sed
334 578 615 678 philosophicis}
656 580 771 672 edidit
799 573 1038 648 eruditissima
1090 563 1188 634 enim
1202 548 1291 637 baec
1306 560 1516 632 admiranda
1529 559 1624 630 dona
1638 555 1707 628 Dei
1722 558 1905 630 literarum
1916 553 2086 638 videlieet

59 701 220 789 poemata.
244 687 431 762 Aaeoliam
447 698 482 755 st
498 679 763 754 phaenomena.
814 676 958 768 Quanta
973 697 1038 744 au-
1090 679 1128 736 et
1152 660 1386 736 humanitatis
1413 661 1530 732 studia
1557 661 1677 730 animo
1706 659 1914 738 considero,
1955 657 2087 752 quibus
2218 663 2223 674 ·

59 813 118 868 tem
138 795 249 864 virtus
273 801 342 876 est,
366 789 464 883 quod
488 779 582 856 bane
603 805 704 856 suam
725 777 937 852 industriam
954 797 1040 846 oon-
1092 779 1171 858 post
1179 761 1317 836 Christi
1326 760 1561 852 Evangelium
1578 758 1637 831 bic
1651 762 1748 834 orbis
1763 756 1857 832 nibil
1871 759 2087 854 praeclarius

58 902 116 972 lert
133 897 176 966 ad
188 893 378 987 ‘publicam
395 889 605 970 utilitatem,
629 886 724 956 etad
740 877 1040 960 usvandastudia,
1092 864 1216 950 babet,
1247 889 1313 936 nec
1337 865 1514 949 divinius,
1548 877 1584 934 et
1605 878 1728 936 contra
1754 877 1887 958 quanta
1909 862 2085 947 meritare.

59 1015 88 1072 et
101 1001 140 1070 ad
155 997 353 1069 ornandam
368 985 505 1063 Christi
518 985 740 1060 Ecclesiam?
764 983 817 1057 Ac
834 983 1038 1074 nequidem
1092 996 1161 1064 qua
1185 967 1413 1062 prodigiosis,
1441 981 1476 1038 et
1497 966 1686 1060 plusquam
1707 962 1910 1036 Cimmeriis
1930 962 2085 1034 tenebris

60 1099 251 1172 incaeteris
272 1097 379 1167 rebus
402 1095 499 1164 deest
522 1090 601 1170 eius
623 1089 779 1159 offitium
795 1083 1039 1176 Reipublicae.
1091 1072 1272 1144 involutae
1297 1070 1370 1142 sint
1394 1065 1583 1140 hominum
1608 1081 1761 1150 mentes,
1787 1093 1877 1162 quae
1899 1061 1986 1142 llaec
2001 1089 2086 1136 vera

59 1203 136 1277 Cum
151 1199 339 1294 prudentia
354 1210 387 1268 et
401 1193 587 1285 diligentia
603 1192 765 1274 excellat,
791 1189 902 1258 multa
918 1185 1037 1255 civilia
1091 1189 1126 1246 et
1140 1174 1291 1246 maxima
1305 1173 1398 1242 bona
1413 1173 1692 1258 adspernantur,
1718 1183 1823 1266 atque
1839 1168 1977 1260 ingenti
1997 1191 2086 1238 con·
2193 1183 2195 1188 ·

59 1303 188 1396 negocia
207 1301 369 1372 sustinet.
420 1297 529 1368 Hunc
554 1307 588 1365 et
605 1295 642 1362 in
666 1291 885 1362 instituenda
902 1289 1038 1358 studio·
1092 1275 1251 1348 tentione
1264 1299 1338 1346 non
1352 1273 1662 1356 mododeteriora,
1687 1275 1750 1344 sed
1767 1273 1872 1343 etiam
1889 1268 2086 1363 perniciose

1092 1392 1128 1452 et
1144 1377 1299 1453 exitialia
1319 1376 1388 1446 sibi
1409 1376 1513 1467 ipsis,
1536 1375 1771 1466 cupiditatum
1798 1397 1941 1447 suarum
1966 1385 2001 1444 et
2021 1395 2086 1442 vo-

1092 1483 1268 1572 luptatum
1292 1479 1527 1550 instrumenta
1552 1490 1747 1548 sectantur:
1780 1474 1897 1562 Haec,
1928 1475 2087 1568 inquam,

1092 1607 1174 1654 eum
1190 1581 1284 1673 apud
1302 1581 1461 1650 animum
1485 1581 1664 1670 expendo,
1690 1573 1916 1648 vehementer
1938 1599 2086 1647 conmo*

1094 1707 1197 1764 reor,
1230 1683 1327 1756 verrit
1348 1682 1444 1756 enim
1466 1677 1558 1754 mibi
1579 1681 1616 1752 in
1637 1695 1813 1763 mentem,
1845 1701 1955 1773 quam
1977 1680 2086 1762 densa

1092 1785 1255 1875 caligine,
1281 1809 1321 1856 ac
1336 1784 1434 1856 velut
1446 1797 1521 1856 atra
1537 1797 1641 1854 noete
1656 1784 1865 1856 circumfusa
1881 1781 1954 1851 sint
1967 1775 2086 1850 bomi-

1093 1911 1180 1960 num
1195 1887 1313 1958 corda.
1365 1883 1438 1960 Nec
1453 1885 1605 1977 amplius
1621 1887 1743 1971 miror,
1769 1885 1798 1953 si
1815 1885 1853 1954 iu
1871 1884 1976 1955 rebus
1991 1881 2086 1952 divi-

1093 1990 1149 2062 nis
1174 2001 1208 2060 et
1230 2011 1335 2079 supra
1359 2002 1497 2078 captum
1521 1984 1717 2057 humanum
1737 1987 1862 2080 positis
1885 1985 2087 2058 caecutiunt

1093 2087 1276 2175 homiues,
1302 2113 1382 2158 cum
1405 2083 1491 2160 baec
1512 2111 1575 2158 sua
1597 2089 1790 2184 etquidem
1812 2087 1957 2182 propria
1980 2088 2086 2174 bona,

1092 2195 1137 2263 ad
1153 2215 1244 2284 quae
1258 2190 1433 2262 divinitus
1448 2191 1585 2261 conditi
1602 2205 1703 2276 sunt,
1730 2215 1821 2286 quae
1843 2210 2030 2279 agnoscere
2051 2203 2087 2263 et

1092 2294 1257 2384 amplecti
1281 2305 1462 2385 poterant,
1494 2293 1542 2362 ita
1572 2295 1721 2382 pedibus
1746 2295 1951 2384 proculcare
1969 2293 2083 2362 video.

1093 2395 1306 2468 Proiicimus
1321 2390 1404 2464 haec
1421 2395 1537 2464 studia
1556 2388 1804 2476 humanitatis,
1831 2417 1966 2487 proque
1981 2395 2086 2483 nugis

1093 2521 1133 2568 ea
1149 2497 1322 2580 ducimus,
1349 2495 1479 2588 quibus
1495 2496 1555 2566 illa
1571 2521 1652 2588 pars
1668 2498 1794 2583 nostri,
1819 2521 1910 2590 qnae
1926 2497 2000 2567 sola
2019 2491 2086 2568 bo·-

1094 2599 1200 2668 miuis
1224 2597 1508 2696 adpellationem.
1521 2613 1694 2684 meretur,
1718 2623 1807 2692 quae
1829 2601 1873 2668 ad
1894 2598 2085 2687 imaginem

1092 2697 1161 2770 Dei
1174 2702 1218 2770 ad
1236 2699 1511 2770 immortalitatis
1526 2717 1559 2770 et
1576 2725 1678 2772 verae
1694 2715 1927 2795 aeternaeque
1949 2698 2086 2770 roatici.

1092 2803 1174 2874 tatis
1199 2801 1453 2894 possessionem
1476 2803 1618 2872 condita
1642 2815 1712 2888 est,
1738 2803 1850 2874 excoli
1865 2817 1969 2895 atque
1992 2801 2086 2872 exei-

1092 2905 1160 2977 tari
1183 2905 1353 2984 debebat,
1378 2927 1515 2997 proque
1535 2905 1597 2990 iis,
1629 2906 1748 2978 nescio
1773 2927 1860 2998 quas
1883 2904 2086 2996 praestigias

1091 3007 1246 3078 obiectas
1268 3031 1288 3076 a
1305 3005 1436 3076 Satana
1456 3021 1491 3080 et
1510 3006 1633 3077 inrnnes
1654 3009 1798 3078 umbras
1817 3008 1945 3078 insano
1965 3025 2086 3078 caeco-

1092 3133 1161 3203 que
1177 3109 1311 3200 impetu
1326 3121 1578 3207 consectamur,
1604 3123 1638 3180 et
1652 3105 1748 3180 hunc
1765 3111 1876 3182 solem
1892 3104 2011 3182 adbuc
2026 3109 2086 3180 iu-

1092 3211 1183 3282 tueri
1207 3235 1280 3280 non
1298 3219 1511 3284 reveremur.
1562 3208 1722 3284 Abducit
1745 3213 1808 3282 ille
1828 3211 1996 3308 perennis
2015 3207 2087 3298 ltu-2

1092 3312 1189 3382 mani
1210 3311 1348 3402 generis
1365 3306 1476 3382 bostis
1494 3312 1632 3386 animos
1655 3326 1798 3386 nostros
1813 3316 2086 3410 quibuscunque

1092 3427 1205 3506 potest
1225 3413 1337 3497 dolis,
1365 3414 1411 3484 ab
1436 3414 1670 3487 admiratione
1693 3431 1730 3490 et
1751 3441 1872 3490 amore
1889 3417 1964 3488 veri
1987 3417 2085 3504 boni,

1090 3515 1274 3609 specieque
1287 3515 1374 3584 salsa
1387 3515 1615 3606 praestringit
1628 3520 1760 3606 oculos,
1780 3535 1884 3613 atque
1901 3521 1949 3590 ita
1962 3541 2083 3591 occae-

59 1431 128 1480 rum
145 1403 300 1487 ratione,
321 1415 356 1471 et
371 1399 409 1468 in
423 1399 585 1468 moribus
604 1395 818 1466 imitandum
837 1390 941 1461 nobis
955 1413 1038 1480 pro·

59 1529 228 1602 ponamus.
280 1503 403 1596 Neque
425 1500 522 1568 enim
547 1499 668 1568 minus
695 1493 897 1566 ornamenti
928 1491 1041 1562 literis

59 1609 183 1682 addidit
197 1608 274 1698 ipse
290 1605 382 1675 vitae
398 1602 604 1686 sanctitate,
630 1623 737 1693 quam
753 1597 785 1668 ei
807 1593 941 1688 peperit
958 1617 1039 1664 eru·

60 1711 148 1782 ditio.
198 1708 313 1779 Porro
334 1703 442 1774 nimis
462 1703 597 1793 prolixa
615 1703 733 1773 lutura
752 1711 841 1769 esset
854 1695 987 1780 oratio,
1010 1693 1038 1764 si

60 1835 224 1884 recensere
247 1831 371 1882 omnes
392 1827 550 1876 conarer.
602 1801 723 1892 Quare
746 1816 781 1872 et
802 1800 832 1870 si
858 1812 1038 1891 praetereo

62 1927 211 1994 caeteros,
239 1926 357 1982 tamen
374 1907 497 1976 auimo
512 1893 638 1978 tacitus
654 1927 805 1974 veneror
820 1923 954 1984 omnes,
979 1897 1039 1992 qui

61 2017 163 2109 aliqua
180 2013 318 2104 egregia
334 2011 464 2080 virtute
477 2009 523 2078 de
547 2001 734 2076 bominum
751 2005 821 2073 vita
849 2018 883 2074 et
906 2005 951 2072 de
978 2025 1040 2092 pa-

62 2119 117 2188 tria
130 2119 217 2188 bene
232 2111 352 2184 meriti
370 2125 465 2183 sunt.

147 2265 245 2338 Haec
268 2267 313 2336 de
326 2257 497 2334 Franciae
519 2259 686 2330 laudibus
701 2255 843 2347 collegi,
869 2249 962 2324 nibil
978 2253 1041 2322 de-

63 2367 190 2444 trahens
204 2371 250 2438 de
266 2367 416 2436 aliarum
432 2363 590 2452 gentium
605 2359 730 2452 gloria,
749 2383 858 2454 quare
872 2371 912 2430 nt
927 2379 1039 2424 meam

64 2473 242 2543 orationem
261 2467 348 2538 boni
369 2463 582 2547 consulatis,
608 2462 791 2532 vasatium
815 2473 920 2553 atque
936 2457 1039 2526 etiam

64 2599 126 2650 orn.
172 2567 396 2642 Existimabo
420 2581 536 2638 autem
554 2587 706 2634 menon
730 2563 895 2652 exiguum
916 2581 1041 2650 operae

65 2675 203 2766 precium
230 2672 376 2754 fecisse,
421 2669 451 2740 si
478 2665 559 2762 quis
583 2659 670 2735 haec
696 2663 856 2734 encomia
883 2663 1041 2764 audiens,

65 2777 158 2866 magis
171 2774 305 2844 amabit
320 2771 507 2842 Franciam
523 2767 579 2836 vel
595 2781 740 2860 propter
756 2781 910 2837 caeteras
929 2765 1040 2842 dotes,

12 2879 13 2910 ³
65 2879 109 2946 rel
132 2877 209 2970 quia
238 2889 293 2946 tot
322 2873 459 2943 lumina
485 2871 671 2940 doctorum
695 2865 874 2952 virorum,
907 2865 968 2962 qui
996 2867 1041 2934 de

13 3037 14 3046 ,
65 2980 210 3048 omnibus
224 2975 395 3068 gentibus
408 2975 497 3042 bene
510 2971 628 3040 meriti
643 2983 739 3054 sunt,
762 2969 893 3062 genuit.
929 2963 1039 3038 Cum-

14 3169 15 3178 *
65 3103 119 3172 que
134 3103 264 3150 nomen
276 3075 486 3148 Francicum
506 3071 610 3142 initio
626 3073 748 3143 multis
763 3073 928 3162 gentibus
943 3092 1040 3138 com-

65 3205 154 3252 mune
175 3181 306 3264 luerit,
337 3173 406 3249 bae
428 3177 551 3246 laudes
571 3176 616 3244 ad
640 3175 727 3244 alias
749 3174 911 3244 nationes
934 3171 1038 3239 etiam

65 3283 162 3376 aliqua
185 3309 226 3353 ex
249 3293 350 3374 parte
371 3279 562 3370 pertinent.
614 3273 737 3370 ltaque
753 3289 856 3368 opto,
883 3287 922 3344 ut
943 3272 1040 3342 alant

65 3400 203 3455 mutuam
218 3384 315 3454 inter
328 3381 490 3452 nationes
505 3377 799 3461 benevolentiam,
825 3401 901 3447 non
916 3399 1038 3444 aecen-

66 3483 135 3556 dant
158 3485 261 3568 odia,
285 3507 375 3576 qnae
391 3483 522 3552 debent
543 3483 661 3548 abesse
681 3504 700 3548 a
719 3473 925 3560 Germanis,
950 3497 1040 3568 quos

66 3585 125 3676 ipsa
148 3585 338 3680 appellatio
369 3581 622 3653 Germauitatis
655 3604 733 3648 cum
767 3581 818 3648 ad
834 3579 1038 3658 candorem,

67 3695 125 3754 tum
141 3691 182 3758 ad
197 3689 395 3758 fraternum
412 3707 568 3754 amorem
586 3677 807 3756 adhortatur.
859 3678 955 3754 Dixi.
1090 3633 1163 3702 ω’
1190 3631 1229 3688 ut
1252 3616 1395 3710 ‘1⁸¹³de
1417 3617 1536 3708 p⁰fi⁸¹⁸
1555 3619 1737 3690 Vidfflmffi
1759 3635 1795 3692 ‘l
1817 3621 2084 3712 mmmmm·

1089 3745 1195 3814 quam
1228 3741 1319 3813 quae
1353 3720 1539 3812 praecipue
1573 3721 1692 3794 videre
1724 3737 1759 3794 et
1784 3723 1950 3816 amplecti
1976 3725 2084 3794 debe·

1090 3825 1226 3896 bamus.

1190 3921 1401 4019 Acciditque
1423 3923 1538 3996 Musis
1560 3939 1592 3996 et
1616 3921 1672 3996 bis
1691 3928 1819 4000 studiis
1839 3923 1907 3998 boc
1924 3939 2083 4018 tempore

1089 4025 1127 4096 in
1141 4028 1297 4111 mundo,
1333 4027 1429 4119 quod
1446 4025 1577 4100 Strabo
1599 4030 1739 4104 cuidam
1754 4026 1971 4126 cytharoedo
1995 4027 2083 4100 olinl

1088 4128 1184 4220 apud
1219 4125 1353 4200 lassum
1386 4129 1553 4200 accidisse
1585 4147 1767 4204 memorat.
1819 4131 1893 4222 Qui
1927 4155 2008 4204 cum
2042 4131 2082 4200 in

1089 4225 1226 4304 theatro
1242 4229 1319 4300 eius
1336 4230 1405 4300 loci
1421 4233 1558 4302 erudite
1573 4255 1612 4303 ac
1624 4235 1779 4308 suaviter
1796 4248 1955 4319 caneret,
1979 4234 2083 4306 andi-

1088 4344 1236 4426 rentque
1252 4354 1334 4400 eum
1352 4329 1469 4414 lassii,
1494 4333 1611 4404 statim
1631 4350 1671 4408 ut
1693 4336 1869 4430 increpuit
1882 4338 2082 4410 tintinabu-

1088 4434 1183 4518 lum,
1215 4435 1311 4527 quod
1333 4435 1473 4526 signum
1499 4436 1667 4510 illiserat
1690 4464 1821 4512 venum
1842 4442 2080 4532 expositorum

1087 4535 1250 4628 piscium,
1277 4537 1373 4607 illico
1390 4561 1513 4608 omnes
1527 4536 1739 4634 cytharoedo
1755 4544 1889 4630 relicto,
1910 4545 1955 4612 ad
1970 4543 2081 4634 pisces

1087 4640 1254 4708 emendos
1278 4637 1406 4730 dilapsi
1429 4655 1531 4721 sunt,
1558 4656 1695 4733 praeter
1714 4669 1827 4718 unum
1849 4647 2080 4728 surdastrum,

26 4835 27 4842 ἵ
1087 4739 1150 4832 qui
1166 4763 1247 4809 cum
1262 4764 1389 4810 sonum
1408 4739 1615 4814 tintinabuli
1630 4747 1756 4818 auditu
1771 4772 1844 4818 non
1861 4746 2080 4839 percepisset,

71 4823 147 4914 lium
163 4840 490 4934 interpretationem
507 4834 690 4908 Homerici
714 4836 887 4925 poiimatis
906 4861 1036 4928 paucos
1086 4841 1183 4912 solus
1195 4857 1420 4914 remanserat.
1456 4844 1514 4914 Ad
1529 4869 1608 4914 eum
1623 4847 1733 4938 igitur
1749 4873 1939 4922 conversus
1955 4843 2079 4943 cytha-

27 5027 28 5042 .
71 4961 131 5030 pou
152 4949 226 5018 dies
252 4944 496 5036 auspicaturus
527 4960 656 5021 essem,
691 4937 805 5008 visum
832 4952 884 5008 est
907 4933 974 5008 hoc
997 4941 1033 5014 in
1086 4945 1230 5015 roedus:
1257 4938 1433 5025 OHomo,
1460 4946 1597 5038 inquit,
1622 4951 1749 5039 gratias
1763 4952 1827 5022 tibi
1841 4953 2000 5040 ingentes
2016 4945 2081 5018 ba·

27 5067 29 5132 ¹,
71 5041 130 5120 loeo
149 5073 221 5121 eam
249 5045 539 5140 praelectionem,
569 5053 675 5132 atque
697 5034 781 5108 baec
806 5038 881 5130 ipsa
908 5043 1035 5126 studia,
1085 5045 1171 5130 beo,
1197 5069 1277 5115 cum
1294 5059 1439 5139 propter
1461 5045 1619 5120 Musicae
1637 5052 1815 5138 studium,
1841 5067 1916 5121 tum
1936 5067 2080 5144 propter

28 5167 29 5170 ¹
73 5151 344 5234 adolescentibus,
367 5160 408 5217 ut
424 5167 573 5235 possem,
598 5141 758 5210 oratione
773 5145 1035 5214 commendare:
1086 5142 1259 5218 honorem
1284 5173 1364 5240 erga
1387 5171 1462 5234 me,
1489 5154 1584 5244 quod
1605 5177 1680 5224 nou
1701 5156 1792 5227 sicut
1814 5157 1940 5226 caeteri
1960 5155 2079 5226 statim

74 5247 157 5346 idque
177 5275 237 5342 ego
259 5265 328 5322 tarn
350 5249 537 5318 commode
554 5244 737 5314 molescere
753 5265 853 5332 posse
868 5245 1034 5335 optarim,
1085 5252 1130 5320 ad
1165 5251 1338 5340 crepitum
1367 5251 1574 5324 tintinabuli
1607 5257 1702 5326 foras
1738 5257 1914 5348 proiecisti
1947 5272 2000 5344 te,
2038 5271 2079 5330 nt

74 5371 176 5440 nun,
198 5369 238 5423 ut
260 5375 315 5422 res
334 5346 642 5422 commendatione
665 5345 869 5436 dignissima
891 5359 961 5432 est,
985 5346 1034 5420 ita
1085 5351 1356 5443 piscesemeres.
1408 5351 1457 5424 At
1473 5355 1550 5424 ille:
1588 5357 1684 5447 Quid
1702 5359 1779 5429 ais?
1812 5383 1897 5430 nuru
1920 5360 2079 5434 iamtin-

75 5443 124 5524 luc
140 5454 340 5548 praesertim
362 5469 539 5546 tempore,
569 5461 675 5542 atque
698 5447 737 5518 in
760 5461 833 5518 tam
856 5451 1033 5542 corruptis
1083 5453 1287 5528 tinabulum
1310 5455 1453 5528 sonuit?
1505 5455 1682 5545 Quicum
1707 5461 1912 5534 affirmaret:
1940 5445 2078 5538 Attibi

65 3919 241 3934 ——0-—0
574 3913 1041 3932 ffl-

836 4081 899 4162 (sn.
915 4079 1038 4164 isaar)

73 4075 225 4208 ure,
859 4169 1029 4204 ...a

247 4277 464 4402 Praefert.
494 4279 545 4362 in
570 4277 832 4366 Homerum

121 4467 193 4535 Apud
213 4464 289 4518 Crat.
308 4461 379 4532 Myl.
404 4477 431 4532 p.
444 4457 520 4514 8851
541 4475 583 4525 q..
615 4454 644 4510 in
662 4454 813 4511 Declanrat.
836 4455 920 4513 Ut.
945 4457 1037 4529 pst..

149 4535 266 4588 Servent.
282 4531 315 4588 Τ.
331 4531 366 4584 ll.
384 4529 470 4600 pst.
487 4536 515 4582 et
558 4526 659 4581 tesard.
678 4525 713 4578 T.
726 4525 748 4580 l.
767 4545 793 4598 p.
808 4526 866 4584 18⁵.

87 4691 274 4791 Praefatio
298 4699 338 4768 s'rs
359 4697 565 4764 Homerum
593 4689 692 4761 Viti
724 4685 1011 4761 Winalsemls‘.
