4646 5824
212 245 288 324 ma
752 235 914 320 unct.
946 235 1021 320 or
1051 231 1387 338 nonornut
1419 233 1707 318 rntnctrr.
1848 268 1853 278 ·
2179 247 2258 326 ma

212 417 503 494 contemnendae.
550 409 629 506 Ego
644 413 776 489 vindex
790 437 873 502 ero,
895 373 1146 509 inquitDeus,
1169 409 1201 486 si
1249 435 1341 508 pene
1369 409 1609 486 exanimatur:
1641 425 1677 487 et
1704 435 1910 510 quenquam
1935 413 1975 499 io
2004 441 2047 492 eo
2073 416 2255 494 celsitudo
2308 452 2309 544 p

212 521 294 618 quis
321 545 396 592 non
424 517 578 592 audierit
604 511 840 611 Prophetam,
871 515 1054 602 videlicet,
1085 515 1200 586 lilium
1249 513 1380 596 animi,
1405 513 1445 586 in
1468 515 1568 585 omni
1589 515 1754 588 fortunae
1776 517 1947 592 varietate
1963 543 2093 612 magna
2111 543 2256 614 semper
2308 569 2309 618 q

212 621 292 696 Dei.
336 619 416 694 Hoc
426 623 561 694 tulmen
574 641 640 690 nos
652 621 698 690 ad
712 619 930 692 audiendum
943 631 978 690 et
990 617 1200 690 discendum
1250 615 1336 698 luit,
1361 629 1480 688 tamen
1500 639 1598 690 nuuc
1618 641 1710 710 pene
1727 619 1927 694 succumbit
1941 622 2119 710 moerori,
2141 637 2179 695 et
2194 625 2255 696 vix

214 719 449 816 Evangelium
465 721 644 797 exuscitet.
1251 715 1355 808 erigit
1380 739 1454 790 sese
1475 715 1560 811 ipse,
1610 717 1749 796 Deinde
1765 735 1895 814 augent
1912 722 2114 810 tristitiam,
2140 719 2254 798 huius

314 823 408 900 Cum
426 838 544 898 autem
564 825 642 896 sine
663 836 725 896 tua
746 845 813 915 ope
828 834 970 894 aeterne
983 815 1081 892 Deus
1095 816 1202 892 Pater
1250 819 1422 914 temporis
1443 819 1533 892 aliae
1553 819 1778 898 calamitates.
1823 819 1915 896 Cum
1937 823 1977 894 in
1995 821 2062 896 hoc
2074 819 2255 898 horribili

213 923 363 1002 Domini
382 927 495 1000 nostri
508 923 589 998 lesu
600 919 752 1011 Christi,
774 922 938 996 conditor
959 921 1121 994 omnium
1143 944 1202 992 re-
1253 917 1468 992 Germaniae
1488 921 1585 994 bello
1606 923 1746 1014 magnis
1770 925 1866 998 curis
1888 925 1934 998 de
1953 927 2139 1019 republica
2157 931 2255 1002 etde
2309 957 2310 994 t

215 1053 296 1100 rum
318 1042 354 1101 et
373 1023 552 1100 Ecclesiae
572 1039 672 1114 tuae,
695 1050 760 1098 nec
780 1025 843 1096 lux
865 1023 1046 1098 doctrinae
1069 1021 1203 1094 servari
1252 1021 1351 1094 omni
1380 1023 1584 1118 posteritate
1607 1039 1844 1114 exerceretur,
1877 1025 1942 1098 etsi
1967 1027 2012 1096 iis
2034 1029 2255 1102 consolatio-

214 1127 344 1224 possit,
367 1141 402 1204 tc
423 1154 486 1202 oro
502 1142 656 1222 propter
675 1128 788 1200 lilium
806 1140 908 1200 tuum
923 1123 1119 1198 Dominum
1134 1149 1202 1195 no-
1252 1123 1379 1212 nibus,
1404 1149 1493 1220 quas
1507 1127 1607 1198 Deus
1616 1121 1794 1198 Ecclesiae
1810 1151 1893 1200 snae
1908 1129 2075 1215 tradidit,
2098 1155 2141 1202 ac
2156 1146 2255 1204 ratas
2310 1152 2311 1212 t

215 1246 330 1306 strum
354 1228 470 1306 lesum
492 1227 693 1316 Christum,
724 1243 766 1302 ut
796 1229 835 1298 in
858 1223 915 1300 bis
938 1227 1142 1320 regionibus
1168 1237 1203 1296 et
1254 1250 1327 1296 esse
1350 1227 1472 1314 iussit,
1497 1227 1814 1324 magnitudineque
1834 1229 1945 1300 animi
1967 1253 2004 1300 se
2018 1235 2255 1316 sustentabat,
2310 1249 2311 1304 t

215 1334 303 1406 alibi
324 1333 391 1403 tibi
412 1346 583 1426 perpetuo
597 1332 740 1422 colligas
753 1326 965 1414 Ecclesiam,
988 1343 1022 1400 te
1037 1330 1076 1398 in
1090 1341 1203 1400 aeter·
1253 1341 1373 1400 tamen
1398 1323 1464 1400 has
1492 1329 1751 1400 sollicitudines
1780 1353 1884 1422 saepe
1914 1331 2018 1404 leniit
2040 1333 2253 1408 dulcissima

217 1459 263 1506 na
286 1433 426 1506 laeticia
444 1459 525 1506 cum
547 1429 621 1504 lilio
644 1434 917 1518 celebraturam,
937 1444 973 1502 et
992 1429 1122 1502 tuearis
1145 1431 1203 1501 lu·
1253 1433 1471 1504 consuetudo
1485 1431 1727 1502 nobilissimae
1742 1445 1776 1504 et
1786 1432 2064 1525 sapientissimae
2074 1435 2254 1528 coniugis,
2311 1500 2312 1544 q

216 1560 292 1609 cem
306 1531 510 1626 Evangelii,
534 1549 569 1608 et
583 1535 709 1606 reddas
724 1533 818 1626 piam
831 1547 866 1606 et
877 1534 1067 1604 salutarem
1082 1555 1203 1624 pacem
1254 1555 1336 1604 cum
1365 1556 1435 1630 qua
1457 1556 1536 1604 suas
1559 1557 1660 1604 curas
1682 1531 1784 1626 quasi
1802 1533 2033 1628 partiebatur.
2084 1533 2129 1608 ld
2155 1539 2253 1610 sola·
2311 1549 2312 1610 t

216 1633 275 1708 his
296 1638 477 1730 gentibus,
509 1659 550 1708 ac
569 1637 792 1732 disciplinam
816 1637 1009 1727 gubernes,
1039 1647 1074 1704 et
1096 1631 1203 1704 Prin·
1253 1633 1344 1706 tium
1367 1657 1464 1706 nunc
1484 1659 1626 1730 quoque
1647 1633 1763 1706 fatalis
1785 1629 1845 1706 hic
1862 1659 1963 1706 casus
1978 1637 2124 1728 eripuit.
2177 1637 2253 1710 De·

217 1740 336 1834 cipum
351 1752 387 1810 et
399 1738 602 1810 docentium
615 1753 649 1810 et
658 1738 783 1832 populi
791 1751 924 1810 mentes
934 1735 1070 1828 Spiritu
1082 1749 1202 1808 sancto
1253 1735 1339 1808 iude
1352 1733 1522 1829 Princeps
1538 1735 1610 1808 lilia
1626 1733 1726 1808 cuius
1742 1759 1840 1808 nunc
1857 1760 1897 1816 ea
1915 1750 2009 1808 aetas
2023 1752 2093 1824 cst,
2117 1753 2253 1814 utnon

216 1843 263 1913 sd
287 1863 408 1912 veram
428 1840 690 1914 invocationem
716 1855 750 1916 et
772 1863 855 1914 vera
878 1839 1017 1934 pietatis
1040 1837 1205 1910 exercitia
1255 1837 1371 1908 solum
1393 1837 1546 1908 naturali
1563 1841 1723 1935 στοργῇ,
1751 1839 1813 1910 sed
1831 1839 1935 1909 etiam
1949 1839 2082 1910 iudicio
2097 1857 2254 1914 matrem
2312 1850 2313 1916 l

215 1943 346 2020 flectas.
397 1937 526 2016 Amen.
575 1941 671 2018 Dixi.
1254 1939 1400 2026 amarit,
1431 1952 1465 2009 et
1486 1939 1562 2008 eius
1583 1939 1731 2008 virtutes
1751 1937 1821 2008 iam
1844 1937 2077 2028 intellexerit,
2102 1957 2140 2014 et
2162 1941 2251 2015 imi-

1255 2041 1324 2113 tari
1343 2039 1494 2134 ceperit,
1519 2053 1651 2134 quanto
1667 2037 1706 2108 in
1721 2037 1844 2110 dolore
1859 2039 1939 2110 est?
1987 2039 2174 2114 Postremo
2188 2047 2253 2118 lu-

1255 2155 1339 2234 gent
1359 2141 1540 2214 dominam
1563 2135 1631 2212 hae
1653 2153 1795 2212 nostrae
1814 2135 2012 2223 Ecclesiae,
2040 2137 2194 2218 Scholae
2217 2163 2253 2222 ct
2313 2198 2314 2220 .

517 2287 522 2292 -
1256 2241 1383 2338 optimi
1397 2241 1530 2338 quique
1544 2241 1705 2313 omniurn
1721 2241 1889 2314 ordinum
1906 2237 2087 2315 homines:
2114 2259 2150 2318 et
2165 2251 2252 2344 quia
2313 2237 2314 2244 ἵ

216 2333 281 2412 Nr.
296 2333 358 2419 95·Ι
1025 2335 1207 2456 ffl-
1255 2347 1373 2416 sciunt
1394 2343 1485 2414 affici
1505 2367 1571 2414 nos
1593 2343 1722 2424 debere
1734 2341 1913 2436 Principis
1927 2345 2054 2437 optimi
2070 2347 2190 2435 luctu,
2215 2365 2252 2424 et

216 2431 347 2461 Μ
1256 2445 1339 2541 quia
1369 2445 1519 2518 virtutes
1550 2457 1584 2516 et
1611 2445 1782 2516 beneficia
1804 2445 1970 2516 dominae
1993 2449 2249 2528 meminerunt.

406 2557 483 2644 De
512 2553 752 2642 Dorotheou
783 2527 1014 2664 Principe,
1255 2545 1330 2618 Has
1355 2559 1469 2617 tantas
1491 2569 1613 2618 causas
1634 2546 1803 2634 dolendi,
1837 2547 1936 2617 cuius
1959 2549 2074 2620 oratio
2095 2574 2251 2647 aequare
2314 2548 2315 2600 l

1255 2647 1395 2741 potest?
1444 2643 1540 2718 Mihi
1558 2647 1702 2742 quidem
1717 2671 1774 2718 eas
1790 2649 1978 2738 cogitanti,
2006 2675 2074 2720 vox
2090 2667 2125 2724 et
2140 2656 2250 2747 spiri·
2314 2641 2315 2650 ἵ

231 2829 239 2848 ,
286 2727 830 2870 ¹²J¹3²J¹ffiflfflssqgffiljss¹⁴gsbff'
839 2725 1205 2870 Αῗζῖᾞξέῥῶιῑξηξῇ
1255 2765 1313 2822 tus
1340 2750 1464 2820 dolore
1493 2749 1754 2822 intercluditur.
1805 2747 1876 2822 Sed
1907 2751 2078 2843 quoniam
2110 2755 2250 2849 aliquid

319 2875 430 2948 tegitur.
450 2899 480 2912 -·
516 2871 659 2952 Nemeo
679 2867 846 2952 ascentor.
895 2865 950 2920 uod
968 2863 1069 2936 Georg.
1087 2863 1205 2920 satione
1254 2852 1403 2923 omuino
1425 2849 1617 2922 dicendum
1639 2863 1711 2937 est,
1736 2863 1770 2920 et
1791 2849 2002 2940 significatio
2026 2857 2250 2932 ostendenda

319 2944 391 2998 '’²¹'‘
418 2933 1204 3066 ⁰”l3‘32‘m32'3l'iiffgfffflfffvo,‘Wffiffi‘f‘n'⁰⁶4‘ss
1254 2953 1368 3024 nostri
1382 2953 1508 3038 luctus,
1534 2974 1664 3046 quaeso
1676 2965 1717 3050 ut
1730 2947 1821 3021 mibi
1834 2952 1917 3022 veni
1929 2953 2031 3039 detis,
2057 2959 2156 3048 quod
2172 2985 2249 3032 ma.

234 3145 239 3156 ,
318 3027 505 3154 abipt‘i'tiii:
538 3023 745 3156 Metuitonen
762 3071 865 3154 &otoo
888 3021 1028 3154 s'egtpsibe
1044 3019 1204 3152 e'ticni'eam
1254 3053 1436 3147 gnitudini
1457 3077 1577 3123 rernm
1600 3077 1822 3148 nequaquam
1846 3075 1912 3144 par
1932 3067 1983 3125 est
2006 3057 2139 3130 oratio:
2166 3085 2248 3133 vos-
2315 3067 2316 3074 ’

255 3189 257 3194 ,
319 3149 426 3204 orat'ou
446 3165 471 3198 m
537 3161 600 3199 uam
619 3139 709 3213 praele
728 3139 952 3211 ttllegtomootr‚
1000 3159 1066 3192 uum
1085 3137 1205 3192 sbrmu-
1255 3181 1327 3252 que
1348 3179 1413 3248 pro
1433 3167 1548 3225 vestra
1569 3156 1757 3245 prudentia
1774 3154 2037 3248 cogitetisipsi'
2064 3183 2171 3252 quam
2192 3163 2248 3234 iu.

320 3166 556 3274 nm't’riteieorn
573 3211 667 3268 iniret·
686 3211 749 3267 ved.
766 3209 847 3264 uiam
864 3207 934 3280 Epp.
951 3159 1196 3278 vil.ttt.p.110a
1452 3255 1462 3274 .
1567 3256 1576 3272 .
1726 3255 1736 3274 .
1940 3255 1951 3280 ,
1991 3257 2001 3274 .
2069 3260 2078 3278 ,
2131 3261 2181 3281 ,,

436 3295 438 3300 -
1112 3317 1116 3328 ,
1255 3271 1348 3329 stum
1370 3257 1527 3328 officium
1548 3269 1610 3340 stt,
1635 3255 1737 3326 adfice
1759 3255 1858 3326 luctu
1875 3271 2002 3347 optrmr
2019 3256 2200 3354 Principes
2216 3279 2249 3337 et

217 3390 501 3474 marescotto
523 3412 548 3462 s
574 3389 768 3482 Georgia
792 3381 985 3473 Sublato,
1010 3379 1206 3476 insectere
1255 3359 1365 3478 5¹³2&
1408 3370 1643 3476 ‘lflfflflm
1676 3356 1848 3474 wilm
1882 3359 2083 3480 ¹⁰⁸P¹¹b¹itff
2115 3363 2249 3454 fecerit,

217 3496 511 3582 Dorotheus,
544 3492 714 3586 rosisqs's
741 3488 992 3560 illtsstrs'asc‘ssi
1016 3489 1206 3578 Principis
1255 3483 1382 3580 ³¹.¹¹¹.⁸⁵³
1401 3457 1465 3530 ἰὼ
1485 3459 1642 3577 {¹⁰¹¹tffl0·
1691 3456 1832 3575 Dssffldff
1850 3471 1887 3529 ‘l
1908 3461 2169 3577 wwflsttones
2191 3470 2249 3538 di-

217 3603 361 3679 Apmgg
385 3594 619 3675 mmm&
646 3587 881 3679 pram„
913 3593 1091 3662 mm
1121 3591 1207 3660 ω,
1256 3575 1391 3632 vrnttus
1411 3561 1576 3644 traditas,
1604 3581 1684 3632 cum
1695 3553 1874 3630 Ecclesiae
1896 3559 2097 3633 doctrinam
2120 3567 2166 3636 de
2183 3595 2247 3640 vo-

217 3712 372 3795 cabolo,
396 3695 599 3797 qucoobttt
613 3699 685 3767 111.
699 3691 953 3785 ldttsAprttc‘a,
978 3713 1078 3765 am
1096 3689 1206 3766 1547,
1256 3664 1394 3782 luntate
1423 3658 1493 3732 Dei
1523 3673 1558 3732 et
1594 3661 1639 3730 de
1667 3659 1938 3732 immortalitate
1969 3665 2136 3786 tenesne:
2178 3669 2247 3763 ἱρή

1257 3766 1359 3836 vobts
1378 3763 1553 3836 subnecte.
1604 3757 1695 3832 Cum
1718 3773 1835 3832 antem
1858 3779 2148 3838 commoratio
2168 3772 2248 3843 lau-

219 3867 305 3960 Etsi
320 3869 486 3944 societate
498 3859 761 3958 lachrymarum
773 3883 813 3930 ac
829 3857 921 3928 veris
936 3857 1123 3950 gemitibus
1140 3862 1218 3934 do-.
1257 3867 1343 3938 dum
1374 3878 1409 3936 et
1430 3863 1603 3936 virtutum
1624 3861 1666 3932 in
1685 3861 1871 3934 funeribus
1892 3863 2036 3955 piorum
2059 3861 2247 3944 hominum

218 3981 351 4060 locem,
375 3967 606 4046 etostendere
621 3963 807 4042 debemus,
833 3957 1207 4056 ctsignibcarealiqua
1256 3967 1415 4038 facienda
1443 3964 1506 4049 sit,
1535 3977 1570 4034 et
1598 3977 1640 4034 ut
1661 3962 1821 4054 ipsorum
1843 3966 2082 4037 memoriosis
2105 3971 2247 4045 dictum

218 4105 262 4152 ει
283 4087 385 4172 parte
405 4089 608 4166 possumus,
632 4079 751 4137 tamen
773 4087 853 4134 cum
873 4075 945 4134 tam
966 4063 1097 4134 multae
1113 4077 1208 4134 tam·
1257 4068 1358 4148 nior,
1382 4079 1417 4138 et
1437 4079 1479 4136 ut
1500 4063 1563 4136 alii
1585 4064 1717 4136 talibus
1733 4065 1901 4156 mmnplis
1916 4071 2189 4148 commonefacti
2203 4080 2247 4146 ad

220 4205 289 4276 qne
318 4197 440 4269 graves
470 4169 617 4240 dolendi
644 4190 768 4238 causae
797 4164 1029 4250 concurrant,
1071 4166 1208 4252 nullius
1256 4169 1424 4240 virtutem
1455 4179 1493 4238 et
1522 4170 1569 4236 ad
1600 4164 1862 4246 invocationem
1892 4163 1962 4238 Dei
1994 4171 2246 4263 exuscitentur,

219 4294 319 4354 tanta
342 4271 544 4370 eloquentia
562 4285 631 4355 est,
656 4283 697 4340 ut
713 4290 887 4364 exponere
903 4259 970 4334 hos
984 4267 1124 4340 dolores
1141 4292 1206 4359 pro
1257 4294 1321 4362 ego
1343 4292 1486 4364 quoque
1507 4267 1631 4340 laudes
1654 4265 1914 4338 illustrissimae
1932 4267 2111 4362 Principis
2129 4271 2247 4350 Doro-

220 4377 486 4472 maguitudine,
512 4386 573 4444 aut
592 4371 709 4442 levare
731 4391 789 4438 eos
806 4367 966 4440 oratione
982 4369 1208 4440 mediocriter
1258 4367 1361 4444 theae
1388 4368 1559 4440 recitabo:
1594 4369 1657 4438 scd
1685 4381 1726 4440 ut
1754 4380 1899 4460 potero,
1932 4392 2007 4442 non
2037 4386 2079 4444 ut
2109 4381 2247 4470 magni.

220 4498 341 4580 queat:
366 4492 504 4552 tantum
529 4475 646 4558 abest,
671 4483 711 4542 ut
732 4493 794 4560 ego
817 4469 880 4564 qui
896 4482 930 4538 et
943 4469 1078 4560 ingenii
1094 4469 1208 4541 imbe-
1257 4474 1345 4546 tudo
1373 4471 1546 4544 virtutum
1574 4470 1687 4564 ipsius
1712 4481 1749 4540 et
1767 4465 2010 4562 pulcherrima
2032 4475 2161 4550 decora
2185 4507 2247 4574 po·

220 4587 368 4660 eillitate
396 4594 430 4650 et
454 4575 633 4648 moesticia
658 4573 830 4662 singulari
854 4569 1046 4663 impedior,
1079 4595 1208 4654 conve·¹
1259 4573 1448 4648 stulabaut.

221 4689 379 4760 nieutem
394 4675 569 4752 huicloco
584 4674 782 4748 orationem
796 4667 926 4742 babere
939 4673 1082 4764 possim.
1132 4671 1209 4745 Lu·
1357 4671 1450 4746 Nata
1470 4685 1523 4744 est
1537 4669 1711 4766 Princeps
1723 4667 1907 4750 Dorothea
1930 4671 1971 4742 in
1991 4673 2126 4752 familia
2144 4683 2247 4754 nobi-

222 4803 279 4882 get
299 4787 456 4882 optimus
480 4779 643 4872 princeps
665 4773 906 4845 nobilissimae
928 4787 963 4844 et
983 4769 1208 4846 charissimae
1258 4775 1391 4848 lissima
1411 4771 1550 4864 Regum
1567 4773 1805 4857 Danicorum,
1831 4790 1930 4865 patre
1944 4772 2042 4865 Rege
2056 4775 2247 4868 Frideriro,

156 4917 162 4924 ·
221 4887 382 4980 coniugis
405 4882 610 4972 interitum,
633 4877 672 4948 in
695 4899 763 4972 qua
785 4869 1025 4969 pulcherrima
1047 4876 1208 4947 omnium
1260 4892 1295 4949 et
1308 4889 1421 4948 matre
1436 4872 1561 4962 Anna,
1582 4875 1653 4946 hlia
1667 4869 1889 4947 Marcbionis
1904 4873 2051 4949 loannis
2063 4875 2248 4966 Electoris,

222 4995 396 5064 virtutum
409 4982 586 5078 copulatio
601 4979 684 5050 luit:
711 4975 928 5072 quiquidem
945 4978 1009 5048 etsi
1023 5001 1085 5050 sua
1100 4979 1210 5072 ipsius
1260 4979 1326 5050 filii
1341 4973 1482 5048 Alberti
1497 4971 1739 5058 Marcbionis,
1764 4976 1828 5068 qui
1847 4991 1991 5068 propter
2007 4981 2247 5060 excellentiam

223 5091 436 5174 solitudine,
470 5109 534 5156 suo
565 5078 688 5154 dolore
716 5093 752 5150 et
783 5103 846 5150 suo
876 5079 1051 5150 desiderio
1075 5081 1211 5176 crucia·
1261 5079 1404 5150 virtutis
1419 5079 1533 5150 dictus
1549 5090 1600 5148 est
1617 5071 1775 5148 Achilles
1790 5073 2036 5154 Germanicus.
2087 5080 2248 5180 Cumque

225 5211 301 5280 tur,
325 5207 444 5266 tamen
461 5211 543 5258 cum
558 5185 717 5258 intuetur
731 5179 860 5265 filiam,
884 5204 992 5274 quarn
1008 5175 1115 5252 habet
1127 5183 1230 5278 uni-t
1262 5181 1396 5254 semina
1417 5181 1608 5264 virtutum,
1630 5192 1664 5249 et
1685 5178 1859 5270 igniculos
1878 5181 2140 5272 aparentibus,
2161 5213 2246 5282 quo·

225 5319 302 5364 cam
325 5307 360 5364 et
380 5287 641 5370 charissimam,
664 5283 830 5376 videtque
852 5281 998 5353 intimos
1011 5306 1132 5356 sensus
1148 5308 1213 5379 pe-
1263 5295 1492 5376 rum,natura
1513 5279 1581 5352 luit
1599 5279 1915 5372 praestantissima,
1939 5285 2134 5375 acceperit,
2157 5291 2248 5362 mot.

227 5395 334 5466 ctoris
359 5391 490 5484 ipsius,
522 5401 620 5482 pater
636 5379 783 5480 'sapiens
807 5397 842 5456 et
862 5381 1057 5454 liberorum
1080 5407 1214 5476 amaus,
1264 5398 1342 5459 tum
1362 5396 1481 5476 postea
1501 5375 1542 5454 iu
1560 5395 1690 5466 natura
1708 5382 1865 5476 optima,
1889 5396 1985 5457 recta
1998 5385 2177 5464 institutio
2192 5416 2249 5464 va..
