4704 5826
188 266 269 344 95⁶
660 253 820 334 nucu
854 257 928 336 ua
961 257 1188 336 tonnus
1219 259 1376 340 nucu
1408 263 1530 342 sax.
1561 261 1767 344 nuncu
1887 313 1938 366 ,a
2154 270 2237 346 osc

192 438 322 536 optimi
343 433 521 528 Principis
536 429 647 504 Ducis
662 430 838 504 Saroniae
857 431 1002 506 loannis
1016 431 1193 508 Electoris
1240 437 1385 508 dixisset
1398 451 1503 523 tnnc,
1527 437 1694 510 ultimum
1717 439 1963 533 imperatorem
1981 435 2238 512 Germanicum

195 541 372 622 recitabo,
406 560 496 630 quae
526 529 674 606 honesta
705 537 863 628 exempla
888 537 1000 608 multa
1023 539 1194 610 continet·
1242 539 1343 630 eligi:
1368 563 1408 609 ac
1422 539 1471 610 ita
1485 541 1555 610 late
1573 564 1731 632 sparsam
1745 565 1819 613 esse
1832 539 1924 614 hanc
1937 544 2106 624 fabulam,
2123 558 2158 616 et
2171 569 2239 614 an·

198 644 318 736 Quam
341 641 486 732 quidem
507 661 613 730 ,spero
638 637 743 707 bonis
766 639 936 709 omnibus
949 653 1082 730 gratam
1104 641 1194 724 fore,
1242 641 1330 712 toris
1355 655 1489 711 tantam
1516 643 1625 712 luisse
1652 643 1877 734 opinionem,
1910 647 2021 714 ulad
2051 643 2238 738 Principes

198 747 282 842 quia
307 737 574 834 pulchritudine
599 733 756 822 bonesti,
782 763 821 810 ac
845 743 1049 834 praesertim
1073 742 1194 812 mitio-
1241 739 1424 815 Electores
1445 745 1632 816 accersitus
1659 745 1717 816 sit.
1767 743 1873 836 Apud
1897 740 1963 816 hos
1991 749 2116 816 cadem
2137 747 2240 832 dixit,

198 871 280 920 rum
298 845 470 918 virtutum
495 865 619 913 omnes
639 842 741 910 valde
763 843 990 914 delectamur.
1044 842 1196 916 Moveor
1244 847 1304 917 sed
1321 845 1460 916 addidit
1475 867 1710 918 successorem
1726 845 1963 918 Maximiliaoi
1986 863 2179 918 venturum
2195 873 2239 918 es

198 965 315 1022 autem
331 945 569 1038 temporibus,
595 957 636 1014 ut
650 945 694 1014 de
713 939 781 1014 hoc
795 943 961 1036 Principe
982 947 1121 1038 saepius
1135 971 1195 1016 co·
1245 947 1357 1040 ipsius
1379 947 1504 1040 stirpe,
1530 971 1604 1017 non
1626 948 1666 1016 in
1691 949 1768 1019 sols
1783 947 1993 1034 Germania,
2019 951 2080 1018 sed
2098 951 2174 1020 late
2199 952 2240 1018 iu

200 1053 324 1145 gitem:
353 1051 436 1141 quia
461 1069 579 1117 mcum
598 1059 752 1138 patrem,
780 1071 885 1140 quem
904 1046 1089 1140 Principes
1112 1071 1196 1140 pro-
1245 1047 1392 1142 Etrropa
1405 1051 1674 1120 dominaturum
1688 1073 1783 1136 esse,
1807 1064 1842 1122 et
1857 1063 2036 1121 secuturas
2049 1075 2124 1120 esse
2144 1053 2241 1122 mol-

201 1168 281 1248 pter
304 1152 409 1220 Iidem
427 1163 463 1220 et
487 1161 598 1218 artem
623 1149 794 1218 medicam
812 1150 1026 1240 diligebant,
1048 1143 1197 1218 memini
1246 1153 1496 1222 tarumrerum
1512 1153 1738 1226 mutationes.
1789 1149 1964 1222 Narrabat
1977 1151 2058 1222 Dux
2076 1151 2242 1233 Ioannes,

82 1265 89 1274 '
201 1256 316 1327 multa
337 1251 503 1335 recitare,
528 1251 573 1320 ab
590 1249 667 1342 ipso
690 1251 868 1342 praedicta
883 1254 927 1320 de
943 1252 1077 1344 patriae
1089 1251 1198 1322 moti·
1247 1253 1354 1324 etiam
1379 1277 1459 1323 cum
1490 1254 1588 1322 lieret
1615 1253 1837 1324 renunciatio
1862 1253 2045 1324 electionis
2070 1253 2241 1324 Maximi-

202 1361 290 1441 bus,
316 1354 379 1448 qui
395 1353 549 1424 secuturi
566 1365 693 1426 essent.
717 1380 722 1390 ·
743 1351 915 1423 Libenter
932 1368 1048 1424 autem
1067 1353 1199 1444 cogita-
1248 1356 1355 1439 liani,
1390 1367 1526 1444 patrem
1557 1378 1675 1424 senem
1706 1355 1850 1444 largiter
1877 1355 2003 1426 lusisse
2029 1351 2242 1450 lachrymas,

202 1481 285 1530 mus
299 1455 474 1526 eiusmodi
490 1453 665 1539 vaticinia,
684 1454 741 1522 vel
755 1469 901 1546 propter
916 1455 1199 1540 admirationem,
1247 1481 1358 1552 eaque
1373 1459 1418 1526 de
1434 1479 1473 1524 re
1490 1456 1587 1526 varia
1600 1457 1799 1547 sapientum
1814 1457 1945 1528 iudicia
1959 1456 2077 1526 fuisse.

205 1561 289 1655 quia
312 1557 391 1626 illas
408 1551 570 1624 heroicas
587 1567 730 1626 naturas
750 1578 812 1626 sua
831 1559 1003 1648 quaedam
1021 1557 1199 1648 praesagia
1349 1558 1476 1631 Statim
1495 1573 1573 1650 post
1592 1558 1627 1627 id
1651 1571 1788 1650 tempus
1806 1554 1986 1630 Electores
2006 1559 2099 1643 duo,
2125 1555 2243 1629 Erne-

205 1659 337 1733 habere
352 1657 543 1741 divinitus,
568 1657 807 1745 agnoscimus:
833 1659 890 1726 vel
905 1661 988 1752 qnia
1009 1659 1200 1750 illaeipsae
1249 1674 1323 1730 stus
1352 1657 1550 1732 Saronicus
1582 1675 1617 1731 et
1651 1657 1801 1730 loannes
1834 1654 2016 1746 Marcbio,
2049 1660 2244 1732 exercitum

207 1760 508 1856 praemonitiones
533 1781 598 1827 nos
619 1760 664 1828 ad
693 1753 757 1828 has
787 1760 1008 1832 difficultates
1036 1762 1200 1830 ferendas
1249 1763 1436 1833 collectum
1469 1787 1511 1832 er
1542 1762 1630 1832 flore
1656 1761 1854 1832 nobilitatis
1889 1755 2017 1831 bartam
2044 1761 2244 1832 vicinarum

207 1863 469 1958 aliquantulum
488 1861 679 1932 instruunt
1250 1865 1426 1954 gentium,
1459 1865 1638 1935 duxerunt
1664 1861 1933 1946 Vratislaviam‚
1973 1865 2017 1932 ad
2045 1867 2243 1953 pacandam

311 1963 382 2036 Sed
399 1962 504 2032 venio
520 1963 565 2030 ad
588 1957 793 2046 historiam,
818 1987 923 2055 quam
947 1965 1040 2032 bona
1059 1965 1127 2032 fide
1146 1987 1221 2048 re-„
1251 1991 1329 2034 eam
1346 1989 1445 2034 oram
1461 1962 1692 2047 Germaniae,
1717 1987 1824 2057 quam
1838 1978 1922 2034 tunc
1940 1965 2012 2033 duo
2034 1977 2199 2056 potentes
2211 1979 2246 2033 et

210 2069 350 2150 citabo,
377 2077 419 2136 ut
442 2087 484 2132 ex
507 2087 585 2134 meo
611 2077 708 2154 patre
732 2076 767 2131 ct
789 2065 869 2134 aliis
898 2066 1111 2158 quibusdam
1133 2067 1202 2134 fide
1251 2067 1411 2138 bellicosi
1440 2089 1557 2170 reges,
1587 2061 1759 2137 Matthias
1783 2062 2009 2156 Hungaricus
2032 2080 2068 2135 et
2090 2063 2247 2136 Casimi-

210 2169 329 2260 dignis
350 2164 483 2236 audivi.
537 2163 608 2234 Nec
632 2161 721 2234 mibi
743 2167 903 2236 concedit
927 2169 1080 2238 brevitas
1097 2163 1203 2236 huius
1252 2168 1538 2250 rusPolonicus,
1566 2169 1838 2259 populabantur.
1892 2165 1933 2236 In
1956 2191 1997 2236 ea
2020 2167 2247 2258 expeditione

210 2268 398 2363 temporis,
432 2266 712 2360 deantiquitate
743 2282 779 2338 et
807 2270 1017 2359 praestantia
1048 2269 1203 2338 familiae
1253 2285 1386 2364 patrem
1403 2269 1592 2340 Ernestum
1616 2269 1680 2340 lilii
1693 2271 1798 2340 etiam
1814 2268 1973 2338 comitati
1986 2283 2081 2340 sunt.

84 2397 97 2428 ⁸
210 2374 351 2447 Ducum
371 2368 563 2452 Saxoniae,
588 2369 649 2462 qui
673 2393 714 2438 ex
729 2365 1002 2440 Marcbionibus
1017 2371 1203 2464 Mysorum
1355 2371 1478 2442 Postea
1500 2387 1642 2442 mortno
1676 2385 1773 2462 patre
1798 2371 1864 2438 filii
1893 2393 2029 2440 summa
2053 2372 2245 2442 concordia

212 2475 283 2548 orti
305 2485 410 2554 sunt,
444 2470 573 2550 dicere.
630 2468 778 2540 Etcum
803 2472 849 2542 sit
879 2472 972 2542 inter
1001 2473 1205 2563 praecipuas
1254 2488 1434 2567 paternam
1459 2473 1633 2543 ditionem
1663 2473 1771 2543 simul
1790 2473 2044 2562 gubernarunt.
2094 2467 2148 2542 Ac
2172 2473 2248 2564 pri-

211 2574 421 2664 Principum
444 2571 597 2642 familias
617 2571 654 2639 in
673 2569 887 2657 Germania,
909 2589 943 2643 et
965 2573 1156 2665 sapientiae
1171 2586 1206 2643 et
1254 2597 1352 2644 mum
1375 2577 1481 2644 decus
1501 2575 1570 2646 luit
1598 2575 1703 2646 initio
1725 2573 2009 2663 gubernationis,
2041 2576 2140 2666 quod
2163 2574 2249 2644 reli·

212 2676 356 2750 virtutis
379 2697 503 2744 eorum
526 2673 727 2745 testimonia
749 2675 859 2744 multa
882 2671 1017 2761 citent,
1042 2673 1206 2767 plurimis
1255 2677 1357 2771 quias
1389 2676 1571 2768 copiarum
1592 2671 1768 2747 Matthiae
1786 2671 1962 2746 vastantes
1982 2673 2166 2746 Lusatiam
2185 2678 2248 2746 de·

214 2793 299 2851 nota
316 2789 399 2848 sunt
414 2787 531 2846 vetera
545 2769 653 2844 huius
666 2775 819 2846 familiae
835 2779 972 2847 decora.
1257 2780 1440 2870 pulerunt:
1468 2778 1570 2848 cuius
1591 2778 1642 2846 rei
1658 2777 1827 2846 memoria
1851 2770 1968 2846 adhuc
1991 2798 2113 2846 recens
2134 2792 2190 2848 est
2211 2778 2248 2846 in

315 2877 457 2950 Fratres
486 2879 559 2947 dno
585 2878 748 2962 suerunt,
779 2875 953 2950 Ernestus
976 2877 1141 2964 Elector,
1173 2892 1208 2949 et
1256 2881 1390 2971 oppido
1404 2879 1540 2966 Lucca,
1569 2880 1666 2973 quod
1681 2892 1768 2949 tunc
1788 2878 1871 2948 illae
1885 2875 2112 2949 Pannonicae
2127 2880 2249 2971 copiae

214 2981 407 3066 Albertuc,
433 2977 756 3071 quiMaximiliano
783 2995 884 3072 capto
911 2995 944 3050 et
967 2983 1131 3072 deinceps
1152 3003 1207 3050 res
1257 2983 1495 3074 diripuerunt.

215 3105 362 3174 magnas
374 3081 412 3150 in
422 3077 564 3168 Belgico
578 3080 694 3169 gessit.
728 3076 870 3152 Ernesti
886 3083 949 3152 tilii
967 3085 1038 3152 duo
1054 3084 1208 3166 fuerunt,
1359 3081 1445 3152 Post
1476 3081 1613 3175 aliquot
1644 3103 1756 3152 annos
1786 3105 1864 3151 cum
1899 3081 1968 3148 iam
1996 3075 2062 3150 hae
2088 3081 2251 3172 regiones

216 3183 419 3258 Fridcricus
441 3177 584 3250 Elector
603 3195 638 3252 ct
661 3175 855 3268 Iohannes,
887 3185 949 3278 qui
972 3185 1125 3276 primum
1142 3185 1208 3253 do·
1258 3184 1472 3278 tranquillae
1489 3198 1623 3268 essent,
1643 3197 1678 3254 et
1693 3183 1845 3254 extincto
1862 3175 2016 3253 Matthia
2031 3179 2251 3272 Hungarico,

216 3287 359 3358 mastica
401 3282 588 3374 disciplina
628 3273 878 3354 honestissime
921 3285 1073 3357 instituti
1115 3298 1209 3357 sunt.
1260 3287 1527 3358 Maximilianus
1546 3285 1727 3355 Austriam
1750 3286 1938 3376 reciperet,
1964 3297 1999 3352 et
2019 3288 2251 3374 progredere·

216 3387 301 3460 Fuit
318 3385 412 3456 enim
429 3384 539 3476 patris
555 3380 697 3455 Ernesti
720 3387 901 3476 integritas
919 3388 1061 3458 laudata
1079 3388 1209 3458 multo·
1260 3405 1319 3460 tur
1340 3388 1377 3456 in
1400 3385 1638 3477 Hungariam,
1669 3385 1739 3456 tuit
1760 3387 1798 3455 in
1824 3385 1975 3455 exercitu
1999 3384 2252 3465 Maximiliani,

218 3516 297 3562 rum
315 3487 515 3581 principum
538 3486 768 3572 testimoniis,
793 3513 882 3583 quae
896 3491 1043 3562 recitare
1061 3513 1209 3582 possem.
1263 3491 1412 3560 loannes
1428 3488 1509 3560 Dux
1524 3486 1717 3586 Saroniae,
1744 3503 1778 3558 et
1798 3487 1837 3557 in
1860 3488 2122 3578 oppugnatione
2138 3483 2252 3558 Albae

219 3592 289 3664 Sed
310 3609 473 3683 propero.
1260 3594 1404 3684 regalis,
1441 3589 1617 3683 specimen
1642 3591 1784 3661 virtutis
1811 3588 1988 3680 egregium
2006 3589 2137 3674 edidit,
2170 3614 2251 3660 cum

321 3689 571 3762 Adulescentes
602 3691 727 3761 iratres
761 3693 918 3764 comitati
959 3707 1041 3764 sunt
1077 3707 1210 3784 patrem
1261 3698 1354 3766 inter
1378 3693 1511 3785 primos
1533 3692 1674 3762 moenia
1692 3693 1905 3762 ascenderet.
1956 3685 2046 3760 Erat
2065 3706 2186 3762 autem
2212 3692 2252 3774 ei,

220 3794 495 3888 proficiscentem
514 3793 559 3862 ad
578 3793 783 3863 electionem
799 3793 1037 3864 Maximiliani
1054 3793 1212 3864 Franco·
1261 3811 1301 3868 ut
1323 3797 1425 3866 multi
1447 3794 1675 3879 meministis,
1700 3793 1812 3864 robur
1839 3791 1996 3882 corporis
2020 3791 2194 3876 militare,
2221 3805 2252 3862 et

218 3897 391 3980 fordiam,
417 3919 489 3986 quo
509 3907 543 3964 et
565 3909 663 3984 pater
678 3919 783 3964 senex
800 3895 1000 3966 Fridcricus
1018 3895 1213 3988 Imperator
1261 3900 1400 3969 animus
1418 3921 1490 3966 non
1511 3897 1626 3966 solum
1651 3909 1776 3966 natura
1791 3893 1913 3978 fortis,
1936 3895 1995 3962 sed
2013 3895 2118 3963 etiam
2135 3919 2179 3963 eo
2195 3895 2252 3966 lir-

220 3999 476 4070 adolescentem
493 3995 606 4066 filium
623 3993 910 4068 Maximilianum
927 4000 1082 4073 adduxit.
1119 3997 1213 4068 Fue·
1264 4002 1366 4082 mior,
1382 4001 1464 4092 quia
1479 4021 1557 4068 cum
1574 4013 1665 4068 caste
1680 4011 1715 4067 et
1732 3991 1877 4068 honeste
1894 3995 2037 4078 viveret,
2059 4019 2123 4064 nec
2141 3995 2252 4087 impe·

95 4147 99 4152 -
221 4113 306 4171 runt
333 4099 376 4166 in
399 4123 440 4166 co
470 4112 648 4167 conventu
676 4098 843 4170 electores
867 4125 1007 4170 omnes:
1048 4125 1087 4170 ac
1109 4115 1148 4171 ut
1169 4102 1213 4170 de
1263 4105 1399 4173 dicetur
1413 4101 1521 4171 ullius
1535 4099 1676 4171 sceleris
1691 4096 1915 4181 conscientia,
1941 4097 2052 4167 laetus
2066 4111 2101 4166 ct
2113 4101 2253 4188 petebat
2337 4095 2338 4114 l

114 4201 119 4216 '
221 4201 366 4272 caeteris
382 4223 455 4268 non
472 4200 600 4282 dicam,
627 4203 780 4270 duorum
795 4201 864 4272 fuit
880 4225 1017 4272 summa
1033 4203 1215 4288 autoritas,
1263 4218 1298 4276 et
1315 4205 1478 4295 sperabat
1492 4226 1513 4271 a
1528 4203 1607 4272 Deo
1622 4201 1814 4283 auxilium,
1840 4213 1874 4270 et
1889 4221 1971 4268 vere
1991 4200 2172 4289 tegebatur
2189 4197 2252 4270 Dei

221 4302 315 4373 senis
332 4301 472 4372 Alberti
490 4295 731 4387 Marcbionis,
757 4293 861 4395 quem
887 4319 1032 4396 propter
1046 4306 1212 4375 virtutem
1264 4309 1399 4401 clypeo.
1437 4302 1606 4374 Interfuit
1622 4315 1741 4395 postea
1756 4315 1791 4372 et
1806 4301 1900 4370 bello
1912 4298 2058 4384 Veneto,
2083 4325 2156 4371 una
2174 4324 2251 4372 eum

222 4404 459 4474 nominarunt
473 4397 650 4472 Achillem
666 4400 939 4490 Germanicum,
971 4420 1005 4476 et
1025 4402 1132 4477 huius
1145 4402 1215 4475 Er·
1264 4411 1382 4480 fratre.
1434 4405 1504 4478 Sed
1525 4405 1608 4498 quia
1633 4404 2254 4496 simulabesseutrumqueapatria,

209 4505 313 4576 nesti
345 4505 458 4576 Ducis
486 4501 671 4575 Saxoniae.
730 4503 880 4576 Viderat
902 4508 1107 4578 adolescens
1135 4509 1214 4580 Dux
1264 4512 1437 4580 nouerat
1451 4509 1558 4590 utile,
1584 4519 1618 4576 et
1639 4509 1783 4576 tratrem
1800 4503 2021 4574 Fridericum
2039 4503 2253 4575 Maximilia·

223 4607 375 4678 Ioannes
396 4629 570 4675 summam
591 4630 632 4676 eo
655 4619 814 4700 tempore
830 4611 1056 4679 concordiam
1075 4609 1214 4681 Princi-
1266 4635 1333 4682 nus
1353 4634 1427 4680 noo
1448 4607 1667 4693 dimittebat,
1689 4607 1793 4676 rediit
1813 4606 1852 4674 in
1875 4605 2039 4697 patriam.
2090 4601 2180 4674 Erat
2194 4629 2254 4677 an·

89 4743 94 4751 -
222 4733 328 4802 pum,
364 4708 500 4776 viderat
520 4702 719 4795 Electores,
754 4733 874 4781 senem
902 4709 1152 4802 Imperatorem
1175 4725 1215 4781 ut
1266 4729 1334 4784 tem
1357 4712 1484 4782 eximia
1512 4725 1545 4780 et
1567 4710 1715 4780 illustris
1745 4707 1992 4779 benevolentia
2018 4705 2253 4776 Maximiliani
2337 4759 2338 4784 ,

221 4823 358 4904 patrem
375 4808 522 4898 diligere
538 4822 573 4878 et
588 4811 768 4881 venerari:
792 4813 928 4898 viderat
945 4813 1047 4884 illum
1063 4814 1214 4883 vicissim
1266 4839 1347 4905 erga
1362 4813 1495 4884 Ducem
1514 4807 1727 4894 Iohannem,
1752 4810 1836 4903 quia
1853 4809 1994 4879 videbat
2016 4813 2053 4878 in
2078 4833 2120 4878 eo
2136 4833 2255 4880 omnes

222 4911 407 5002 Principes
425 4935 504 4980 vera
521 4912 779 4999 benevolentia,
796 4927 963 5008 tanquam
980 4918 1104 4986 fratres
1119 4939 1215 4985 com·
1266 4919 1413 4988 virtutes
1434 4915 1647 4984 necessarias
1668 4912 1747 4980 viro
1769 4913 1886 4995 bono,
1915 4925 1950 4981 et
1972 4911 2077 4980 utiles
2100 4914 2146 4980 ad
2163 4936 2254 4981 com·

213 5013 341 5104 plecti.
395 5009 491 5081 Haec
513 5036 588 5081 non
614 5014 690 5085 sinc
714 5017 846 5105 gemitu
873 5017 1062 5097 recitabat,
1096 5019 1215 5106 ingre·
1267 5041 1411 5088 munem
1425 5017 1752 5098 consociationem,
1782 5037 1857 5082 uon
1878 5012 1981 5082 utin
2009 5013 2153 5096 multis,
2186 5029 2255 5083 arte

223 5114 324 5182 diens
342 5115 380 5182 in
403 5109 532 5183 borum
552 5129 750 5206 temporum
768 5120 1150 5203 commemorationem,
1178 5141 1217 5188 ac
1266 5121 1416 5190 adscitas
1438 5133 1500 5188 aut
1520 5119 1673 5200 inustas,
1705 5117 1765 5184 sed
1789 5115 1927 5185 nativas
1949 5136 2040 5198 esse,
2072 5115 2255 5200 iusticiam,

215 5214 412 5304 ,deplorans
426 5215 689 5286 distractionem
707 5215 912 5308 Principum
929 5215 1036 5291 buius
1051 5221 1185 5292 aetatis.
1267 5220 1427 5290 veritatis
1443 5243 1612 5302 amorem,
1636 5218 1756 5300 fidem,
1782 5215 2030 5298 constantiam,
2051 5218 2254 5302 modestiam

325 5311 404 5382 Hoc
419 5329 536 5384 autem
549 5319 740 5405 praeterire
755 5343 828 5388 uon
842 5315 1003 5409 possum:
1032 5321 1218 5412 Narrabat,
1267 5321 1448 5392 inimicam
1462 5321 1570 5391 fastui
1584 5333 1618 5389 et
1634 5319 1841 5401 ambitioni,
1867 5317 2132 5397 fortitudinem,
2158 5318 2255 5388 casti-

224 5435 267 5480 eo
281 5423 458 5533 'tempore
487 5413 762 5492 Francosordiae
788 5417 959 5492 iudaeum
989 5423 1115 5505 fuisse,
1154 5425 1218 5517 qni
1267 5437 1384 5498 tatem.
1444 5419 1599 5494 Videbat
1628 5435 1747 5514 pectus
1776 5418 1968 5490 candidum
1997 5432 2033 5490 et
2066 5419 2255 5509 ingenuum
