4614 5820
2164 295 2232 371 eas

329 471 434 566 Quod
451 488 566 546 autem
581 472 684 542 multi
701 485 922 542 contumaces
938 482 1135 562 repugnant
1150 492 1213 537 ve-
1260 469 1388 559 gratias
1407 468 1445 536 in
1467 464 1536 538 hoc
1556 489 1742 554 consessu,
1775 479 1815 538 ut
1836 464 1875 537 in
1897 465 2058 560 templis,
2091 489 2237 558 agamus,
2293 439 2294 506 l

225 577 276 648 ris
291 579 448 662 iudiciis,
474 576 601 645 scimus
616 589 746 644 restare
760 574 857 643 aliud
874 573 1060 656 iudicium,
1087 572 1124 638 in
1140 595 1211 662 quo
1261 573 1356 664 quod
1371 571 1491 660 generi
1509 567 1665 640 humano
1683 591 1719 639 se
1735 569 1915 661 patefecit,
1945 593 2011 640 nec
2026 569 2114 641 sinit
2132 572 2236 640 estin·

227 681 321 748 lilius
345 676 411 748 Dei
440 678 553 768 palam
585 699 658 745 sese
688 677 875 744 ostendens
901 675 1066 742 universo
1091 670 1211 760 generi
1261 673 1321 762 gui
1343 673 1541 741 doctrinam
1557 673 1677 742 desua
1695 671 1894 742 voluntate:
1930 675 2095 765 quodque
2120 697 2238 742 noser

227 775 403 863 humano,
436 791 577 847 aeterna
608 777 779 846 sententia
812 770 1209 864 discernethtclesiam
1261 770 1450 842 horrendis
1478 771 1633 843 tenebris
1665 773 1837 842 maximae
1859 773 2100 844 multitudinis
2120 775 2240 865 impio-

228 905 327 951 suam
342 881 386 948 ab
401 880 569 949 omnibus
586 879 714 968 impiis.
766 872 822 946 Ad
849 901 925 945 eam
940 875 1124 969 Synodum
1147 895 1213 941 nos
1263 899 1342 944 rum
1361 888 1541 959 evocatos,
1572 877 1617 943 ad
1635 873 1852 962 agnitionem
1869 899 1952 944 suae
1969 877 2163 946 voluntatis
2177 893 2241 946 tra·

227 1005 494 1074 praeparemus,
521 981 559 1046 in
585 1004 654 1071 qua
679 993 713 1048 et
727 974 890 1048 Christus
909 990 945 1046 et
961 976 1126 1045 universa
1141 969 1211 1044 Ec·
1261 976 1377 1055 ducit,
1399 999 1535 1068 nosque
1553 975 1733 1045 doctrinae
1748 979 1909 1045 custodes
1926 997 1999 1045 esse
2016 977 2152 1061 voluit,
2177 1001 2240 1068 quo

228 1083 332 1152 clesia
349 1085 392 1150 de
409 1077 603 1169 Evangelio
620 1079 859 1150 testimonium
876 1078 1013 1162 dicent,
1039 1089 1073 1145 et
1094 1070 1213 1144 hostes
1262 1100 1407 1145 munere
1424 1071 1517 1144 nihil
1532 1089 1582 1146 est
1596 1076 1711 1146 maius
1725 1101 1764 1146 ac
1780 1077 1916 1146 melius.
1949 1075 2135 1148 Postremo
2148 1079 2242 1146 etiam

228 1184 386 1252 veritatis
403 1207 442 1250 ac
458 1181 729 1250 calumniatores
748 1181 969 1250 damnabunt
983 1201 1023 1246 ae
1047 1177 1213 1268 punient:
1264 1189 1343 1246 vota
1358 1177 1544 1262 faciamus,
1565 1191 1604 1248 ut
1617 1175 1732 1262 Deus,
1754 1178 1919 1248 eonditor
1934 1173 2082 1248 humani
2102 1179 2243 1269 generis,

228 1285 307 1376 pios
321 1307 405 1352 vero
421 1283 635 1366 laudabunt,
661 1283 722 1374 qui
740 1295 883 1372 propter
897 1279 1046 1364 gloriam
1060 1276 1147 1362 Dei,
1181 1289 1214 1345 et
1264 1279 1482 1363 doctrinam,
1515 1303 1620 1370 quam
1646 1279 1825 1370 patefecit,
1862 1293 2021 1365 tucatur,
2056 1295 2091 1351 et
2114 1295 2244 1348 nostras

228 1409 327 1455 suam
353 1385 500 1453 salutem
521 1405 729 1470 cognoscere
744 1379 996 1469 Evangelium,
1033 1379 1214 1470 inquirere
1265 1393 1397 1448 mentes
1413 1382 1579 1448 accendat
1593 1393 1627 1450 et
1640 1393 1753 1470 regat,
1779 1394 1817 1448 ut
1833 1376 1917 1450 haec
1933 1381 2118 1452 literarum
2136 1382 2243 1452 studia

228 1485 431 1568 veritatem,
457 1497 491 1552 et
507 1507 634 1552 ornare
656 1508 732 1552 eam
756 1483 862 1551 bonis
888 1482 1046 1550 moribus
1071 1482 1215 1550 studue-
1265 1481 1368 1550 nobis
1384 1494 1418 1550 et
1434 1481 1499 1550 toti
1516 1481 1635 1570 generi
1651 1475 1808 1552 humano
1821 1482 1985 1552 salutaria
2002 1484 2086 1554 sint.

228 1601 325 1656 runt.
376 1583 470 1654 Illud
486 1585 657 1654 iudicium
674 1585 800 1652 arnimis
818 1585 1038 1660 intueamur,
1065 1576 1214 1650 etChri-

61 403 65 408 ,
211 293 297 381 ’647
882 294 1040 374 DECL.
1074 291 1148 370 DE
1182 289 1650 370 ARISTOTELE.

231 1701 284 1757 sto
317 1701 351 1756 et
378 1687 433 1754 illi
463 1700 625 1755 aeternae
646 1683 823 1754 Ecclesiae
842 1684 978 1774 placere
1002 1684 1215 1764 studeamus,

231 1812 297 1858 nee
323 1801 468 1879 propter
495 1787 625 1856 iniusta
659 1799 842 1876 potentum
873 1785 1003 1854 iudicia
1027 1779 1213 1880 Evangelii

231 1911 353 1958 vocem
373 1887 592 1958 abiiciamus.
644 1886 821 1970 Sciamus,
855 1887 892 1954 in
915 1880 980 1954 hac
1003 1883 1073 1952 vita
1092 1879 1215 1952 Eccle-

231 1990 319 2062 siam
336 1987 404 2058 Dei
418 1989 622 2077 ingentibus
641 1989 817 2056 aerumnis
842 1985 1013 2069 exerceri,
1045 2007 1110 2052 nec
1133 1997 1215 2052 tan-

232 2105 308 2160 tum
325 2086 490 2159 humanis
505 2089 706 2170 furoribus,
732 2089 910 2156 sedetiam
928 2086 1112 2154 diabolicis
1126 2085 1214 2152 insi-

232 2192 302 2260 diis
316 2189 525 2280 oppugnari.
578 2189 674 2259 lnter
687 2184 751 2257 has
767 2189 989 2257 difficultates
1001 2187 1215 2256 retineamus

232 2289 418 2380 Evangelii
437 2292 567 2374 lucem,
593 2305 625 2358 et
643 2289 756 2360 Deum
774 2290 997 2371 invocemus,
1029 2301 1070 2358 ut
1086 2288 1215 2356 contir-

219 2406 305 2476 ‚met
320 2389 387 2462 ho'c
406 2393 501 2484 quod
517 2405 680 2481 operatus
696 2407 746 2460 est
767 2391 805 2458 in
828 2389 931 2458 nobis
955 2403 1100 2478 propter
1127 2403 1212 2457 tern-

232 2495 331 2584 plum
349 2507 504 2563 sanctum
522 2517 644 2574 sunm,
668 2493 704 2560 id
723 2505 792 2576 est,
814 2485 1144 2581 propterEcclesiae
1160 2511 1215 2556 sa-

233 2595 353 2668 lutern.
404 2592 500 2662 Haec
514 2595 712 2682 petentibus
726 2586 821 2660 haud
839 2590 947 2660 dubie
963 2591 1149 2660 adfuturus
1166 2605 1218 2660 est

233 2692 329 2766 Dens
342 2708 442 2785 pater
456 2694 593 2762 domini
612 2692 725 2762 nostri
743 2691 820 2760 lesu
829 2688 987 2774 Christi,
1013 2705 1047 2760 et
1062 2690 1217 2782 opitula-

233 2809 345 2866 turus.
411 2793 526 2883 Quem
551 2795 712 2862 omnium
736 2809 896 2864 nostrum
922 2807 1073 2873 mentes,
1111 2794 1218 2862 corda

1365 1613 1461 1684 llaec
1493 1640 1535 1684 eo
1562 1615 1665 1686 initio
1698 1627 1733 1684 et
1759 1639 1855 1686 nunc
1878 1617 2055 1708 praelatus
2078 1642 2179 1702 sum,
2216 1632 2245 1687 et

1266 1741 1366 1808 saepe
1382 1717 1529 1786 dicenda
1545 1739 1618 1784 esse
1634 1717 1767 1797 sentio,
1802 1731 1841 1788 ut
1865 1719 2102 1788 adolescentia
2128 1721 2245 1787 admo·

1263 1819 1360 1901 nita,
1399 1842 1481 1886 suae
1508 1818 1656 1886 militiae
1682 1815 1889 1908 dignitatem
1914 1819 2040 1888 melius
2066 1820 2245 1908 intelligat.

1263 1919 1436 2008 Magnum
1452 1919 1600 1988 omnino
1618 1919 1831 1989 sustinemus
1849 1943 1957 2004 onus,
1991 1922 2052 2012 qui
2076 1922 2191 1991 aDeo
2212 1921 2245 1988 in

1262 2016 1356 2090 hanc
1388 2021 1573 2088 stationem
1607 2019 1732 2090 delecti
1766 2042 1897 2118 sumus.
1958 2019 2029 2090 Nec
2064 2021 2246 2115 quisquam

1264 2135 1361 2191 tanta
1391 2135 1442 2191 est
1471 2121 1507 2188 vi
1540 2121 1693 2210 ingenii,
1725 2134 1766 2190 ut
1796 2121 1867 2190 nisi
1903 2121 2046 2192 iuvante
2073 2122 2153 2192 Deo
2187 2117 2247 2190 hoe

1265 2245 1394 2292 munus
1425 2221 1586 2290 omnium
1620 2221 1856 2291 difficilimum
1888 2221 2062 2293 foeliciter
2094 2223 2247 2294 admini-

1264 2337 1374 2392 strare
1398 2324 1517 2415 possit.

1304 2498 1307 2512 ·
1368 2456 1487 2548 Quare
1501 2471 1534 2528 et
1551 2457 1803 2549 promissiones
1826 2457 1967 2528 divinas
1988 2459 2093 2528 nobis
2121 2485 2247 2551 propo-

1266 2581 1410 2645 namus,
1442 2583 1531 2652 quae
1551 2560 1722 2630 auxilium
1747 2573 1781 2628 et
1802 2556 1868 2628 Dei
1890 2562 2125 2651 praesentiam
2149 2562 2248 2652 polli-

1266 2674 1401 2730 centur.
1446 2659 1540 2730 Deus
1555 2661 1617 2752 qni
1633 2661 1790 2732 accendit
1806 2659 1955 2745 animos,
1979 2676 2021 2732 ut
2038 2663 2172 2746 velitis,
2197 2664 2247 2730 in-

1267 2763 1345 2855 quit
1363 2759 1514 2839 Paulus,
1540 2761 1774 2851 opitulabitur
1789 2761 1914 2847 etiam,
1940 2777 1980 2834 ut
1995 2759 2164 2834 inchoata
2179 2778 2248 2833 stu·

235 2910 270 2966 et
296 2896 438 2986 linguae
471 2919 553 2964 vera
582 2895 686 2964 laude
715 2895 937 2986 praedicent,
974 2905 1009 2962 et
1031 2893 1165 2964 celebre
1194 2907 1217 2965 t.
1267 2864 1326 2933 ὀὴ*
1343 2862 1443 2930 V⁰bl⁵
1459 2879 1494 2933 ‘l
1510 2863 1589 2930 “⁴¹5ss
1605 2863 1676 2932 ⁸5⁰²
1692 2862 1870 2936 mum·
1901 2963 1911 2982 ,
1933 2858 1982 2980 E}
1997 2865 2095 2933 ''ddll
2113 2889 2247 2982 caum?

233 2994 330 3072 Dixi·
1150 3017 1154 3026 .
1268 2964 1419 3047 Paulus,
1454 2961 1503 3034 Ut
1526 2961 1601 3032 Deo
1624 2979 1721 3052 grata
1745 2962 1846 3032 liant:
1883 2964 2104 3054 stgnrlicans,
2142 2991 2248 3035 marr-

1268 3091 1362 3134 mam
1378 3079 1510 3155 partem
1524 3063 1660 3154 generis
1675 3059 1822 3134 humani
1838 3065 1997 3134 furenter
2010 3088 2116 3134 ruere
2133 3081 2249 3136 contra

1269 3168 1407 3250 Deum,
1447 3166 1549 3258 eique
1571 3165 1706 3254 ingrata
1727 3165 1851 3238 lacere.
1915 3162 2057 3252 Quanta
2081 3167 2248 3236 scelerum

1269 3267 1386 3338 omnis
1409 3267 1547 3356 generis
1569 3267 1728 3336 conlusio
1748 3279 1799 3336 est
1821 3266 1859 3334 in
1878 3265 2038 3336 mundo?
2098 3267 2248 3338 Plurimi

1270 3365 1432 3438 homines
1454 3382 1537 3438 sunt
1562 3362 1674 3451 athei,
1707 3366 1812 3437 multi
1836 3365 1994 3436 fanaticis
2020 3367 2248 3458 opinionibus

1270 3468 1450 3551 fascinati,
1470 3467 1580 3538 aDeo
1596 3470 1778 3538 aberrant:
1805 3468 1907 3536 multi
1922 3467 2051 3558 polluti
2068 3485 2157 3541 sunt
2172 3470 2248 3538 libi-

1269 3573 1430 3650 dinibus,
1456 3570 1559 3638 mrrlti
1581 3571 1704 3640 caedes
1723 3583 1759 3640 et
1780 3567 1914 3638 excidia
1939 3569 2083 3639 urbium
2104 3597 2148 3641 ae
2169 3595 2246 3660 gen-

1268 3674 1358 3743 tium
1374 3671 1583 3742 moliuntur.
1635 3669 1687 3740 lta
1703 3693 1827 3761 magna
1846 3693 1927 3764 pers
1940 3672 2079 3759 generis·
2092 3667 2247 3755 humani,

1268 3775 1330 3844 alii
1344 3775 1423 3844 aliis
1437 3771 1617 3842 furoribus
1632 3769 1774 3859 agitati,
1799 3795 1880 3841 cum
1896 3769 1972 3842 Deo
1987 3772 2246 3866 belligerantur.

1269 3875 1339 3946 Sed
1367 3899 1413 3944 ue
1435 3887 1547 3943 totum
1568 3895 1679 3961 genus
1701 3866 1894 3943 humanum
1916 3873 2045 3943 trustra
2067 3877 2245 3945 conditum

1268 3977 1330 4059 sit,
1356 3989 1470 4047 servat
1486 3971 1582 4043 Deus
1597 3969 1790 4043 Ecclesiam
1805 3995 1924 4052 suam,
1958 3989 1992 4044 et
2009 3969 2100 4043 hanc
2116 3978 2244 4058 excitat,

1269 4093 1306 4147 ut
1325 4079 1391 4170 ipsi
1406 4089 1502 4166 grata
1515 4074 1630 4158 saciat,
1648 4075 1763 4144 lucem
1778 4075 1960 4144 doctrinae
1975 4079 2244 4159 veraeretineat,

1268 4203 1415 4270 eamque
1432 4173 1588 4246 honestis
1603 4176 1762 4246 moribus
1775 4189 1888 4248 ornet.
1928 4173 2023 4245 Huic
2038 4179 2172 4266 agmini
2187 4199 2245 4246 nos

1267 4280 1417 4349 insertos
1441 4301 1515 4346 esse
1537 4275 1748 4364 cogitemus,
1779 4289 1814 4346 et
1836 4301 1962 4368 magna
1986 4301 2090 4361 cura,
2122 4301 2243 4374 magno

1266 4383 1404 4467 studio,
1424 4379 1565 4448 muneri
1583 4393 1703 4448 nostro
1719 4378 1927 4454 serviamus.

234 3395 382 3525 Q.

1042 3497 1213 3524 m

541 3631 617 3716 De
641 3577 908 3716 Aristotele.

305 3789 337 3846 lu
351 3789 505 3847 Declamat.
522 3789 555 3844 T.
567 3788 616 3846 lll.
657 3829 664 3846 .
678 3790 730 3844 sot
743 3809 774 3860 sq
797 3827 824 3856 .,
844 3790 995 3844 inSersest.
1008 3787 1098 3849 T.lll.
1120 3809 1146 3862 p.
1159 3791 1220 3847 689.

337 3873 364 3916 et
382 3861 453 3930 apud
474 3858 600 3914 Richard.
615 3809 682 3928 llll.
705 3809 806 3940 plui.
826 3884 863 3898 ·-
898 3858 1002 3929 Mylius
1013 3859 1042 3912 in
1057 3859 1219 3931 chronolog.

333 3930 499 3998 scriptorum
514 3927 579 3981 Met.
596 3927 665 3980 banc
680 3937 830 3980 orationem
845 3925 928 3979 relect
940 3927 973 3980 sd
993 3945 1038 3980 ιιι.
1057 3929 1137 3993 tota,
1164 3947 1219 3992 quo

164 4055 166 4060 ,
219 4073 228 4080 ι
335 3995 676 4120 ιιιιιῖοιθιιιφιιιιάΜιίιιιιι
688 3995 1221 4052 Erasmust‘touustuttneesnuta-

208 4087 209 4090 ¹
334 4085 368 4122 ou
391 4085 440 4120 ιιι
456 4081 569 4120 arrum.

237 4242 366 4314 Oratio
391 4241 445 4312 de
463 4240 752 4327 Aristotele,
778 4237 908 4312 habita
924 4243 1220 4339 uMupAErns·

236 4366 302 4414 mo
324 4345 514 4434 Flacco,
551 4339 836 4436 Norilterpeusi,
878 4366 965 4416 cum
996 4345 1219 4420 decerneret

205 4443 392 4554 ''pradum
405 4449 615 4542 magisterii
630 4443 877 4535 philosophici
893 4450 1036 4541 aliquot
1050 4447 1219 4522 honestis

558 4555 596 4617 ep
613 4545 773 4618 eruditi,
787 4551 890 4620 vim·
1366 4513 1448 4584 Non
1465 4513 1572 4602 igitur
1589 4511 1625 4580 in
1643 4507 1781 4580 scholas
1797 4535 1878 4597 vos,
1905 4525 2071 4604 tanquam
2089 4514 2126 4582 in
2144 4515 2242 4583 licen·

1266 4617 1335 4686 tiae
1351 4641 1390 4684 ac
1408 4610 1620 4704 petulantiae
1636 4611 1836 4706 gymnasia,
1861 4615 1904 4681 ad
1922 4615 2024 4683 ludos
2039 4629 2074 4684 et
2091 4618 2240 4705 volupta-
2293 4633 2294 4708 ᾗ

236 4695 389 4800 Quoties
404 4709 441 4779 in
458 4708 514 4781 his
530 4707 784 4781 honestissimis
802 4707 1071 4802 congressibus,
1089 4715 1218 4784 conve·
1266 4733 1318 4788 tes
1336 4717 1427 4788 mitti
1443 4716 1587 4807 putetis:
1610 4717 1668 4784 sed
1684 4715 1775 4784 utin
1792 4715 2019 4784 sacratissima
2036 4720 2175 4806 templa,
2186 4713 2240 4782 ubi

118 4887 130 4896 ‚
233 4813 364 4897 nimus,
390 4814 544 4906 primum
564 4814 629 4905 ipsi
645 4813 827 4882 nobiscum
844 4814 1045 4904 cogitemus,
1065 4841 1129 4885 nos
1144 4843 1217 4886 non
1266 4805 1309 4888 tle
1327 4817 1401 4888 Deo
1418 4833 1452 4887 et
1465 4821 1509 4886 de
1524 4819 1630 4886 rebus
1646 4814 1808 4884 maximis
1831 4817 2056 4885 erudiamini.
2116 4815 2162 4888 Et
2185 4811 2239 4883 laos
2293 4817 2294 4870 ἐ

232 4913 277 4982 ad
302 4915 406 4982 ludos
432 4927 492 4984 aut
514 4915 633 4984 inania
662 4914 857 5006 spectacula
887 4941 1116 5008 concurrere:
1156 4923 1215 4987 sed
1266 4920 1360 5010 ipsos
1382 4943 1587 5004 congressus
1608 4915 1731 4986 scitote
1759 4915 2038 5004 gravi‘consilio
2073 4919 2239 4988 institutos
2293 4947 2294 4992 t

231 5013 395 5084 mirando
409 5011 474 5085 Dei
491 5017 660 5099 consilio,
692 5041 830 5108 semper
853 5032 972 5087 coetus
995 5019 1133 5112 aliquos
1147 5015 1217 5089 Ec·
1265 5046 1349 5106 esse,
1375 5023 1469 5114 qnod
1490 5046 1529 5088 ex
1545 5045 1586 5086 eo
1603 5017 1801 5106 intelligere
1819 5020 1972 5107 potestis,
1998 5017 2080 5111 qnia
2098 5015 2155 5090 hic
2170 5042 2239 5084 nra·
2293 5003 2294 5082 l

229 5115 415 5186 elesiarum
433 5133 467 5188 et
483 5115 782 5189 scholasticorum
802 5134 833 5198 et
851 5119 978 5203 luisse,
1005 5135 1039 5190 et
1059 5138 1216 5190 servatos
1265 5124 1379 5192 tiones
1397 5127 1440 5192 de
1458 5121 1639 5203 doctrina,
1666 5133 1702 5188 ct
1722 5121 1767 5187 de
1791 5120 1962 5188 virtutum
1986 5121 2092 5188 laude
2117 5117 2237 5190 habeu-
2293 5155 2294 5188 t

229 5241 322 5299 esse,
351 5237 389 5288 ut
405 5217 564 5290 doctrina
581 5223 625 5289 de
641 5219 715 5291 Deo
742 5237 777 5292 et
792 5219 872 5290 aliis
891 5223 996 5291 rebus
1013 5221 1116 5304 bonis
1133 5249 1216 5312 pro·
1264 5237 1334 5296 tur.
1368 5223 1488 5314 Quare
1504 5222 1641 5306 utdixi,
1667 5233 1802 5318 mentes
1817 5215 1887 5290 hue
1906 5223 1978 5314 pias
1994 5234 2029 5290 et
2046 5224 2136 5292 bene
2153 5242 2236 5290 com·

227 5335 424 5410 pagaretur.
493 5319 646 5415 Fuitqne
678 5347 816 5413 semper
840 5317 898 5391 hie
931 5345 1089 5394 summus
1122 5325 1216 5394 vitae
1265 5329 1396 5416 positas
1419 5324 1605 5408 adferatis,
1642 5335 1676 5392 et
1699 5333 1779 5391 vota
1810 5345 1874 5412 pro
1908 5323 2091 5392 literarum
2128 5318 2237 5394 studiis
2293 5359 2294 5362 ¹

226 5421 368 5511 gradus.
418 5421 559 5494 Deinde
586 5439 618 5494 et
643 5425 782 5496 ardenti
804 5437 943 5519 pectore
964 5421 1045 5494 Deo
1070 5438 1214 5496 aeterno
1263 5427 1416 5497 subinde
1432 5427 1526 5518 apud
1542 5426 1680 5495 animos
1696 5435 1829 5493 vestros
1845 5423 2081 5512 ingeminetis.

2293 5537 2294 5580 ι

2292 5581 2294 5636 l

2293 5639 2294 5700 l

2293 5731 2294 5801 l
