4718 5828
251 151 302 232 59
660 205 663 212 .
745 139 906 226 DECL.
938 140 1015 222 ΒΕ
1044 139 1325 224 ΕΝΟΟΜΙΟ
1355 141 1797 240 ELOQUENTIAE.
2233 155 2275 227 to

252 353 333 404 cero
351 321 465 398 dixit?
498 317 598 416 Quid
618 317 760 390 civilius
776 341 816 389 ca
839 317 957 410 legum
974 319 1251 414 praedicatione,
1298 318 1456 406 sbdidit,
1486 320 1678 414 feruntque
1700 320 1978 413 pertinacissime
1999 323 2162 394 fraudato
2183 325 2276 415 genio
2330 365 2331 420 3

253 455 361 530 quam
384 451 426 500 ex
446 415 719 498 Demosthenica
739 420 901 492 oratione
922 417 1019 495 nord
1042 415 1251 520 dpcocoysi·
1300 421 1489 494 lucubrare
1524 422 1682 496 solitum.
1739 420 1873 518 Estque
1908 419 2128 514 Plutarchus
2152 422 2277 513 author,
2330 459 2331 498 ;

254 557 363 614 revoc
379 524 627 600 Iurisconsulti
643 523 682 594 in
699 547 780 594 suos
800 525 1071 602 commentarios
1093 538 1251 598 transtu·
1299 523 1456 595 lucernis
1477 538 1586 597 noctu
1616 547 1720 596 usum
1749 551 1823 596 esse
1844 527 2021 611 adsiduis,
2051 531 2164 598 donec
2183 529 2277 622 quiu-
2330 555 2331 618 t

256 635 350 708 lere?
382 630 453 704 Sed
476 649 647 722 quorsum
672 625 797 696 attinet
820 619 878 696 hic
908 627 1079 718 prolixius
1100 625 1251 718 scripto·
1301 628 1541 721 quagesimum
1558 651 1692 696 annum
1712 628 1839 719 attigit.
1890 628 2208 700 Didiceruntenim
2221 655 2278 702 usu
2330 659 2331 694 2

255 762 336 811 rum
355 723 540 834 ἐγκώμιον
555 729 693 800 texere?
728 726 829 817 Quin
843 727 911 818 ipsi
926 727 1252 821 periculumiacitc,
1302 729 1569 822 prudentissimi
1585 724 1768 814 homines,
1793 753 1900 824 quam
1916 753 1991 802 non
2005 732 2163 822 vulgaris
2181 733 2277 802 artib-

257 839 345 936 quid
364 861 406 906 cx
426 831 581 904 classicis
598 830 747 925 quisque
762 841 932 921 praestet,
959 844 1092 926 quanta
1113 829 1251 922 perspi·
1302 832 1352 902 cis
1365 833 1429 912 sit,
1456 831 1613 901 dilucide
1627 843 1776 925 apteque
1791 833 1919 902 dicere.
1972 831 2021 904 At
2036 857 2078 906 ex
2094 835 2277 904 noscentu-

258 935 581 1028 cuitatcgratiaque
603 933 723 1002 omnia
739 931 903 1026 explicet,
929 957 1035 1026 quam
1056 935 1252 1026 prudenter
1304 935 1454 1004 venibus
1495 933 1777 1026 quotusquisque
1817 935 1874 1004 vel
1914 949 2086 1027 perpetuo
2119 937 2277 1005 decennio
2330 983 2331 1008 i

257 1042 378 1118 omnia
395 1037 547 1126 colligat,
573 1035 722 1128 quaead
739 1032 940 1106 institutum
955 1035 1146 1126 pertinent.
1173 1032 1252 1104 Nisi
1302 1059 1415 1106 tinum
1431 1035 1586 1128 aliquem
1601 1035 1815 1107 versiculum
1829 1037 1983 1108 scribere
2002 1037 2180 1108 instituit?
2211 1037 2279 1108 Pte.
2330 1065 2331 1078 ¹

259 1145 356 1218 enim
371 1144 416 1211 ad
432 1135 562 1210 horum
579 1135 812 1207 imitationem
830 1149 863 1206 te
877 1159 1081 1228 componas,
1106 1157 1252 1230 prorsus
1303 1138 1405 1230 rique
1423 1137 1725 1227 compendiariam
1743 1140 1837 1208 viam
1852 1140 1895 1208 ad
1913 1141 2195 1231 consequendam
2210 1163 2279 1210 eru-
2330 1123 2331 1184 l

260 1244 480 1338 desperanda
497 1251 548 1310 cst
564 1238 810 1308 rectediccndi
828 1238 1080 1334 iudicandiquc
1093 1239 1252 1310 facultas
1304 1241 1476 1310 ditionem
1493 1263 1567 1310 esse
1580 1251 1745 1322 pensent,
1768 1241 1919 1334 siquam
1942 1239 2095 1333 plurima
2117 1242 2279 1311 audierint

261 1348 447 1440 Superest,
479 1355 519 1413 ut
543 1341 739 1410 iudicemus
770 1353 804 1410 et
831 1341 978 1410 alteram
999 1365 1158 1426 causam,
1189 1363 1253 1410 cur
1305 1355 1365 1412 aut
1378 1343 1541 1431 legerint.
1569 1339 1692 1434 ltaque
1706 1342 1769 1410 elii
1785 1353 1877 1413 totos
1892 1342 1967 1412 dies
1982 1365 2122 1412 sursum
2139 1367 2177 1412 ac
2191 1346 2278 1412 deor·

262 1447 483 1544 eloquentiae
497 1441 625 1514 studiis
639 1442 812 1512 iudicium
831 1442 910 1512 acui
932 1443 1169 1516 statuerimus.
1213 1441 1253 1510 ld
1305 1467 1383 1514 sum
1397 1457 1559 1526 currunt,
1573 1439 1710 1514 scholas
1724 1467 1847 1514 omnes
1863 1457 2076 1536 perceptam,
2094 1458 2278 1536 praecepto-

261 1577 347 1623 vero
364 1551 422 1634 lit,
447 1549 542 1640 quod
558 1546 648 1614 bene
663 1543 806 1614 dicendi
821 1567 905 1613 cura
927 1569 991 1636 per
1007 1567 1080 1614 sese
1096 1543 1251 1634 vegetio·
1307 1569 1361 1616 res
1384 1545 1512 1636 passim
1535 1547 1705 1636 audiunt,
1731 1545 1979 1639 miranturque
1994 1571 2069 1618 non
2090 1547 2278 1630 intellectos,
2330 1541 2331 1628 i

261 1679 336 1726 rem
350 1651 510 1724 animum
527 1647 663 1730 reddit,
684 1660 724 1716 ut
740 1646 825 1739 quid
843 1645 882 1714 in
896 1647 1255 1742 quaqueremaximc
1307 1649 1434 1720 dictata
1448 1647 1648 1740 excipiunt,
1674 1648 1875 1718 uncialibus
1889 1648 2001 1718 literis
2022 1644 2185 1720 elenchos
2200 1673 2280 1718 com·

262 1753 464 1836 conveniat,
489 1762 551 1820 aut
568 1747 690 1840 prosit,
715 1748 845 1818 rectius
860 1749 1057 1840 perspiciat.
1109 1747 1199 1819 Nam
1215 1761 1256 1818 ut
1306 1749 1562 1820 mcutariorum
1582 1763 1726 1834 notant,
1752 1750 1865 1820 minio
1883 1751 2071 1822 illustrant.
2126 1749 2279 1842 lnprecio

263 1879 450 1950 corporum
467 1852 579 1922 robur
596 1849 761 1922 exercitio
786 1851 990 1920 confirmari
1009 1852 1181 1935 videmus,
1207 1850 1255 1919 ita
1308 1865 1391 1923 sunt
1403 1852 1628 1942 interpretes,
1651 1853 1836 1945 quiquam
1859 1853 2012 1943 plurima
2028 1854 2193 1924 dictando
2207 1866 2282 1920 tem·
2330 1873 2331 1946 t

263 1959 341 2034 fieri
366 1953 508 2049 nequit,
545 1953 633 2045 quin
659 1945 849 2022 hebescunt
875 1976 997 2023 corum
1024 1953 1155 2032 animi,
1192 1951 1255 2045 qui
1310 1965 1375 2046 pus
1398 1949 1608 2037 extrahunt,
1639 1977 1705 2022 nec
1723 1954 1911 2048 quisquam
1931 1955 2074 2024 semisse
2097 1967 2280 2046 praecepto-

264 2061 366 2136 nullo
391 2055 577 2147 ingenioso
608 2053 731 2124 labore
758 2053 965 2126 excitantur.
1017 2053 1163 2126 Nemini
1188 2055 1258 2122 du·
1309 2081 1383 2126 rem
1398 2054 1624 2148 emerit,‚qui
1638 2057 1683 2124 ab
1700 2051 2034 2126 hacconsuetudine
2051 2059 2108 2128 vel
2124 2073 2281 2130 transver-

264 2167 365 2238 bium
390 2173 460 2238 est,
486 2156 575 2250 quin
595 2156 748 2225 multum
774 2157 948 2228 conducat
971 2159 1146 2226 bonorum
1169 2155 1257 2226 scri·
1309 2181 1386 2228 sum
1402 2179 1556 2246 unguem
1573 2157 1782 2228 discesserit.
1834 2156 1993 2229 Rursum
2011 2158 2072 2227 alii
2089 2161 2194 2244 domo
2210 2179 2280 2226 nus·

265 2277 411 2361 ptorum
432 2259 552 2330 lectio:
581 2253 714 2326 Verum
736 2255 805 2325 nisi
825 2259 869 2331 ad
890 2257 987 2328 illam
1003 2259 1183 2330 scribendi
1201 2256 1258 2325 di.

267 2365 440 2457 cendique
457 2360 675 2431 cousuetudo
694 2359 892 2444 accesserit,
922 2385 1037 2454 neque
1061 2359 1257 2453 perspicere

151 2479 155 2488 '
267 2468 351 2542 satis
373 2477 473 2536 acute
497 2461 628 2554 poteris
655 2461 800 2530 illorum
823 2463 1013 2531 sententias
1035 2487 1075 2530 ac
1098 2461 1259 2543 virtutes,

267 2593 383 2664 neque
414 2565 533 2637 animo
561 2575 690 2632 certam
719 2561 902 2631 iudicandi
928 2561 1259 2654 commentandique

268 2669 426 2764 regulam
449 2663 645 2755 concipere.
696 2661 887 2753 Propterea
910 2667 952 2734 ad
983 2665 1258 2756 comparandam

267 2791 345 2850 tum
369 2765 560 2863 loquendi,
592 2781 668 2836 tum
696 2765 879 2836 iudicandi
905 2767 1124 2850 facultatem,
1163 2761 1260 2834 nihil

196 2875 205 2884 '
268 2871 418 2972 perinde
441 2869 677 2939 necessarium
702 2882 770 2950 est,
805 2880 911 2960 atquc
933 2869 1016 2962 styli
1043 2869 1260 2939 exercitium.

269 2977 368 3070 Quid
394 2974 489 3043 cuim
512 2971 611 3039 aliud
633 2969 773 3040 volebat
790 2963 983 3055 Ascanius,
1014 2995 1095 3042 cum
1117 2973 1261 3060 lingeret

166 3165 171 3174 ,
269 3104 339 3152 usu
358 3089 457 3170 patre
480 3073 686 3163 sapientiam
712 3084 918 3162 prognatam
935 3095 1026 3158 esse,
1047 3097 1153 3166 quam
1175 3071 1261 3142 assi·

270 3185 342 3254 duo
362 3173 505 3248 dicendi
527 3173 859 3265 commentandique
877 3174 995 3244 studio
1019 3173 1178 3244 animum
1202 3199 1263 3244 ex-

270 3279 452 3378 pergefieri
468 3300 508 3344 ac
525 3275 684 3346 erudiri?
716 3271 879 3368 Reliquit
893 3276 930 3344 iu
946 3301 1023 3346 cam
1040 3275 1263 3364 sententiam,

271 3385 415 3476 dignam
430 3379 637 3448 memoriam
659 3377 872 3467 posteritatis
886 3401 1008 3448 vocem
1025 3375 1264 3468 Anaxagoras,

271 3483 342 3582 τὴν
364 3483 493 3578 χεῖρα,
538 3473 673 3578 σοφίας
698 3472 823 3551 αἰτίαν
852 3473 967 3569 εἶναι,
1006 3481 1101 3574 quod
1123 3479 1263 3548 videbat

273 3605 366 3660 artes
389 3607 512 3656 omnes
530 3607 597 3654 usu
618 3581 831 3673 comparari,
857 3581 1005 3676 ocioquc
1025 3581 1167 3672 ingenia
1192 3583 1265 3651 lere

273 3691 499 3765 sterilescere.
542 3683 631 3754 Nam
648 3697 688 3753 ut
703 3677 923 3753 mechanicas
938 3699 1029 3754 artes
1047 3685 1263 3776 experiundo

274 3792 453 3872 discimus,
479 3809 594 3882 neque
610 3785 797 3876 quisquam
815 3798 887 3854 tam
903 3787 1047 3854 demens
1063 3799 1126 3869 est,
1152 3785 1214 3878 qui
1230 3807 1266 3852 se

275 3919 358 3966 mox
381 3890 533 3982 Apellen
564 3889 640 3956 sore
667 3883 837 3970 confidat,
868 3885 931 3956 ubi
961 3886 1168 3978 penicillum
1193 3884 1267 3976 pri-

274 4019 374 4067 mum
400 3995 439 4061 in
465 4012 590 4060 manus
613 3987 800 4078 acceperit,
824 3988 873 4058 ita
893 3989 1007 4059 multo
1025 4012 1091 4059 usu
1113 3989 1267 4056 assueta-

277 4097 401 4170 cienda
418 4115 517 4162 mens
533 4107 601 4176 cst,
627 4104 668 4160 ut
682 4112 755 4159 sese
771 4091 939 4160 acriusin
955 4091 1077 4160 omnia
1097 4090 1267 4160 intendat.

278 4199 403 4317 ltaque
432 4209 570 4265 tantum
603 4192 695 4286 stylo
727 4191 852 4262 tribuit
878 4191 1021 4262 Marcus
1051 4189 1197 4273 Cicero,
1227 4203 1268 4260 ut

278 4317 453 4395 optimum
478 4310 511 4367 ct
539 4291 877 4388 praestantissimum
900 4294 1042 4364 dicendi
1069 4294 1267 4364 effectorem

278 4429 319 4476 ac
346 4401 551 4490 magistrum
580 4419 653 4465 csse
680 4395 877 4486 scripserit,
912 4397 1105 4490 solitusque
1136 4397 1181 4466 sit
1206 4419 1270 4487 per

277 4506 414 4587 ocium,
449 4501 535 4569 alias
557 4523 575 4568 e
594 4495 740 4567 Graecis
761 4495 890 4568 Latina
910 4499 1042 4582 facere,
1068 4499 1154 4568 alias
1178 4521 1268 4568 nova

279 4608 425 4687 cudere,
452 4603 538 4671 alias
553 4600 768 4682 declamare,
794 4625 862 4691 qua
885 4600 1059 4670 industria
1077 4613 1111 4670 et
1135 4599 1267 4689 ingenii

278 4708 352 4784 vim
375 4731 414 4774 ac
438 4705 596 4793 vigorem
626 4702 790 4772 tuebatur
817 4715 853 4772 et
881 4703 1119 4794 locupletabat
1145 4703 1270 4770 facun-

280 4809 388 4881 diam.
440 4805 499 4877 Sic
516 4805 611 4874 enim
630 4805 674 4871 de
689 4825 724 4871 se
741 4802 815 4893 ipse
838 4803 876 4872 in
889 4801 1023 4890 Bruto,
1047 4805 1195 4896 nequid
1219 4815 1270 4870 te-

277 4936 375 4983 mere
393 4906 612 4980 comminisci
636 4905 772 4974 videar:
808 4929 874 4975 nos
890 4919 1006 4976 autem
1030 4931 1104 4978 nou
1127 4905 1272 4976 desiste-

279 5017 423 5097 bamus,
448 5035 528 5082 cum
544 5007 642 5079 omni
658 5029 784 5096 genere
804 5007 1081 5088 exercitationis,
1105 5024 1180 5080 tum
1197 5031 1271 5076 ma-

278 5117 373 5186 xime
389 5113 492 5208 stylo,
513 5125 672 5184 nostrum
689 5109 779 5180 illud
796 5109 890 5202 quod
907 5121 991 5192 crat,
1017 5132 1143 5199 augere
1159 5135 1272 5204 quan·

279 5234 498 5310 tumcunque
516 5204 608 5283 erat.
670 5206 928 5283 Demosthenes
959 5212 1170 5305 aliquandiu
1199 5237 1272 5280 me-

279 5319 448 5392 ditandae
472 5315 644 5392 orationis
672 5338 774 5384 causa
797 5337 833 5390 se
864 5313 901 5385 in
926 5336 1067 5402 specum
1094 5315 1271 5410 quendam

1310 2271 1415 2354 quam
1441 2260 1565 2349 pedem
1590 2261 1792 2348 proferunt,
1818 2259 1990 2353 librisque
2006 2284 2043 2330 se
2058 2274 2222 2354 tanquam
2236 2259 2281 2349 pi-

1310 2363 1421 2430 strino
1453 2360 1594 2428 cuidam
1623 2361 1811 2447 addicunt,
1843 2357 1981 2433 chartas
2008 2363 2159 2432 volvunt
2180 2383 2215 2430 ac
2237 2385 2281 2430 re-

1311 2463 1478 2546 volvunt,
1503 2463 1625 2532 beatos
1648 2485 1683 2531 se
1704 2475 1849 2553 putant,
1876 2464 1938 2533 ubi
1954 2465 2116 2556 quotidie
2136 2485 2281 2550 magnum

1311 2587 1500 2635 numerum
1522 2559 1723 2634 chartarum
1746 2565 1996 2654 percurrerint.
2047 2561 2109 2635 An
2125 2589 2195 2636 nou
2209 2563 2282 2634 utri-

1314 2671 1381 2760 que
1413 2665 1534 2736 miseri
1569 2667 1755 2746 videntur,
1799 2692 1878 2738 cum
1911 2680 2012 2740 tanto
2046 2669 2184 2752 labore,
2218 2681 2283 2736 tan-

1312 2783 1417 2862 taque
1454 2769 1669 2838 valetudinis
1704 2767 1836 2838 iactura
1871 2769 2031 2861 desipere
2073 2785 2208 2842 tantum
2237 2767 2283 2836 di-

1314 2883 1424 2942 scant.
1476 2867 1639 2940 Primum
1655 2869 1750 2940 enim
1767 2871 1837 2938 nisi
1851 2871 1943 2964 stylo
1959 2873 2132 2944 excitetur
2151 2872 2282 2952 animus,

1314 2996 1376 3065 per
1402 2995 1474 3042 sese
1500 2967 1674 3042 hebescit:
1708 2972 1837 3042 deinde
1866 2997 1945 3044 cum
1973 2973 2162 3046 immodica
2184 2997 2218 3042 se
2238 2971 2283 3039 vel

1315 3073 1589 3159 auscultatione,
1615 3073 1670 3142 vel
1693 3073 1843 3146 lectione
1866 3076 2044 3159 obruunt,
2079 3077 2283 3168 ingeniorum

1315 3177 1444 3260 aciem,
1465 3175 1578 3268 siqua
1594 3175 1759 3265 contigit,
1785 3178 2002 3248 obtundunt.
2038 3175 2116 3248 lam
2132 3194 2164 3250 ct
2178 3177 2283 3247 iudicii
2330 3233 2331 3262 ,

1316 3277 1435 3368 iuopia
1458 3277 1518 3362 lit,
1552 3291 1593 3346 ut
1616 3277 1689 3346 iere
1713 3279 1863 3368 pessima
1890 3303 2049 3372 quaeque
2081 3281 2285 3374 cupidissime
2330 3267 2331 3338 ἶ

1316 3379 1463 3450 audiant
1494 3401 1534 3447 ac
1563 3379 1700 3469 legant,
1733 3403 1779 3448 ue
1807 3405 1880 3450 nou
1915 3383 2026 3452 multa
2058 3397 2285 3475 pervagentur.
2330 3379 2331 3418 l

1318 3479 1419 3570 Quos
1445 3481 1475 3550 si
1502 3481 1581 3573 quis
1612 3505 1676 3550 ceu
1710 3483 1857 3552 domum
1889 3498 2072 3555 revocatos
2104 3487 2286 3574 interroget,
2330 3495 2331 3582 ζ

1319 3585 1406 3677 quid
1435 3577 1680 3653 hac'discendi
1705 3585 1843 3653 ratione
1872 3598 2083 3678 sequantur,
2118 3589 2194 3682 quis
2213 3586 2286 3666 linis,
2330 3619 2331 3624 κ

1318 3709 1409 3778 quae
1426 3698 1516 3753 meta
1531 3684 1650 3754 animo
1673 3687 1852 3776 proposita
1868 3687 1933 3772 sit,
1958 3688 2133 3780 intelliget
2149 3713 2219 3759 non
2235 3687 2287 3754 ali·
2330 3757 2331 3760 ,

1318 3801 1372 3856 ter
1400 3809 1440 3854 ac
1468 3799 1586 3854 mente
1614 3791 1764 3876 captos,
1784 3789 1872 3880 quid
1902 3803 2006 3878 agant
2036 3794 2181 3864 nescire.
2229 3789 2285 3858 Ncc
2330 3781 2331 3810 ¹

1319 3887 1415 3957 enim
1430 3889 1486 3956 vel
1502 3888 1706 3973 sententias,
1727 3890 1783 3958 vel
1804 3913 2000 3962 sermonem
2017 3895 2224 3985 scriptorum
2235 3891 2287 3960 ob-
2330 3939 2331 3990 3

1319 4003 1470 4069 servant,
1497 4013 1576 4058 cum
1593 3989 1758 4059 imitandi
1772 4015 1855 4062 cura
1872 4007 2005 4064 vacent.
2046 3994 2201 4068 Tantum
2218 4015 2287 4062 oco-

1320 4093 1363 4160 lis
1379 4092 1594 4184 auribusque
1618 4093 1803 4182 negocium
1823 4094 1976 4181 faciunt,
2002 4097 2144 4168 animus
2164 4095 2287 4166 interim
2330 4081 2331 4094 ¹

1321 4191 1592 4284 Epimenideum
1615 4196 1792 4285 quendam
1814 4219 1979 4270 somnum
1995 4199 2146 4270 dormit:
2169 4214 2286 4269 etcum

1321 4295 1461 4364 nullum
1481 4308 1614 4364 certum
1637 4297 1815 4387 exemplar
1833 4299 2029 4390 exprimere
2052 4304 2228 4384 studeant,
2248 4297 2287 4376 bt,

1321 4410 1409 4468 utet
1423 4395 1566 4467 dicendi
1585 4409 1619 4465 et
1636 4397 1817 4470 iudicandi
1833 4401 1923 4470 ratio
1938 4404 2161 4493 depravetur.
2211 4398 2288 4470 Gra-

1322 4500 1455 4570 tulatur
1476 4499 1545 4567 sibi
1561 4496 1816 4571 Demosthenes
1831 4505 1924 4594 apud
1941 4501 2175 4576 Athenienses
2190 4504 2288 4574 dictu-

1322 4625 1402 4681 rus,
1434 4602 1529 4693 quod
1546 4600 1614 4691 ipsi
1629 4625 1691 4691 pec
1706 4626 1778 4672 sese
1795 4627 1884 4697 quae
1905 4607 2036 4698 optima
2060 4607 2129 4678 sint
2151 4613 2288 4677 cernant

1322 4700 1372 4772 At
1384 4727 1450 4773 nos
1464 4702 1546 4796 styli
1561 4705 1763 4774 exercitium
1780 4708 2023 4796 praedicamus
2037 4704 2111 4795 his,
2137 4709 2196 4803 qui
2210 4727 2289 4775 nun·
2330 4755 2331 4762 .

1323 4829 1427 4898 quam
1449 4805 1646 4896 periculum
1671 4806 1722 4876 rei
1744 4807 1920 4894 iecemnt,
1945 4833 2011 4880 nec
2030 4811 2289 4886 commotorum

1323 4929 1412 5000 quae
1432 4931 1550 4976 secum
1567 4901 1651 4976 haec
1670 4911 1870 4981 exercitatio
1888 4913 2019 4998 adlert,
2046 4915 2117 4984 vim
2141 4911 2290 5003 amplitu-

1323 5007 1515 5102 dinemque
1530 5009 1586 5077 vel
1602 5023 1914 5100 pertransennam
1930 5015 2097 5087 viderunt
2105 5045 2118 5097 ,·
2142 5039 2209 5110 quo
2229 5031 2291 5078 ma·

1323 5111 1374 5200 gis
1397 5125 1536 5193 metuo,
1568 5135 1613 5180 nc
1634 5135 1759 5201 parum
1782 5114 1865 5184 fidei
1887 5111 2015 5189 habeat
2034 5119 2147 5189 oratio
2176 5125 2291 5192 nostra,

1323 5237 1402 5282 cum
1424 5214 1515 5306 stylo
1539 5225 1677 5282 tantum
1699 5216 1902 5292 tribuimus.
1954 5217 2086 5290 Verum
2110 5221 2140 5290 si
2161 5215 2233 5311 quis
2251 5223 2292 5280 cst

1323 5339 1399 5386 non
1424 5317 1528 5408 plane
1555 5315 1702 5410 iniquus
1725 5315 1859 5405 Musis,
1892 5321 1922 5390 is
1942 5325 2036 5414 apud
2060 5345 2096 5393 se
2124 5317 2290 5412 expendat,
