4646 5824
217 259 297 401 m
662 297 819 388 occu
859 293 936 374 ue
967 293 1151 374 uacuo
1183 295 1377 378 raum:
1417 293 1569 376 oens
1600 294 1710 378 ess·
1737 299 1822 382 aas.
2176 301 2253 376 m

222 513 336 572 strum
360 489 475 563 lesum
498 477 681 556 Christum
706 473 920 570 piscatorem
942 467 1147 558 coustituit,
1180 483 1216 542 et
1262 483 1440 546 certamen
1455 483 1490 544 et
1506 469 1544 542 in
1560 471 1671 544 eciem
1685 469 1817 554 mittit,
1837 469 2053 556 ubisliosin
2069 473 2140 546 alia
2156 489 2257 570 parte

223 595 417 674 Ecclesiam
432 586 502 658 sibi
518 597 697 656 aeternam
713 571 1018 648 cohaereditatem
1033 571 1107 644 filio
1130 595 1215 644 voce
1263 571 1532 666 gubernationis
1553 573 1647 646 vitae
1671 595 1830 646 exercere
1849 589 1989 666 oportet
2004 575 2130 664 lislam,
2153 579 2259 648 invo-

223 693 407 786 Evangelii
431 686 576 776 colligit.
627 679 790 772 Denique
812 675 908 770 qcrod
924 675 963 744 in
979 699 1059 746 meo
1075 687 1216 766 pectore
1264 675 1460 756 cntionem,
1494 675 1680 762 timorem,
1717 675 1969 748 obedientiam.
2032 675 2131 750 llaec
2153 678 2260 748 initii

226 794 415 888 Evangelii
445 793 560 860 lucem
592 777 765 854 accendit.
822 775 870 848 Et
897 797 978 861 oro,
1011 789 1051 846 ut
1072 789 1218 868 propter
1265 801 1311 847 an
1326 777 1365 845 in
1383 787 1524 868 pectore
1539 789 1601 866 tuo
1617 799 1760 848 accensa
1777 775 1868 864 sint,
1899 777 2083 849 manifeste
2099 780 2261 851 iudicare

227 902 341 972 filium
369 917 474 966 suum
502 885 699 960 Dominum
731 879 847 952 lesum
879 872 1062 948 Christum
1104 899 1218 946 nicam
1266 893 1377 972 potes,
1434 873 1530 962 Scis,
1561 899 1608 948 an
1631 889 1672 948 nt
1686 875 1859 972 Cyclopes
1877 891 1938 951 aut
1957 873 2147 970 Epicurei,
2174 905 2262 952 con.

228 1012 402 1081 mentem,
429 1013 569 1073 vocent,
594 983 730 1068 studia,
754 978 902 1052 consilia
921 979 1054 1058 omnia,
1081 975 1219 1070 Spiritu
1268 997 1403 1053 temnas
1417 977 1548 1048 Deum:
1574 1001 1620 1046 an
1634 992 1674 1050 ut
1687 979 1749 1048 alii
1765 981 1928 1072 superbi,
1949 976 2263 1075 quil‘hilosopho-

229 1125 294 1174 suo
310 1111 430 1170 sancto
445 1091 638 1186 gubernet,
663 1082 753 1154 sicut
764 1079 928 1174 promisit
938 1077 1047 1150 filius:
1074 1077 1219 1168 Quanto
1268 1103 1348 1151 rum
1365 1079 1553 1170 opiniones
1567 1081 1611 1150 dc
1625 1077 1702 1150 Deo
1717 1096 1856 1162 amant,
1882 1083 2080 1171 asperneris
2096 1079 2263 1172 Evange-

231 1203 343 1294 magis
353 1212 452 1290 pater
469 1205 583 1264 vester
598 1179 1043 1272 coelestisdabitSpiritum
1059 1195 1220 1250 sanctum
1270 1183 1371 1252 lium.
1430 1179 1489 1252 An
1515 1205 1599 1250 vero
1626 1175 1717 1250 hanc
1744 1203 1853 1252 unam
1879 1181 2076 1254 doctrinam
2105 1187 2151 1254 de
2176 1183 2263 1266 Deo,

231 1297 460 1398 petentibus?
509 1291 607 1363 Haec
624 1303 726 1368 vota,
751 1309 840 1378 quae
857 1305 957 1374 saepe
971 1279 1131 1375 qnotidie
1147 1305 1218 1350 me
1271 1307 1334 1376 per
1357 1277 1571 1374 Prophetes,
1602 1277 1785 1354 Christum
1816 1295 1847 1352 et
1873 1279 2065 1374 Apostolos
2088 1309 2264 1378 propaga.

234 1429 315 1478 cum
330 1413 471 1492 repeto,
495 1417 592 1465 nunc
608 1391 700 1460 clara
715 1409 799 1456 voce
822 1385 860 1452 in
876 1380 1032 1454 Ecclesia
1047 1381 1117 1454 Dei
1134 1382 1224 1450 reci·
1272 1399 1361 1468 tam,
1388 1406 1505 1454 veram
1523 1405 1597 1452 esse
1613 1397 1760 1470 statuas,
1784 1398 1819 1454 et
1834 1405 1880 1454 an
1893 1407 1968 1453 eam
1984 1409 2147 1456 sionnam
2164 1387 2265 1480 sequi

234 1521 291 1587 ²⁰2
324 1516 366 1574 ul
387 1523 450 1592 pro
473 1521 530 1567 me
554 1508 588 1564 el
611 1515 676 1583 pro
705 1511 777 1558 sese
802 1485 932 1575 singuli
958 1507 1035 1554 meo
1063 1484 1223 1574 exemplo
1273 1485 1359 1554 velis
1382 1485 1420 1554 in
1442 1485 1507 1556 Dei
1526 1485 1750 1555 invocatione
1771 1485 2117 1562 etcaeterisusficiis.
2169 1485 2266 1558 llaec

235 1609 329 1676 idem
348 1614 554 1695 precentur,
580 1608 621 1664 ut
634 1591 728 1662 filius
745 1588 811 1660 Dei
833 1585 1001 1679 peculiari
1018 1585 1225 1677 promissio-
1275 1585 1445 1672 intelligi,
1469 1585 1564 1656 cerui
1584 1599 1618 1656 et
1631 1583 1781 1656 iudicari
1800 1601 1959 1678 possunt.

235 1732 281 1778 uc
308 1725 532 1776 communem
564 1693 799 1788 precationem
824 1687 984 1772 ornavit,
1017 1689 1154 1757 dicens:
1186 1683 1226 1756 Si
1376 1684 1500 1780 ltaque
1527 1687 1590 1758 ubi
1620 1687 1691 1757 iam
1717 1702 1800 1760 suut
1832 1681 1917 1760 haec
1943 1689 2078 1760 semina
2109 1689 2268 1781 pietatis,

236 1811 309 1880 duo
328 1831 370 1877 ex
393 1803 494 1873 vobis
517 1792 760 1870 consenserint
780 1791 818 1858 iu
840 1803 950 1874 terra,
979 1785 1147 1882 quicquid
1165 1811 1228 1879 pe-
1275 1789 1358 1883 quia
1388 1787 1577 1860 difficultas
1602 1789 1868 1878 gubernationis
1897 1790 2009 1876 vitae,
2044 1803 2080 1862 et
2109 1793 2266 1883 pericula
2312 1803 2313 1836 ³

236 1922 330 1993 tent,
355 1906 500 1977 dabitur
514 1901 564 1970 eis
581 1923 600 1968 a
617 1909 715 1988 patre
729 1917 807 1962 cneo
823 1889 976 1962 coelesti.
1275 1889 1446 1984 paulatim
1467 1889 1578 1979 magis
1600 1889 1888 1982 conspiciuntur,
1911 1891 2108 1962 multorum
2128 1895 2267 1964 animos

262 2025 264 2030 .
341 1995 566 2078 Nudcvenio
587 1997 792 2067 adulteram
817 1989 1226 2082 meimuuerispartem.
1277 1994 1325 2064 ita
1342 1992 1530 2080 frangunt,
1555 2003 1597 2062 ut
1618 1993 1770 2084 quadam
1794 1992 1945 2061 mollitie
1960 1993 2130 2066 obiiciant
2148 1995 2267 2082 fidem,

238 2111 350 2203 Saepe
372 2121 488 2180 autem
503 2104 545 2174 ad
562 2123 615 2168 me
630 2095 883 2168 consolandum
900 2106 934 2162 ct
946 2092 1229 2162 confirmandum
1277 2107 1312 2163 ct
1333 2087 1397 2161 hos
1418 2115 1564 2180 magnos
1583 2091 1741 2178 labores,
1766 2115 1854 2184 quos
1868 2089 2047 2163 Ecclesiae
2069 2095 2268 2188 propositae

239 2213 354 2303 cogito
387 2205 491 2278 Pauli
518 2204 674 2282 dictum,
705 2198 800 2290 quod
832 2207 925 2266 extat
948 2193 987 2262 in
1013 2193 1160 2285 epistola
1183 2191 1229 2260 ad
1278 2193 1411 2264 vident.
1473 2191 1543 2262 llic
1569 2215 1709 2264 neccsse
1737 2205 1791 2264 est
1819 2193 2070 2283 languentibus
2095 2197 2268 2268 auxilium
2313 2168 2314 2240 i

239 2311 504 2404 Philippenses:
543 2301 640 2374 Deus
661 2313 730 2383 est,
764 2295 826 2390 qui
850 2293 957 2364 efficit
977 2294 1014 2362 in
1038 2295 1161 2378 nobis,
1189 2304 1231 2363 ut
1279 2296 1483 2380 ostendere,
1507 2307 1541 2364 et
1556 2293 1771 2386 trepidantes
1785 2293 2007 2370 confirmare.

54 2451 58 2458 ·
139 2437 147 2448 ·
240 2415 375 2492 velitis,
401 2425 435 2482 et
448 2422 487 2480 ut
503 2401 708 2500 perficiatis,
730 2411 770 2468 ut
784 2397 903 2489 aliqna
917 2395 985 2486 ipsi
999 2409 1095 2486 grata
1112 2395 1205 2468 fiant
1381 2393 1441 2466 Sic
1469 2415 1553 2484 ergo
1584 2389 1677 2464 hanc
1705 2393 1808 2466 Pauli
1836 2397 2046 2467 seutentiam
2070 2399 2270 2483 audiamus,

341 2514 437 2585 llaec
453 2505 624 2580 sententia
640 2525 718 2571 cum
735 2495 822 2567 mihi
841 2499 1033 2566 admodum
1048 2493 1232 2565 familiaris
1281 2519 1355 2566 nou
1384 2509 1424 2567 ut
1452 2497 1602 2566 stoicum
1631 2495 1764 2566 dictum
1796 2497 1976 2566 deterrens
1998 2521 2083 2584 nos,
2116 2503 2270 2594 nequid

240 2617 307 2700 sit,
334 2637 430 2702 nunc
447 2630 588 2705 quoqne
610 2605 653 2672 de
667 2613 873 2690 argumento
890 2597 1056 2686 cogitanti
1079 2619 1151 2664 sese
1165 2596 1231 2663 ob·
1281 2619 1444 2687 agamus,
1470 2597 1530 2668 sed
1546 2609 1587 2666 ut
1600 2597 1876 2667 consolationem
1892 2597 1930 2666 iu
1947 2601 2098 2670 maxima
2116 2601 2271 2672 difficul-

242 2718 335 2791 tulit.
387 2712 508 2802 Quare
525 2731 605 2776 cum
622 2701 898 2772 consolationem
914 2712 945 2767 ct
962 2694 1051 2767 mihi
1068 2713 1101 2766 et
1116 2695 1233 2766 omni-
1282 2713 1352 2770 tate
1367 2697 1634 2788 gubernationis
1655 2699 1768 2783 vitae,
1796 2713 1829 2768 et
1851 2697 1888 2766 iu
1905 2702 2160 2772 certaminibus
2174 2728 2271 2773 acer.

223 2823 309 2889 ¹bus
332 2817 399 2908 piis
423 2815 610 2883 salutarem
635 2803 832 2885 contineat,
856 2800 999 2869 caeteris
1016 2797 1233 2885 argumentis
1283 2800 1394 2872 rimis.
1452 2793 1590 2868 Omnes
1609 2799 1647 2868 iu
1672 2799 1802 2891 quibus
1823 2801 1957 2868 semina
1981 2818 2063 2872 suut
2087 2803 2271 2876 doctrinae

242 2917 310 2990 hoc
327 2933 484 3007 tempure
500 2906 647 2990 relictis,
673 2900 764 2974 hanc
780 2901 1019 2972 dulcissimam
1028 2897 1132 2972 Pauli
1147 2923 1233 2968 con·
1283 2900 1459 2986 coelestis,
1490 2901 1622 2993 quique
1644 2923 1720 2968 cam
1742 2899 1888 2984 amatis,
1913 2915 1947 2972 et
1966 2899 2080 2974 Deum
2104 2919 2200 2976 recte
2215 2932 2272 2976 ce·

245 3021 383 3091 cionem
400 3035 564 3084 enarrare
581 3007 732 3077 decrevi.
1284 3000 1414 3072 lebrari
1432 3001 1582 3092 optatis,
1606 2995 1770 3070 inchoata
1793 3002 1910 3071 studia
1929 3017 1965 3072 et
1982 3003 2120 3074 labores
2136 3022 2272 3096 urgete:

344 3117 418 3189 Nec
435 3115 516 3184 volo
538 3109 706 3180 altissime
722 3103 855 3186 ordiri,
882 3106 940 3172 sed
959 3125 1136 3172 summum
1151 3125 1234 3170 sen·
1283 3127 1348 3174 uec
1362 3125 1425 3172 vos
1436 3101 1606 3170 deterreri
1621 3101 1794 3172 :uelorum
1805 3103 1914 3187 odiis,
1937 3105 2184 3194 magnitudine
2200 3133 2273 3178 cer.

245 3219 376 3294 tentiae
400 3215 554 3288 breviter
568 3219 760 3300 exponere.
818 3203 900 3275 Nun
924 3204 999 3274 vult
1020 3201 1169 3284 Pacilus,
1193 3213 1236 3272 ut
1284 3203 1459 3275 taminum
1482 3215 1516 3272 et
1539 3201 1777 3294 periculorum
1807 3204 2028 3275 existimetis:
2061 3231 2127 3276 nec
2151 3211 2273 3302 despe-

245 3343 417 3395 oessemus
433 3315 569 3407 ignavi,
599 3325 633 3380 ct
649 3307 757 3377 velini
775 3305 916 3375 inutilia
936 3319 1048 3375 terrac
1066 3307 1236 3396 pondera,
1285 3317 1359 3376 cate
1369 3315 1514 3373 eventus
1530 3317 1564 3372 ct
1574 3303 1686 3372 cuitus
1702 3303 1874 3392 placidos,
1899 3319 1932 3375 et
1949 3307 2090 3388 scitote,
2115 3307 2231 3380 Deum
2242 3324 2273 3379 et

245 3437 382 3498 tantum
408 3441 532 3489 somno
557 3427 590 3484 et
614 3409 728 3478 ventri
746 3407 861 3490 ¹dediti
883 3407 1012 3489 simus,
1044 3419 1082 3475 stt
1106 3400 1236 3476 enthn-
1285 3403 1543 3498 opitulaturum
1557 3425 1630 3472 esse
1647 3403 1747 3472 vobis
1765 3417 1800 3474 et
1814 3407 2093 3494 gubernaturum
2107 3412 2234 3484 exitus.

245 3527 369 3596 siastae
392 3536 425 3591 et
452 3517 512 3586 alii
533 3515 665 3585 similes
689 3511 883 3590 tinxerunt,
916 3507 1133 3600 quaerendas
1163 3526 1237 3573 esse
1386 3501 1488 3574 Hanc
1503 3505 1780 3574 consolationem
1798 3507 1903 3576 tradit
1920 3503 1977 3577 hic
1992 3505 2145 3596 Paulus,
2170 3537 2272 3606 quam

246 3627 416 3708 latebras,
446 3607 659 3710 fugiendam
679 3609 1021 3702 administrationem
1049 3603 1238 3708 Ecclesiae,
1286 3605 1517 3704 necessariam
1548 3627 1622 3675 esse
1654 3605 1755 3674 vobis
1779 3607 1966 3697 omnibus,
2008 3609 2110 3700 facile
2132 3637 2174 3682 ex
2206 3613 2272 3682 suis

248 3727 388 3821 politias
403 3738 438 3794 et
453 3715 695 3790 oeconomias,
725 3713 812 3781 etin
827 3711 903 3778 ocio
921 3709 1154 3799 expectandos
1170 3729 1238 3775 no·
1287 3708 1435 3802 quisque
1462 3707 1641 3776 aernumis
1672 3719 1707 3776 et
1739 3707 1904 3794 periculis
1932 3710 2130 3800 intelligere
2153 3729 2273 3804 potest.

248 3851 311 3898 vus
333 3827 504 3904 adflatus,
531 3817 713 3910 inquibus
734 3825 809 3884 non
823 3813 909 3880 fides
927 3811 1070 3902 quidem
1085 3809 1240 3878 luctetur
1286 3807 1414 3900 Coepit
1429 3806 1558 3899 aliquis
1574 3807 1799 3896 gubernator,
1820 3821 1861 3878 ut
1870 3807 2137 3893 Constantinus,
2156 3811 2273 3884 Evan-

247 3954 329 4000 cum
357 3939 476 3996 nostra
506 3916 763 3989 imbecillitate:
799 3925 834 3980 et
861 3923 1101 3980 sustententur
1127 3905 1240 3976 animi
1288 3911 1427 4008 gelium¹
1445 3907 1627 3998 amplecti,
1660 3907 1768 4000 idque
1792 3921 1831 3980 ut
1852 3907 1950 3981 Deus
1972 3925 2064 3984 recle
2081 3913 2272 3987 innotescat

249 4053 333 4100 auce
357 4023 648 4120 promissionum,
682 4017 740 4084 sed
764 4027 956 4083 cernantur
976 4011 1044 4079 alia
1067 4009 1239 4101 quaedam
1289 4023 1323 4079 et
1337 4009 1553 4092 celebretur,
1579 4025 1771 4098 propagare
1782 4011 1917 4096 studet,
1943 4028 1976 4084 et
1991 4026 2271 4087 statuasctcom-

250 4129 411 4201 coelestia
436 4121 643 4214 spectacula.
704 4113 863 4186 chtove
882 4106 1238 4182 haecaPaulidicto
1289 4109 1454 4179 meuticia
1469 4110 1616 4179 numina
1634 4111 1772 4181 evertit.
1832 4108 1936 4181 llanc
1953 4127 2085 4184 tantam
2101 4141 2176 4186 rem
2198 4143 2270 4186 cum

233 4231 404 4302 soranis..
447 4225 537 4298 Cum
554 4219 668 4292 Deum
688 4215 863 4297 nosstinat,
896 4212 1105 4296 ctcnmait,
1128 4209 1239 4282 aba>
1289 4207 1449 4294 inchoat,
1477 4209 2098 4300 srtssltaimpedimcntaobiiciuntur.
2143 4215 2272 4288 Diabo·

251 4313 412 4401 accensas
435 4350 506 4396 esse
532 4336 667 4393 nostras
693 4331 846 4400 mentes,
871 4314 1030 4406 loquitur
1046 4315 1090 4380 de
1113 4311 1186 4383 Deo
1204 4331 1241 4378 se
1290 4313 1346 4382 lus
1362 4313 1527 4381 adversus
1552 4333 1633 4380 eum
1656 4311 1772 4384 irritat
1792 4311 1941 4404 impios,
1963 4317 2025 4408 qui
2042 4331 2077 4387 et
2094 4317 2162 4410 ipsi
2179 4343 2272 4410 aegre

252 4429 478 4524 patefaciente
502 4449 563 4516 per
585 4417 830 4506 Evangelium.
888 4411 994 4483 llunc
1015 4409 1150 4492 Deum,
1178 4411 1241 4504 qui
1289 4415 1409 4482 ferunt
1424 4411 1698 4502 suasopiniones
1713 4411 1934 4499 labefactari,
1955 4429 2015 4486 aut
2029 4419 2167 4490 turbari
2181 4445 2270 4490 suam

252 4533 418 4625 prodiens
431 4553 471 4598 ex
488 4547 613 4596 arcana
630 4543 689 4589 sna
706 4521 800 4598 sede,
823 4539 896 4584 sese
912 4515 1015 4584 nobis
1030 4537 1113 4583 voce
1122 4509 1241 4582 Evau-
1291 4513 1595 4606 tranquillitatem.
1640 4511 1713 4583 Nec
1730 4514 1810 4583 talis
1826 4515 1882 4584 vir
1899 4529 1990 4587 recta
2008 4519 2175 4607 moliens,
2202 4538 2270 4592 tan·

250 4635 332 4725 gslii
356 4628 533 4723 patefecit,
568 4624 643 4692 vult
675 4643 740 4688 nus
774 4639 961 4706 agnoscere
990 4629 1025 4684 et
1060 4614 1240 4685 invocare:
1291 4629 1367 4684 tum
1392 4615 1535 4702 angitur
1556 4614 1600 4682 de
1623 4615 1695 4684 suis
1717 4615 1901 4706 periculis,
1934 4621 1993 4688 sed
2021 4621 2147 4693 metuit
2169 4623 2269 4694 exitus

252 4730 424 4804 hanc'ait
449 4725 641 4798 Ecclesiam
672 4721 738 4790 sibi
767 4719 951 4806 colligere,
983 4741 1022 4788 ac
1054 4711 1240 4784 huminum
1291 4729 1417 4796 tetros,
1443 4713 1592 4806 velquia
1606 4715 1800 4786 inistentes
1814 4730 1929 4788 tantas
1943 4727 2101 4806 moveat,
2127 4725 2270 4817 velqatis

252 4851 385 4905 utentes
402 4855 444 4902 et
460 4829 520 4897 illa
537 4822 669 4913 ingenti
687 4820 895 4890 confusione
918 4816 1121 4888 cttsnebris
1136 4837 1243 4905 gene-
1291 4817 1522 4906 imperiorum
1553 4817 1821 4888 dilacerationes
1856 4833 1893 4890 et
1921 4821 2079 4910 gentium
2117 4829 2269 4895 vastatio·

253 4940 303 5007 ris
320 4932 467 5004 hnmani
486 4931 529 4998 ad
552 4952 588 4996 se
604 4925 753 4994 flectere.
1295 4939 1355 4986 nes
1368 4935 1551 4987 secuturae
1567 4919 1650 4986 sint.

356 5033 431 5108 Huc
449 5055 529 5101 cum
543 5028 604 5108 sit,
631 5037 778 5098 sonante
794 5019 973 5103 doctrina,
994 5042 1102 5110 qnam
1120 5012 1243 5085 Eccle-
1399 5017 1439 5086 ln
1457 5013 1521 5086 hac
1538 5017 1777 5088 sollicitudine
1793 5020 1880 5111 quid
1896 5021 2022 5094 faciet?
2055 5021 2269 5098 Haesecon-

251 5143 323 5212 siae
340 5161 421 5206 suae
440 5130 602 5208 tradidit,
629 5126 783 5218 prolecta
796 5123 871 5190 vult
887 5144 952 5188 nus
969 5143 1046 5188 eam
1065 5117 1243 5205 amplecti:
1294 5119 1466 5188 solatione
1489 5132 1676 5197 snstentet,
1709 5143 1814 5212 qnam
1839 5115 1897 5190 hic
1915 5121 2025 5193 Divus
2047 5123 2179 5198 Patulus
2195 5129 2269 5198 reci-

251 5267 325 5312 non
343 5253 575 5327 repugnemus
591 5229 643 5307 ei,
667 5249 739 5294 non
768 5223 1013 5310 indulgeamus
1028 5219 1158 5288 nostris
1175 5219 1243 5285 dit·
1296 5233 1360 5292 tat:
1392 5217 1499 5288 Dabit
1516 5215 1611 5288 Deus
1629 5233 1668 5288 ut
1687 5221 1894 5308 perficiatis,
1919 5241 2053 5298 avertet
2071 5231 2269 5302 vastationes

252 5341 486 5415 bit-stantibus
514 5348 548 5402 et
579 5325 848 5420 cupiditatibus,
880 5325 943 5390 sed
972 5321 1152 5390 doctrinae
1179 5319 1242 5386 ob-
1296 5343 1382 5410 qtsas
1407 5321 1552 5400 numnis,
1586 5335 1625 5390 nt
1648 5321 1736 5392 alibi
1762 5323 1932 5411 scriptum
1960 5341 2027 5396 est:
2065 5327 2267 5400 Commentis

254 5461 496 5535 tecttpeccmus.
545 5433 645 5522 Quae
657 5429 799 5524 quidem
817 5446 882 5494 :ros
897 5422 1016 5493 statim
1032 5421 1071 5488 in
1087 5418 1245 5488 medium
1296 5419 1371 5490 Deo
1388 5421 1479 5488 viam
1494 5433 1609 5507 tuam,
1635 5421 1754 5514 etipse
1768 5423 1880 5493 saciet.
