4616 5816
48 311 115 384 su
616 305 775 384 nucu
806 303 882 381 nu
913 256 1190 379 uncoono
1223 297 1492 380 sueviae.
1997 305 2074 380 ιιι

48 483 228 554 lamecum
248 495 446 559 necatmus.
498 479 597 573 Quid
614 461 768 553 accidit?
799 477 886 550 Post
902 499 1031 570 paucos
1097 473 1239 550 nom.
1639 495 1642 503 ¹
1856 479 1921 562 (ιι.
1939 481 2074 567 ittet)

48 585 114 656 dies
127 605 211 675 grex
227 586 344 656 scabie
359 599 395 660 et
410 585 609 678 pestilentia
628 584 793 656 moritur.
830 580 901 652 Hic
915 580 1032 672 coepit
1089 571 1262 606 Μ
1847 573 2076 612 *⁶¹⁸*

48 700 214 780 pastorem
232 688 397 760 saevitiae
411 711 494 760 snae
506 687 708 781 poenitere,
731 709 811 756 cum
827 693 1031 776 agnosceret
1321 685 1597 774 Encomium
1625 685 1835 777 sueviae.

47 811 79 860 se
92 789 265 860 divinitus
288 791 420 883 puniri.
474 789 634 863 Rediens
657 788 767 878 igitur
786 789 831 857 ad
856 788 1032 869 arborem,
1152 863 1235 940 Apud
1256 865 1331 922 cm
1350 865 1382 918 M
1401 864 1421 918 ¹·
1445 884 1472 938 p.
1485 864 1628 938 ψῃ,
1656 865 1685 919 tn
1705 865 1859 926 natumst.
1876 865 1910 924 T·
1924 866 1945 924 ι
1962 867 2076 940 pm..

48 913 178 962 sermm
193 892 334 964 invenit
347 889 465 964 adhuc
480 893 615 977 vivum,
640 891 867 972 incolumem,
892 899 927 958 et
938 889 1030 957 bene
1186 936 1215 990 in
1230 933 1345 994 servor.
1390 973 1397 988 ι
1412 934 1433 988 1.
1454 954 1481 1006 p·
1495 933 1554 994 535·
1570 946 1597 988 ,ι
1609 935 1680 1006 apud
1694 933 1823 990 Μή,
1841 935 1875 991 Τ,
1890 935 1911 992 1,
1926 956 1953 1010 p.
1966 935 2026 992 693.
2042 965 2077 984 ,,,

47 994 224 1068 valentem.
284 993 436 1089 Cuttque
467 996 718 1084 interrogaret,
756 995 854 1064 unde
887 989 1031 1059 interim
1187 1005 1253 1075 Quo
1266 1019 1339 1058 anuo
1354 1003 1523 1086 scriptasit,
1541 1003 1654 1058 delinire
1668 1021 1725 1058 non
1740 1003 1834 1076 potui;
1859 1013 2010 1063 eerteante
2023 1025 2076 1062 en·
2179 1047 2185 1068 ,

47 1095 141 1168 alitus
153 1111 256 1184 esset,
281 1101 471 1190 respondet
487 1119 622 1180 servus,
644 1095 766 1166 Musas
781 1095 819 1163 in
834 1117 910 1163 eam
924 1091 1032 1162 arbo·
1186 1073 1309 1132 comtum
1322 1074 1455 1128 ΜΝ
1470 1081 1570 1146 '‘fl‘'
1584 1073 1701 1132 vitator.

47 1219 113 1267 rem
126 1223 274 1270 examen
291 1225 398 1292 apum
415 1201 563 1285 misisse,
590 1221 681 1294 quae
695 1199 799 1267 mella
815 1196 868 1266 ibi
883 1195 1032 1265 confice-

47 1314 134 1386 rent,
160 1297 230 1372 boc
244 1303 351 1373 melle
366 1325 402 1372 se
418 1303 554 1374 interea
568 1313 800 1371 sustentatum
816 1321 901 1369 esse.
939 1295 1033 1366 Petit

49 1425 121 1492 crgo
144 1397 255 1476 herus
277 1405 417 1474 veniam
440 1403 600 1485 sceleris,
627 1417 661 1475 et
684 1402 842 1492 agnoscit
858 1401 936 1494 pios
952 1395 1030 1468 Deo

49 1527 142 1574 curae
157 1527 251 1594 esse,
276 1507 396 1602 eisque
411 1509 442 1576 si
465 1531 539 1576 non
557 1529 702 1596 magnas
717 1527 818 1596 opes,
844 1517 879 1574 at
895 1501 1033 1570 medio-
1083 1487 1177 1574 Non
1200 1501 1346 1587 dubito,
1371 1499 1460 1594 quin
1482 1501 1643 1596 plerique
1662 1503 1857 1590 mirentur,
1883 1503 1969 1600 quid
1986 1501 2078 1576 mihi

49 1605 112 1676 cria
133 1611 321 1680 commoda
346 1609 576 1702 suppeditari.
636 1605 712 1677 Hac
733 1629 799 1677 nos
822 1629 882 1696 spe
903 1603 1032 1674 confir·
1084 1603 1123 1672 in
1144 1617 1297 1674 mentem
1319 1603 1476 1689 venerit,
1500 1627 1564 1674 cur
1579 1603 1715 1676 Suevos
1731 1606 1971 1699 potissimum,
1994 1633 2078 1700 pro-

49 1733 190 1792 memus,
225 1727 261 1784 et
294 1726 386 1784 reeta
416 1735 456 1782 ac
491 1712 593 1782 utilia
626 1709 742 1780 studia
769 1708 1032 1799 amplectamur.
1084 1707 1143 1776 cul
1164 1707 1209 1776 ab
1226 1705 1370 1776 illorum
1386 1707 1518 1776 linibus
1532 1720 1657 1793 natus,
1684 1709 1828 1780 laudare
1845 1710 2078 1798 instituerim3

50 1808 211 1884 Fortassis
233 1814 340 1886 etiam
360 1811 519 1884 Ecclesia
549 1814 617 1884 erit
640 1813 832 1906 aliquando
858 1809 1033 1902 tranquil·
1085 1809 1216 1902 quibus
1243 1807 1382 1878 tametsi
1408 1803 1476 1878 hoc
1500 1811 1715 1902 respondere
1738 1825 1918 1903 poteram,
1951 1835 2017 1883 nos
2040 1813 2078 1883 in

51 1912 127 1999 lior,
150 1941 232 1986 cum
258 1919 303 1986 ad
320 1915 552 1987 iudicandum
571 1909 839 1986 adhibebuntur
854 1911 922 1980 viri
944 1909 1032 1979 boni
1085 1910 1402 1982 declamationibus
1419 1935 1493 1980 non
1509 1912 1624 1998 anxie,
1639 1925 1700 1983 aut
1713 1913 1956 2006 superstitiose
1971 1939 2079 2007 argu-

53 2029 81 2086 et
93 2018 199 2105 docti,
224 2019 289 2113 qui
304 2020 563 2091 controversias
582 2019 686 2110 plane
702 2031 735 2087 et
750 2013 958 2106 simpliciter
973 2035 1034 2081 ex-
1085 2027 1203 2084 menta
1234 2013 1362 2102 eligere
1392 2015 1521 2094 solere,
1556 2017 1616 2084 sed
1646 2015 1719 2085 lere
1749 2037 1832 2086 casu
1860 2017 1988 2089 oblatis
2011 2019 2079 2090 uti.

52 2117 168 2210 plicare
188 2134 378 2214 poterunt,
403 2137 438 2194 et
459 2147 539 2193 cum
565 2121 709 2192 mitiora
729 2119 847 2190 studio
871 2111 1034 2186 homines
1083 2115 1261 2186 Nonnulli
1283 2115 1387 2185 etiam
1405 2117 1599 2206 paradoxas
1614 2119 1797 2205 materias,
1823 2131 1864 2190 ut
1879 2119 1916 2188 in
1934 2144 1972 2190 re
1985 2119 2079 2190 dilli-

54 2221 153 2292 colere
168 2224 363 2317 coeperint.
1085 2219 1145 2288 cili
1169 2217 1399 2316 experiantur
1420 2219 1555 2308 ingenii
1580 2219 1692 2306 vires,
1724 2235 1882 2296 sumunt.
1940 2219 2079 2294 Tamen

1085 2343 1148 2411 ego
1172 2334 1267 2390 certo
1291 2321 1445 2413 quodam
1467 2319 1617 2391 consilio
1637 2317 1706 2392 hoc
1727 2338 1975 2414 argumentum
2001 2349 2079 2396 sus·

141 2419 264 2512 Quare
286 2422 438 2493 invitent
456 2423 713 2505 adolescentes,
737 2417 945 2508 magnitudo
967 2439 1035 2507 pu·
1085 2423 1161 2516 cepi
1193 2423 1430 2496 tractandum.
1498 2417 1641 2492 Etenim
1677 2449 1756 2497 cum
1785 2449 1895 2518 pravo
1924 2430 2079 2520 quodam

55 2521 153 2594 blicae
183 2526 372 2610 utilitatis,
414 2525 568 2615 dignitas
603 2522 844 2616 eloquentiae,
880 2519 1035 2612 denique
1085 2525 1204 2596 studio
1233 2519 1416 2606 homines,
1458 2537 1493 2594 et
1525 2519 1718 2616 philautia,
1756 2542 1896 2598 nostros
1926 2530 2079 2599 nimium
2134 2617 2139 2620 ,

55 2626 146 2694 etiam
160 2641 298 2698 caetera
320 2628 494 2720 praemia,
519 2640 560 2697 ut
575 2650 611 2695 se
627 2627 759 2694 dedant
775 2618 830 2691 bis
854 2621 967 2692 literis
982 2633 1036 2690 at·
1086 2649 1262 2712 amemus,
1300 2625 1754 2716 exteros'contemnamus,
1795 2629 1993 2720 cogitabam
2024 2655 2081 2702 me

56 2751 114 2820 que
126 2729 283 2815 artibus,
309 2755 399 2824 quae
415 2733 459 2800 ad
477 2727 715 2822 eloquentiam
733 2727 957 2804 conducunt,
981 2745 1035 2791 ⁸0·
1086 2727 1233 2799 honeste
1255 2729 1431 2799 facturum
1455 2751 1551 2820 esse,
1576 2731 1606 2799 si
1620 2733 1760 2821 gentis,
1786 2755 1877 2827 quae
1895 2727 1981 2804 hinc
1996 2757 2081 2825 pro·

55 2831 168 2920 quein
189 2827 263 2902 boc
286 2853 413 2922 genere
436 2844 638 2910 exerceant,
665 2843 699 2899 et
720 2827 763 2896 ad
784 2849 841 2896 res
866 2826 1035 2894 maxima
1086 2833 1144 2903 cul
1163 2832 1280 2909 obest,
1303 2831 1426 2900 laudes
1447 2832 1667 2922 colligerem,
1694 2845 1728 2906 et
1744 2835 2081 2906 commonefacerem

55 2947 270 3024 ΡῐθθΡᾶῑθῠῐι
292 2935 498 3027 Prtflttrllm
518 2957 598 3004 tum
617 2927 675 3000 hic
690 2931 792 3000 labor
816 2923 955 2998 homini
979 2927 1036 2994 in·
1086 2959 1167 3020 vos,
1189 2933 1342 3002 alienam
1365 2933 1531 3003 virtutem
1555 2959 1629 3004 non
1655 2957 1728 3005 esse
1754 2935 1892 3007 bonore
1915 2961 1955 3007 ac
1977 2961 2080 3030 prae-

55 3035 181 3122 genioso
198 3037 402 3128 voluptates
419 3037 523 3107 etiam
544 3033 763 3104 dulcissimas
780 3031 905 3124 periet·
955 3027 1037 3099 Pri·
1086 3037 1261 3107 ditatione
1290 3036 1539 3110 fraudandam.
1597 3035 1772 3109 Nonnulli
1800 3051 1883 3110 sunt
1904 3039 2081 3129 ingeniosi

56 3159 140 3206 mum
163 3139 262 3208 enim
284 3139 386 3210 lectio
411 3137 700 3229 gravissimorum
719 3147 884 3204 autorum
901 3133 945 3202 de
960 3155 1036 3200 ma-
1086 3141 1124 3208 in
1150 3139 1276 3208 alienis
1296 3137 1394 3206 vitiis
1411 3139 1644 3228 insectandis;
1669 3142 1813 3235 qnidam
1831 3141 1937 3210 etiam
1953 3167 1993 3212 ex
2011 3142 2081 3213 cri-

55 3239 143 3309 rimis
165 3241 204 3310 in
232 3239 373 3333 Repub.
398 3241 555 3312 motibus
578 3236 831 3308 iucundissima
854 3250 906 3306 est
928 3257 1037 3327 quee-
1085 3241 1282 3310 minatione
1302 3240 1479 3326 aliorum,
1500 3242 1682 3330 gravitatis
1702 3243 1833 3314 lamam
1847 3259 2081 3336 aucupantur.

56 3342 199 3413 rentibus
214 3345 375 3435 exempla
393 3342 545 3428 virtutis,
570 3354 605 3412 et
620 3337 767 3410 honesta
780 3337 927 3407 consilia
944 3338 1036 3406 vitae
1085 3341 1163 3434 Ego
1188 3342 1346 3412 liberalis
1371 3343 1506 3432 ingenii
1528 3365 1601 3414 esso
1625 3345 1735 3433 duco,
1769 3347 1900 3436 magis,
1925 3371 2082 3416 comme.

57 3443 195 3532 privatae
227 3457 291 3516 aut
321 3447 495 3538 publicae.
554 3443 693 3514 Deinde
720 3440 869 3510 delectet
897 3452 931 3510 et
961 3439 1036 3529 ipse
1087 3445 1284 3516 moratione
1307 3443 1478 3515 virtutum
1502 3446 1698 3517 alienarum
1724 3449 1901 3518 delectari.
1954 3447 2082 3538 Quan-

57 3547 213 3617 orationis
237 3541 444 3632 harmonia,
471 3571 536 3616 ceu
561 3541 700 3616 Musica
722 3544 909 3635 quaedam:
937 3541 1036 3610 nulla
1086 3571 1192 3643 quam
1216 3547 1311 3615 enim
1333 3569 1395 3615 sua
1418 3545 1545 3640 cuique
1569 3549 1665 3638 genti
1687 3549 1771 3620 vitia
1791 3571 1864 3620 esse
1882 3549 2080 3634 videamus,

58 3661 100 3716 est
118 3651 209 3718 enim
234 3649 410 3720 cantilena
426 3648 585 3734 dulcior,
610 3669 716 3741 quam
739 3644 853 3714 oratio
871 3643 1037 3712 derebus
1086 3666 1203 3722 tamen
1227 3647 1364 3717 nullam
1391 3648 1591 3736 nationem,
1632 3651 1838 3742 praesertim
1863 3653 1902 3720 in
1928 3649 2079 3722 Germa.

58 3748 148 3820 bonis
167 3752 345 3822 concinna
368 3766 403 3822 et
419 3753 510 3822 bene
533 3748 736 3841 composita.
790 3745 972 3816 Postremo
997 3757 1038 3814 ut
1086 3753 1166 3834 nia,
1193 3749 1355 3820 existimo
1380 3763 1451 3819 tam
1475 3775 1548 3821 esse
1572 3753 1722 3845 perditis
1741 3755 1921 3839 moribus,
1947 3769 2078 3825 utnon

59 3853 205 3942 canenti,
238 3855 289 3924 sic
314 3855 504 3940 scribenti,
536 3849 622 3922 haec
645 3852 720 3942 ipsa
745 3847 946 3918 exercitatio
969 3871 1036 3916 vo·
1087 3855 1196 3925 multa
1225 3846 1544 3944 pulcherrimarum
1567 3855 1739 3926 virtutum
1765 3858 1923 3948 exempla
1948 3857 2000 3926 ibi
2023 3881 2080 3926 re.

60 3952 171 4045 luptati
196 3971 261 4028 est.
314 3955 415 4028 luvat
436 3957 530 4026 enim
554 3953 715 4023 invenire
729 3964 761 4022 et
777 3951 876 4046 quasi
894 3949 1037 4040 gignere
1087 3944 1348 4048 perire'possis.
1412 3953 1525 4026 Porro
1550 3973 1591 4028 ut
1616 3958 1655 4026 in
1681 3958 1827 4050 privatis
1847 3959 2013 4030 amicitiis
2033 3961 2076 4028 ad

60 4048 190 4130 honesta
205 4055 431 4150 argumenta,
457 4083 567 4153 eaque
584 4056 812 4139 distribuere,
838 4053 1037 4144 disponere,
1086 4074 1244 4130 mutuam
1267 4057 1550 4127 benevolentiam
1571 4059 1734 4128 alendam
1750 4060 2023 4146 multumfacit,
2050 4061 2079 4131 si
2157 4153 2168 4159 ἱ

61 4181 192 4247 ornare,
217 4187 300 4232 cum
321 4162 401 4232 aliis
421 4162 601 4246 conferre,
624 4173 659 4230 et
676 4157 857 4251 inquirere
879 4155 1037 4224 meliore·
1087 4161 1234 4231 virtutes
1249 4158 1353 4228 amici
1371 4160 1470 4228 noris
1487 4174 1522 4230 et
1544 4161 1748 4247 admireris,
1775 4163 1820 4231 ad
1844 4162 1929 4233 vitia
1952 4164 2080 4232 conni-

60 4255 143 4333 llecc
163 4265 372 4335 naturaliter
386 4265 560 4334 delectant
581 4284 664 4331 sana
690 4258 851 4350 ingenia,
878 4270 912 4327 et
929 4281 1036 4350 quee-
1085 4286 1184 4332 veas:
1218 4263 1266 4330 ita
1298 4260 1391 4330 inter
1414 4262 1547 4330 vicinas
1572 4275 1691 4351 gentes
1711 4265 1841 4335 rectius
1863 4265 2080 4351 conveniret,

62 4363 129 4430 dam
153 4367 196 4434 ad
221 4368 390 4438 virtutem
407 4367 463 4436 via
486 4379 554 4450 est,
586 4364 800 4433 assuefacere
815 4361 975 4430 animum
992 4361 1036 4428 ad
1086 4366 1114 4434 si
1130 4365 1289 4454 singulae
1308 4363 1457 4432 aliarum
1472 4364 1619 4435 virtutes
1634 4389 1737 4436 nosse
1752 4367 1870 4459 potius
1886 4369 2079 4453 studerent,

62 4455 113 4534 lus
134 4461 298 4540 honestas
321 4471 519 4560 voluptates
543 4466 789 4554 intelligendas
811 4475 845 4533 et
868 4475 1036 4553 expetcn-
1085 4493 1191 4563 quam
1213 4466 1312 4538 vitia.
1377 4463 1456 4536 Hoc
1483 4489 1548 4554 ego
1579 4469 1729 4538 consilio
1755 4471 1798 4538 ad
1821 4463 1915 4539 hanc
1937 4494 2077 4540 causam

63 4565 122 4640 das.
170 4565 236 4642 Est
260 4585 295 4644 et
320 4571 382 4640 illa
411 4595 537 4660 magna
561 4567 811 4650 commoditas,
844 4567 941 4658 qnod
969 4558 1036 4632 hae
1086 4569 1231 4653 accessi,
1258 4593 1297 4637 ex
1318 4591 1386 4660 qua
1403 4591 1487 4636 sane
1504 4583 1664 4641 nontam
1682 4571 1905 4666 eloquentiae
1923 4573 2077 4654 laudem,

63 4665 431 4759 elegantiores'literae
458 4674 496 4742 in
524 4671 623 4742 omni
655 4671 799 4739 fortuna
826 4668 907 4736 usui
941 4679 1034 4738 sunt.
1086 4676 1129 4742 de
1144 4672 1265 4768 quain
1284 4666 1348 4740 hac
1366 4669 1498 4760 ingenii
1516 4670 1737 4754 infirmitate,
1763 4675 1963 4768 etquadam
1982 4699 2076 4744 mea.

62 4764 274 4846 Adminicula
300 4765 383 4847 sunt
402 4777 440 4846 in
465 4773 637 4866 negociis,
663 4771 701 4839 in¹
719 4771 795 4840 ocio
811 4782 941 4840 ornant
960 4791 1037 4853 nos,
1086 4799 1165 4845 rum
1181 4797 1301 4844 rerum
1318 4772 1535 4858 difficultate,
1559 4774 1628 4842 iam
1643 4773 1729 4844 olim
1747 4777 1941 4868 desperavi,
1968 4801 2074 4870 quam

65 4883 180 4945 etsnnt
196 4879 381 4970 voluptati.
434 4875 598 4948 lnrehus
620 4873 775 4947 adversis
796 4871 916 4942 levant
939 4895 1036 4941 moe·
1085 4877 1191 4948 olficii
1229 4889 1263 4945 et
1292 4869 1524 4944 humanitatis
1556 4875 1694 4945 auferre
1724 4878 1865 4970 cupio„
1909 4876 2077 4964 Proinde,

65 4973 199 5065 stiriam,
221 4981 361 5051 leniunt
376 5005 476 5050 cerras
491 5005 531 5049 ac
547 4979 701 5074 dolores.
734 4971 1036 5045 Adiuvantetiam
1084 4991 1257 5074 quantum
1273 4991 1414 5046 nostrae
1429 4979 1521 5046 vires
1536 4978 1671 5064 sinent,
1696 4973 1789 5050 hane
1803 4979 1982 5049 nationem
1997 4981 2076 5050 sine

66 5071 181 5166 bonos,
205 5097 246 5154 ut
265 5083 448 5174 religionis
470 5083 667 5153 doctrinam
689 5076 817 5148 melius
839 5075 1035 5165 intelligere
1084 5083 1235 5152 aliarum
1261 5080 1475 5150 contumelia
1495 5081 1713 5154 ornabimus.
1764 5080 1887 5176 Neque
1905 5083 1998 5150 enim
2016 5097 2077 5153 aut

66 5181 205 5270 P⁰³⁵l¹¹ls
237 5209 325 5280 quae
349 5187 483 5258 utilitas
513 5209 639 5276 magno
668 5179 858 5254 existimari
891 5203 911 5248 11
931 5179 1036 5250 bonis
1084 5183 1193 5256 Suevi
1217 5195 1289 5252 tam
1313 5195 1396 5252 sunt
1414 5181 1538 5274 inopes
1553 5183 1824 5254 domesticarum
1841 5185 2008 5272 laudum,
2035 5199 2076 5256 ut

67 5277 163 5354 debet.
204 5283 307 5364 'Dixi
1084 5309 1158 5356 non
1187 5283 1327 5354 nisiex
1355 5285 1507 5355 aliorum
1536 5285 1749 5356 contumelia
1779 5285 1976 5377 colligenda
2004 5289 2077 5359 siut.

1084 5387 1292 5482 praeconia,
1317 5399 1378 5457 aut
1400 5387 1489 5458 aliae
1510 5389 1671 5457 nationes
1689 5389 1867 5458 contemni
1887 5413 1927 5459 ae
1942 5390 2074 5482 probro

1085 5491 1176 5562 ellici
1195 5505 1386 5564 merentur.
1438 5487 1557 5662 Ngqlis
1565 5483 1778 5564 Germaniae
1795 5485 2073 5585 populisFran'ci

1083 1241 1301 1311 Euoomtum
1316 1239 1546 1325 suevorum,
1578 1257 1604 1306 o
1618 1233 1780 1330 quodam
1793 1241 2078 1326 exercitationis

1228 1361 1345 1410 causo
1365 1343 1552 1431 scriptum
1574 1347 1612 1410 et
1628 1345 1930 1432 pronunciatum.
2030 1405 2033 1424 ,
