4616 5816
203 287 277 369 m
715 205 721 216 ’
754 263 917 347 neon
948 261 1028 342 nn
1058 259 1338 342 ennoean
1370 261 1530 342 nucn
1556 263 1687 348 nav.
2160 267 2232 346 sa

206 479 327 546 aava,
352 395 717 529 alamanniam,
738 399 829 512 etat
843 465 928 512 mo
943 435 1074 512 aarum
1089 433 1193 511 aaa
1241 438 1410 510 mum
1425 440 1560 510 nna
1575 453 1746 534 promptu
1759 461 1797 513 a
1811 437 1954 530 tram,
1978 445 2024 514 aa
2040 439 2231 514 emaum

205 563 317 658 pietas
330 553 515 648 supplicat.
565 545 732 618 Graviter
753 544 808 616 illi
829 545 868 616 in
884 567 941 614 me
956 543 1194 636 deliquerunt,
1241 565 1317 614 non
1339 541 1409 610 nisi
1423 555 1604 628 mertum,
1629 545 1674 613 ad
1690 544 1913 614 clementiam
1933 561 2059 638 sponte
2073 567 2231 630 currere3

206 665 493 737 commeruerunt
516 671 685 744 poenam,
716 658 811 730 esto,
842 647 904 718 sed
929 643 1008 717 Rex
1030 646 1134 714 debet
1156 665 1194 712 se
1243 657 1279 715 et
1303 643 1496 714 declaravit
1520 667 1560 714 re
1589 643 1666 737 ipss
1691 667 1816 716 verum
1849 669 1941 734 csse,
1973 649 2071 741 qnod
2104 645 2232 718 dieitur

205 766 309 841 talem
335 757 503 853 praebere
521 751 681 857 civibus,
708 749 849 842 qualem
869 747 938 818 sibi
954 745 1071 818 Deum
1092 743 1194 814 velita
1244 743 1393 817 laetato
1414 741 1546 840 φρένις
1564 741 1816 820 adamatores.
1867 747 1960 820 Nam
1990 747 2056 822 boc
2076 749 2231 819 canisei-
2294 769 2295 810 t

205 890 269 958 epo
295 874 541 950 autcmquam
569 875 704 943 saepe„
722 863 757 922 et
781 873 888 942 quam
914 851 1028 920 multo
1054 846 1196 937 gravim
1243 871 1343 918 mum
1377 863 1622 934 argumentum
1656 863 1708 920 cst
1739 851 1854 921 bonae
1883 852 2013 921 mentis
2038 873 2115 920 non
2144 871 2234 930 esse,

207 978 330 1040 contra
345 961 459 1034 Deum
475 954 604 1048 peccel
638 952 695 1024 cui
718 952 749 1022 si
769 951 908 1044 quoties
929 973 1031 1020 causa
1055 962 1105 1020 est
1129 969 1197 1038 pu-
1244 944 1496 1042 μνησικακὸν,
1522 973 1598 1018 non
1614 962 1775 1021 tenacem
1788 951 2023 1034 offensarum,
2049 949 2138 1024 hacc
2153 974 2235 1042 pro-

207 1064 349 1147 niendi,
375 1057 479 1132 toties
494 1069 530 1128 et
545 1055 708 1126 voluntas
726 1067 832 1136 essct,
856 1075 947 1146 qnae
963 1053 1016 1120 illi
1034 1051 1198 1132 fulmina,
1245 1050 1323 1142 prie
1336 1050 1458 1120 divina
1474 1049 1588 1120 virtus
1606 1065 1677 1138 est,
1701 1063 1736 1122 ct
1756 1075 1826 1146 qne
1845 1049 2010 1124 homines
2024 1077 2135 1148 qnam
2156 1077 2236 1146 pro-

208 1191 298 1265 qnae
325 1173 502 1236 tormenta
528 1158 725 1228 inferorum
752 1156 789 1224 iu
815 1177 910 1223 meas
935 1154 1043 1223 unius
1068 1171 1199 1243 poenas
1246 1151 1340 1220 xime
1364 1153 1408 1220 ad
1432 1151 1704 1224 similitudinem
1720 1151 1789 1224 Dei
1805 1157 1989 1226 accednnt.
2043 1153 2084 1224 ln
2101 1156 2236 1245 magnis

209 1262 431 1345 sufficerent?
462 1259 551 1330 Nam
568 1259 662 1350 qnod
678 1254 900 1326 conditiones
916 1256 1011 1346 pacis
1030 1253 1198 1348 quasdam
1246 1253 1355 1343 igitur
1370 1265 1406 1322 ct
1426 1247 1579 1324 heroicis
1594 1255 1723 1324 animis
1738 1279 1780 1326 ea
1804 1257 1991 1349 praecipue
2007 1257 2122 1340 lucet,
2150 1258 2238 1326 sicot

210 1370 337 1447 durius
375 1377 478 1456 atque
520 1357 767 1430 inclementius
809 1356 1033 1447 interpretari
1073 1353 1200 1435 audio,
1248 1367 1369 1424 contra
1390 1355 1514 1446 pusilli
1535 1355 1647 1428 animi
1666 1371 1701 1427 et
1721 1356 1915 1428 indomitae
1937 1358 2012 1430 irae
2033 1359 2154 1428 lasere
2170 1361 2237 1428 tre-

211 1483 344 1568 quentn
362 1461 545 1544 honestius
566 1473 617 1530 cst
635 1483 701 1528 nos
717 1459 841 1528 andire
858 1481 978 1528 vocem
996 1469 1199 1525 nostrarum
1249 1475 1332 1538 nos,
1356 1477 1465 1547 caque
1486 1479 1551 1547 pro
1567 1457 1673 1542 duce,
1699 1481 1774 1527 non
1793 1481 1861 1549 pro
1878 1459 1993 1531 milite
2012 1460 2085 1544 uti,
2111 1475 2148 1532 ct
2162 1461 2239 1527 vin-

210 1575 348 1664 legum,
374 1588 463 1660 quae
485 1563 567 1632 odia
591 1560 819 1648 restringere,
845 1561 1003 1628 favorem
1019 1581 1102 1626 vero
1125 1577 1200 1622 am·
1249 1556 1361 1626 dictae
1375 1555 1483 1624 nimis
1497 1558 1616 1648 cupidi
1630 1581 1722 1642 esse,
1746 1559 1937 1640 muliebre,
1963 1561 2173 1654 nentiquam
2189 1561 2240 1628 vi·
2295 1611 2296 1636 ,

210 1676 324 1768 pliare
340 1665 489 1738 iubent?
540 1661 685 1752 Quanto
701 1662 848 1754 aequius
869 1659 1092 1730 conditiones
1107 1655 1202 1746 pacis
1250 1657 1332 1740 rile,
1355 1656 1468 1728 multo
1487 1659 1604 1729 minus
1620 1654 1803 1730 heroicum
1819 1675 1880 1734 cst.
1931 1659 2049 1732 Pallas
2064 1665 2162 1752 spnd
2177 1661 2240 1732 So-

211 1777 353 1846 flectcre
373 1769 418 1840 ad
439 1767 601 1848 laudem,
626 1787 700 1834 non
716 1765 761 1832 ad
783 1761 967 1832 fraudem?
997 1773 1201 1854 quantoque
1252 1753 1414 1848 phoclem
1429 1760 1585 1830 ostendit
1599 1758 1869 1854 UlyssiAiacem
1883 1761 2085 1848 inimicum,
2113 1764 2154 1833 in
2170 1787 2240 1833 me-
2295 1765 2296 1770 ’

212 1873 379 1964 Principe
394 1867 555 1957 dignius,
582 1864 692 1954 magis
708 1865 754 1934 ad
769 1861 992 1932 clementiam
1006 1883 1111 1954 quam
1125 1881 1203 1928 sae·
1250 1858 1309 1928 dia
1334 1873 1447 1946 strage
1465 1861 1657 1949 pecudum,
1682 1885 1770 1954 qnas
1790 1885 1857 1953 pro
1877 1860 2107 1955 Principibus
2129 1862 2242 1934 Grae·

213 1975 335 2048 viriam
355 1970 581 2060 ingeniosum
602 1965 699 2036 esse?
730 1963 821 2034 Cum
845 1959 902 2033 his
918 1977 1022 2055 atquc
1041 1960 1120 2030 aliis
1135 1954 1203 2030 boc
1251 1959 1325 2030 ciac
1353 1981 1417 2050 per
1444 1959 1601 2030 iurarem
1633 1976 1861 2048 mactaverat,
1896 1961 2178 2050 discursantem,
2209 1981 2240 2036 ct

213 2098 325 2172 genus
341 2069 565 2142 sermonibus
582 2089 641 2138 eos
662 2067 864 2145 refutasset,
888 2060 951 2158 qui
966 2063 1063 2134 illius
1077 2062 1204 2132 crude·
1251 2061 1341 2130 dnos
1356 2081 1493 2149 segrege
1509 2063 1717 2152 grandiores
1731 2063 1869 2149 arietes,
1891 2089 1956 2136 cnr
1969 2067 2121 2138 alterum
2139 2065 2241 2160 Ulys-

213 2181 259 2254 lis
287 2172 481 2250 sententiae
508 2183 647 2242 autores
672 2169 832 2252 inerant,
870 2161 969 2234 iubet
994 2162 1204 2234 mulieribus
1252 2183 1345 2240 sem,
1368 2161 1518 2234 alterum
1537 2159 1840 2252 Agamemnonem
1862 2179 2003 2256 putaret
2025 2167 2149 2257 flagris
2167 2191 2240 2238 cae-

213 2275 388 2360 mmeiari,
405 2274 540 2342 bonnm
556 2269 715 2340 animum
730 2261 913 2352 haberent,
934 2289 1032 2336 neca
1047 2263 1204 2358 sequid·
1252 2263 1414 2343 dentem,
1440 2275 1475 2332 et
1488 2263 1683 2354 interrogat
1705 2264 1839 2356 ipsum,
1865 2289 2012 2361 ecquam
2026 2269 2241 2364 voluptatem

215 2403 323 2478 quam
345 2375 445 2446 triste
469 2383 683 2456 metuerent,
715 2371 882 2439 daturum
904 2391 941 2436 sc
967 2389 1132 2457 operam,
1163 2373 1205 2434 ut
1252 2363 1386 2454 capiat,
1411 2385 1491 2434 curn
1505 2363 1692 2436 inimicum
1708 2389 1811 2438 suurn
1825 2367 1875 2438 ita
1888 2369 1927 2437 in
1942 2370 2100 2440 furorem
2115 2384 2240 2455 actum,
2296 2383 2297 2424 l

175 2491 177 2496 ’
213 2477 411 2579 praemium
428 2473 567 2566 pietatis
583 2473 678 2564 apud
697 2495 732 2540 se
749 2470 903 2560 positum
921 2468 1108 2538 sentirents
1134 2465 1204 2532 im·
1253 2465 1491 2556 miserumque
1514 2489 1554 2534 ac
1576 2465 1820 2538 calamitosum
1837 2468 1967 2546 videat.
2016 2469 2085 2542 Cni
2103 2469 2241 2568 Ulysses
2296 2477 2297 2480 ’

214 2594 315 2679 perat
335 2578 464 2648 deinde
484 2575 529 2644 ad
552 2597 588 2642 se
609 2571 717 2642 acciri
738 2570 867 2653 victos,
899 2581 933 2638 et
956 2582 996 2637 nt
1020 2589 1075 2636 res
1097 2565 1204 2636 etiam
1253 2565 1460 2655 respondet,
1484 2565 1552 2636 sibi
1576 2568 1783 2660 neutiquam
1798 2569 1950 2657 laetum,
1972 2573 2034 2642 scd
2049 2574 2154 2644 triste
2170 2597 2242 2642 ma-

215 2705 297 2758 rnas
311 2679 425 2750 salvas
439 2675 642 2756 retinerent,
668 2669 897 2762 pronunciat:
924 2667 1049 2762 Deque
1063 2669 1205 2738 foedere
1253 2666 1305 2756 gis
1337 2665 1375 2734 id
1400 2667 1637 2757 spectaculum
1663 2669 1795 2738 videri:
1823 2668 2004 2758 Primum,
2036 2676 2137 2766 qnod
2166 2699 2240 2745 cum

215 2810 257 2860 ac
284 2803 369 2876 pace
393 2801 474 2848 cnm
504 2776 556 2846 eis
580 2773 799 2866 aequissimis
828 2771 1095 2856 conditionibus
1124 2767 1205 2857 egit.
1253 2765 1559 2838 commiseratione
1578 2782 1709 2860 spectet
1732 2765 1839 2842 huius
1856 2771 1944 2858 viri,
1977 2775 2055 2844 etsi
2076 2776 2240 2848 inimicus

214 2882 364 2976 Etccpit
377 2877 597 2952 uberrimum
612 2876 764 2944 fructum
780 2871 877 2943 illius
892 2872 1096 2942 clementiae
1111 2891 1206 2953 suae,
1254 2867 1309 2952 sit,
1331 2879 1563 2940 lamentante
1580 2869 1710 2941 virtute
1723 2871 1887 2962 praediti,
1913 2873 2153 2946 miserandam
2169 2897 2241 2947 son

216 2987 397 3058 neminem
420 2979 514 3048 enim
531 2977 661 3048 deinde
683 2975 879 3044 fideliorem
895 2987 956 3043 aut
973 2971 1206 3040 amantiorem
1255 2982 1341 3052 tem3
1373 2969 1505 3038 deinde
1536 2971 1633 3062 qnod
1663 2993 1747 3042 suae
1772 2997 1914 3070 quoqne
1937 2977 2159 3048 conditionis
2182 2975 2243 3048 hoc

218 3088 326 3161 suiin
341 3080 491 3173 imperio
505 3073 631 3148 habuit
645 3071 872 3155 Chnnradns‚
898 3097 1005 3167 quam
1022 3069 1206 3150 Guclsum,
1256 3067 1672 3160 exemploadmoncatur,
1696 3071 1884 3161 strideat,
1909 3076 2242 3170 quantaeithuma-
2297 3099 2298 3170 5

219 3204 255 3262 οι
275 3185 339 3282 qui
362 3207 443 3254 eum
466 3205 508 3250 eo
531 3179 642 3270 capti,
669 3177 777 3248 vitam
799 3201 839 3246 ac
858 3198 915 3244 res
932 3197 1013 3244 suas
1037 3172 1205 3244 beneficio
1256 3193 1384 3240 narum
1412 3193 1531 3240 rernm
1558 3171 1749 3262 fragilitas,
1778 3189 1814 3246 et
1836 3201 1944 3270 quam
1969 3173 2152 3271 homines,
2184 3181 2240 3273 qni

218 3283 447 3382 Imperatoris
470 3283 701 3352 retinuerant.
751 3275 800 3348 Et
822 3277 950 3366 dignus
973 3289 1065 3359 erat,
1100 3297 1206 3367 quem
1257 3272 1389 3355 vivant,
1414 3265 1620 3342 nihilalind
1637 3274 1726 3358 sint,
1751 3299 1858 3368 quam
1876 3279 1973 3350 velut
1992 3281 2116 3352 inania
2136 3283 2242 3351 simn-

217 3411 340 3466 0mnes
353 3383 522 3455 mortales
536 3379 781 3470 benignissimi
793 3403 833 3452 ac
848 3377 1025 3448 mitissimi
1050 3375 1207 3468 parentis
1257 3367 1378 3444 lachra
1402 3383 1439 3442 et
1462 3372 1550 3443 levis
1579 3373 1711 3449 tomos.
1768 3375 1907 3450 modat
1930 3375 2029 3450 bunc
2045 3402 2239 3452 sermonem

217 3495 298 3566 loco
324 3497 501 3570 amarent,
539 3482 709 3575 omnique
743 3502 868 3570 genere
893 3479 1137 3550 observantiae
1167 3499 1207 3544 ac
1258 3473 1441 3544 Minerva:
1467 3469 1514 3547 Et
1530 3488 1570 3545 tu
1586 3476 1616 3545 si
1631 3470 1716 3561 hoc,
1737 3475 1873 3572 inquit,
1894 3481 2161 3568 animoinerie,
2186 3505 2240 3552 su-

217 3591 358 3690 ppetam
380 3587 557 3670 colerent,
593 3584 655 3676 qui
678 3583 767 3655 iram
792 3582 897 3652 etius
916 3604 1020 3652 suum
1041 3580 1079 3648 in
1096 3578 1208 3648 victos
1260 3575 1353 3665 peris
1377 3570 1504 3646 charus
1528 3577 1615 3660 eris,
1638 3591 1672 3648 et
1686 3577 1795 3649 vitam
1816 3581 1987 3652 foeliciter
2010 3583 2127 3674 eriges
2142 3599 2239 3656 tuam.

218 3692 375 3771 amicit,
409 3686 695 3780 condonavitque
718 3683 842 3754 virtuti
862 3707 902 3753 ac
931 3680 1071 3774 pietati,
1101 3702 1206 3774 quern
1258 3676 1348 3748 Nem
1375 3674 1472 3746 Deus
1501 3677 1694 3748 insolentes
1724 3693 1760 3750 et
1785 3681 1963 3754 vindictae
1988 3686 2138 3778 cupidos
2163 3685 2240 3769 odit,

218 3821 295 3868 no„
314 3792 469 3863 offam
491 3787 647 3879 priores,
677 3808 751 3856 non
775 3807 938 3876 praesens
963 3784 1067 3852 dolor
1089 3795 1124 3851 et
1142 3781 1208 3858 ira,
1260 3779 1362 3850 mites
1379 3801 1475 3854 vero,
1502 3782 1729 3850 etmoderate
1747 3795 1899 3873 agentes,
1924 3785 2052 3876 diligit.
2103 3786 2241 3858 Hirro·

220 3921 311 3994 quse
341 3889 567 3974 clementiae,
607 3885 793 3982 aequitati,
828 3883 1018 3954 moderatis
1050 3881 1209 3954 consiliis
1260 3879 1360 3950 cibus
1383 3876 1502 3973 Ulyssi
1525 3879 1748 3952 clementiam
1779 3884 2059 3981 modestiamque
2084 3887 2240 3960 Minerva

220 3992 464 4082 inimicissima
485 4003 555 4075 est,
585 4011 696 4082 eaque
722 3985 928 4080 neutiquam
952 3984 1102 4069 iniusta,
1134 4004 1209 4052 non
1260 3984 1495 4064 commendat,
1518 4005 1608 4073 quae
1623 3983 1737 4054 virtus
1748 4009 1823 4056 non
1838 3987 2132 4081 ebretantopere
2146 4009 2240 4082 prae-

220 4103 298 4196 ipas
312 4093 480 4179 victoris,
502 4113 592 4186 qnae
609 4103 734 4167 natura
747 4087 904 4160 insolens
920 4099 955 4158 et
970 4085 1123 4177 superba
1137 4105 1209 4154 esse
1261 4081 1418 4165 dicmnr,
1443 4105 1549 4174 qoam
1575 4083 1670 4152 enim
1691 4085 1812 4158 divina
1830 4109 1872 4158 ac
1893 4090 2238 4180 praeclarissimam,

222 4203 331 4284 colet,
363 4219 440 4267 non
463 4192 707 4284 multipliciter
733 4189 1032 4261 circumsonantes
1063 4186 1210 4258 auribus
1262 4199 1332 4255 tam
1348 4205 1444 4266 rara,
1467 4197 1501 4252 et
1524 4183 1560 4252 id
1575 4187 1670 4276 quod
1684 4185 1817 4260 dicitur
1836 4213 1957 4260 revera
1980 4185 2122 4264 heroica
2137 4193 2239 4263 virtus

222 4299 381 4386 maele,
404 4295 650 4386 instigantium
673 4317 775 4362 voces
792 4291 987 4384 perpellere
1006 4301 1211 4381 potuerunt,
1262 4299 1330 4371 est,
1355 4296 1477 4376 utpote
1495 4307 1586 4376 quac
1603 4287 1724 4378 paucis
1749 4302 1785 4360 ct
1799 4315 1874 4362 non
1888 4291 1957 4361 nisi
1973 4287 2143 4366 heroibus
2162 4315 2237 4364 con·

222 4429 299 4477 non
312 4397 490 4493 spetiosns
503 4395 564 4466 illc
575 4394 822 4467 conditionum
837 4405 1034 4484 praetextos
1049 4391 1212 4474 inritare,
1262 4387 1379 4478 finili·
1428 4383 1562 4475 ΜΨ
1576 4387 1672 4458 θῑῖῐῦ
1689 4389 2238 4487 vi“mill‘’5¹¹¹i‘01'l⁰⁸¹¹⁶²¹l‘l·

223 4520 266 4580 up
278 4500 443 4584 ,wil-01,
469 4495 618 4568 retinuit
633 4519 731 4576 eum,
755 4518 830 4564 non
844 4507 885 4564 ut
899 4487 1094 4574 Achillem,
1117 4492 1210 4582 apud
1262 4492 1355 4560 ditas
1373 4485 1567 4572 vindictae,
1590 4491 1793 4579 pracsertim
1815 4493 1846 4564 si
1866 4518 1946 4564 eum
1963 4499 2116 4568 nocendi
2138 4493 2238 4568 tacut·

224 4607 423 4682 Homerum
436 4599 571 4684 Pallas,
595 4600 655 4668 sed
674 4597 802 4688 pietas,
825 4597 871 4666 ad
889 4595 965 4665 eius
986 4605 1211 4683 conspectum
1262 4605 1333 4664 tate
1346 4588 1533 4660 maioma
1549 4602 1612 4664 ⁰⁸&
1663 4589 1738 4662 11³⁸
1754 4593 1864 4684 leiim·
1884 4609 2013 4687 ΝΜ,
2040 4593 2128 4672 ¹¹⁸⁶ss
2146 4619 2238 4668 '¹²⁰⁰'

223 4709 345 4782 statim
377 4704 430 4774 ira
459 4697 664 4793 conquievit
690 4698 860 4790 cessitque
887 4695 999 4768 subiit
1027 4695 1067 4764 in
1096 4694 1212 4764 locum
1262 4709 1334 4764 stra
1353 4689 1394 4764 in
1418 4689 1523 4760 nobis
1544 4691 1630 4782 ἱμὶῑ
1653 4697 1847 4783 fflfflll!
1872 4697 2034 4785 Vlssffls
2064 4723 2184 4772 ¹¹⁰⁰ss⁰
2204 4697 2236 4764 ld

225 4813 324 4884 illius
347 4804 445 4878 mitis
465 4825 506 4872 ac
535 4801 672 4893 placida
703 4798 815 4872 animi
835 4797 994 4880 affectio,
1025 4795 1214 4888 induitque
1263 4793 1481 4866 Herculeum
1502 4805 1554 4864 est
1575 4794 1689 4886 opus?
1729 4793 1847 4886 Quam
1869 4799 2086 4892 impotenter
2110 4803 2160 4874 irs
2183 4819 2237 4868 ωδ

226 4937 307 4985 eum
325 4911 444 5001 ipeqm
465 4899 645 4988 habitum,
667 4924 776 4994 quem
798 4901 838 4972 ia
854 4898 955 4970 victis
978 4909 1214 4988 perspexerat:
1263 4897 1376 4969 ntitur
1397 4891 1513 4988 Sylla,
1538 4895 1600 4987 qui
1623 4908 1677 4967 tot
1700 4896 1892 4971 inermium
1910 4925 1955 4978 ,ac
1975 4903 2174 4976 deditorum
2193 4899 2236 4969 ci·

226 5027 325 5086 tanta
340 5009 395 5082 vis
411 5020 463 5079 cst
477 5004 636 5087 virtutis,
659 5015 700 5074 nt
714 5000 820 5076 etiam
835 5000 875 5072 in
890 4996 992 5071 hoste
1014 4995 1142 5071 habeat
1156 4998 1215 5068 in..
1263 4999 1362 5069 vium
1374 4995 1489 5066 millia
1502 4997 1693 5068 crudeliter
1706 5014 1786 5091 post
1802 5002 1986 5076 victoriam
2000 5006 2145 5094 occidit,
2169 5019 2237 5074 ton·

227 5129 347 5207 gentes
360 5109 524 5184 stimulos
538 5103 785 5178 admirationis
801 5115 836 5176 et
849 5102 994 5174 amoris.
1036 5099 1216 5172 Praestitit
1264 5114 1341 5172 tum
1373 5097 1621 5187 sanguinisin
1645 5100 1734 5170 orbe
1764 5103 1878 5196 todia,
1913 5106 2013 5178 luctu
2042 5129 2085 5178 ec
2116 5121 2236 5179 terrore

226 5215 336 5308 ipim„
350 5213 510 5286 ,nimum
531 5208 637 5302 plane
651 5220 838 5298 pateranus
861 5225 941 5294 erge
956 5197 1093 5282 hostes,
1117 5202 1215 5273 iudi·
1264 5199 1386 5272 omnia
1400 5199 1615 5290 complevit?
1638 5197 1673 5269 ls
1689 5225 1770 5272 cnm
1785 5206 1825 5276 in
1839 5209 1959 5278 vicino
1972 5209 2018 5278 sd
2032 5211 2153 5280 aedem
2164 5203 2237 5276 Bet·

227 5315 320 5400 mig
340 5337 406 5406 pm
430 5323 572 5404 peccaro
589 5331 718 5399 magno
739 5305 924 5398 paululum
946 5303 1114 5395 supplicii
1131 5304 1218 5374 satis
1263 5304 1368 5374 lonae
1385 5301 1522 5386 sedens,
1546 5298 1716 5373 Senatum
1734 5299 1893 5395 baberet,
1906 5323 1941 5382 et
1954 5306 2237 5382 misembillscls·

226 5439 319 5506 esse,
342 5413 498 5486 ostendit
520 5411 611 5482 iram
626 5422 660 5482 ct
683 5407 905 5482 severitatem
926 5406 967 5475 in
980 5403 1103 5476 abdito
1110 5458 1122 5491 ,
1145 5405 1217 5477 cle-
1264 5427 1343 5476 mor
1362 5425 1404 5472 ac
1423 5401 1677 5494 comploratio,
1709 5419 1764 5478 tat
1785 5408 1941 5483 millium
1961 5412 2030 5484 sub
2056 5411 2170 5504 gladio
2187 5429 2238 5497 ge·
2279 5409 2286 5430 ⁸
