4646 5824
193 248 270 324 m
364 305 371 322 ,
646 231 804 314 DECL.
850 231 926 312 DE
961 229 1232 312 lontrina
1264 235 1777 319 unntouortrann
2154 243 2226 322 82⁴

195 420 314 494 sedem
329 411 545 492 studiissuis
559 433 748 508 qnareaa
774 433 871 484 anno
892 408 1085 482 millesimo
1098 433 1189 508 qna·
1240 412 1435 490 millesimo
1453 411 1806 510 quadrimntesimo
1829 413 2091 511 septu*
2106 415 2228 513 pho,

108 609 110 614 ,
195 521 474 614 dringentesimo
488 514 746 610 septuagesimo
767 515 884 610 primo
900 513 1137 605 Noribergsm
1153 535 1190 584 ss
1241 541 1281 588 ac
1302 541 1426 590 rursus
1449 519 1662 604 millesimo,
1696 517 2067 614 quadringentesimo,
2096 535 2228 616 septas·

197 627 346 700 confert.
408 621 452 694 ln
478 617 547 692 bac
569 621 658 692 orbe
684 634 726 692 ut
753 619 876 692 matht
901 617 1080 713 reliquum
1105 639 1190 688 snae
1242 620 1374 711 gesimo
1390 623 1563 706 secundo,
1587 622 1714 692 arsisse
1728 623 1821 692 duos
1835 635 2005 696 cometas:
2029 647 2124 720 quos
2141 637 2228 698 tanta

197 728 320 802 aetatis
338 748 564 812 consumere,
590 721 665 814 ipse
685 717 749 793 has
770 721 959 808 recitabat,
982 721 1078 815 quud
1103 719 1191 790 arti·
1242 724 1379 796 siccitas
1399 739 1517 798 secuta
1532 737 1604 809 est,
1629 738 1671 796 ut
1686 723 1878 797 fluminum
1898 737 1934 796 st
1956 723 2113 800 fontium
2129 750 2230 797 venae

198 833 279 904 bces
304 829 357 902 ibi
390 839 505 898 essent
536 824 659 895 idonei
684 825 729 894 ad
756 824 981 896 fabricandas
1010 815 1192 894 machinas
1242 827 1459 902 exemerint,
1509 825 1732 896 Nominatisn
1750 827 1856 898 etism
1876 841 2026 900 namot
2040 828 2229 902 malano

199 930 285 1006 huic
301 932 369 1004 arti
389 929 618 1001 necessarias:
645 927 793 1012 deinde,
818 928 915 1021 quod
938 949 1001 1018 per
1018 937 1193 996 mercato·
1243 929 1458 1022 oppidorum
1480 928 1794 1020 conflagrationem
1815 943 1971 1002 secam
1985 951 2070 1006 aas.
2122 925 2231 1002 lltdi·

198 1061 255 1108 res
270 1033 464 1108 faciliusin
482 1031 569 1102 alias
583 1031 745 1121 regiones
762 1029 846 1100 inde
867 1030 988 1102 literas
1009 1027 1193 1098 transmit·
1244 1031 1422 1102 micamnt
1441 1031 1537 1103 inter
1564 1055 1601 1102 ss
1622 1034 1668 1102 de
1690 1025 1886 1120 Bobemia,
1921 1029 2089 1124 linupmi
2112 1045 2148 1104 et
2169 1031 2231 1104 Po-

200 1153 274 1212 tero
299 1133 425 1230 posset.
482 1132 574 1206 Cum
601 1133 696 1204 euim
718 1133 789 1202 iam
809 1132 986 1224 praeclare
999 1130 1193 1202 instructus
1244 1135 1333 1208 loni.
1371 1131 1418 1208 Et
1427 1129 1839 1206 MabometusTureicus
1851 1147 2027 1230 tyrannm
2042 1129 2233 1228 inEnmpa

199 1253 291 1314 esset
313 1237 495 1318 «torenna,
521 1249 556 1306 et
576 1249 794 1306 caeterorum
818 1235 949 1305 iudicia
969 1233 1194 1324 explorasset,
1247 1231 1480 1308 Walachiam
1512 1235 1716 1328 occupavit,
1751 1237 1793 1306 in
1818 1233 1905 1308 Asia
1934 1235 2232 1332 Trapesnntintm

200 1359 235 1418 et
259 1367 295 1414 se
318 1353 493 1436 quantm
517 1339 650 1432 potnit,
676 1340 721 1408 ad
747 1333 959 1408 mathemata
981 1336 1193 1406 illustranda
1245 1362 1413 1431 regnum,
1438 1353 1478 1410 ut
1493 1339 1562 1410 alia
1583 1339 1696 1410 multa
1709 1339 1881 1412 omittam.
1932 1335 2025 1412 Cum
2041 1341 2153 1432 igitur
2166 1338 2233 1412 Rs-

200 1459 235 1519 et
250 1445 476 1538 propaganda
492 1454 742 1534 praeparasset,
766 1439 996 1512 constituerat
1009 1453 1045 1510 et
1058 1451 1194 1508 veteres
1244 1443 1496 1534 giomontenus
1529 1441 1635 1514 sciret
1664 1465 1739 1512 non
1765 1465 1869 1534 saepe
1889 1443 2032 1515 duabu
2047 1443 2232 1515 ‘conflauit

201 1549 389 1641 scriptores
416 1547 539 1628 edere,
572 1557 607 1614 et
629 1566 709 1614 suas
737 1541 979 1614 enarrationes
1001 1541 1193 1632 publicare.
1245 1543 1351 1616 annis
1366 1545 1530 1614 incensos
1544 1567 1618 1615 esse
1632 1557 1805 1629 cometas,
1831 1558 1866 1617 et
1882 1559 2089 1618 moveretur
2102 1546 2230 1638 ugni·

200 1647 260 1724 Ad
282 1647 376 1720 hanc
397 1671 473 1718 rem
494 1645 662 1718 instruxit
688 1645 865 1716 officinam
893 1638 1195 1740 typographicam,
1245 1648 1370 1720 tudine
1384 1659 1598 1732 eventuum,
1622 1647 1685 1742 qui
1701 1646 1812 1718 secuti
1830 1661 1949 1720 erant:
1973 1647 2092 1722 edidit
2109 1647 2234 1719 miran-
2267 1709 2270 1716 ,

202 1765 237 1826 et
250 1751 556 1824 nomenclaturam
575 1748 761 1840 proposuit
783 1745 981 1832 libromm,
1011 1768 1102 1840 qnos
1116 1744 1195 1816 edi·
1246 1753 1332 1822 dum
1349 1773 1464 1842 opus,
1490 1751 1536 1818 de
1553 1772 1638 1820 vero
1661 1749 1740 1820 loro
1763 1763 1798 1820 et
1818 1749 2067 1840 magnitudine
2090 1764 2233 1822 cometa·

200 1867 412 1938 sumserat,
437 1847 782 1948 qusesdbncertat‚
803 1863 837 1922 es
853 1837 998 1944 quidem
1014 1847 1194 1941 auspicato
1246 1876 1339 1925 mm
1389 1851 1476 1924 Fuit
1488 1853 1612 1922 eodem
1627 1865 1788 1945 tempore
1801 1846 1992 1924 Ersordiss
2006 1851 2064 1924 sir
2080 1852 2233 1928 meunt

201 1979 345 2030 eronus
377 1969 431 2026 est
455 1955 501 2025 ab
526 1955 682 2025 editione
706 1949 986 2044 Ephemeridum
1016 1973 1193 2022 annorum
1246 1978 1327 2027 mus
1350 1962 1389 2024 in
1412 1949 1470 2024 his
1491 1953 1709 2046 disciplinis,
1734 1953 1902 2046 magister
1915 1950 2161 2029 Christianus:
2184 1953 2233 2024 eui

200 2060 362 2151 triginta:
388 2057 527 2152 fuitque
542 2069 613 2128 um
635 2069 753 2146 gratus
773 2055 877 2126 labor
892 2079 933 2130 eo
954 2067 1133 2146 tempore,
1155 2065 1196 2123 ut
1247 2071 1420 2153 qusmum
1445 2057 1612 2128 tribuerit
1631 2053 1958 2147 Regiomontanus,
1991 2081 2034 2128 er
2057 2058 2136 2130 eius
2154 2053 2233 2148 Epi·

202 2161 342 2253 singula
367 2157 580 2252 eseruplaria
610 2157 799 2228 duodecim
835 2157 952 2228 aureis
980 2154 1196 2246 Hunqaricis
1245 2161 1336 2232 stola
1353 2161 1518 2252 adparet,
1540 2159 1578 2228 in
1596 2183 1665 2253 qna
1680 2159 1815 2244 scribit,
1840 2159 2101 2232 semolients·
2116 2159 2233 2230 edhio·

200 2266 460 2342 venderentur,
487 2260 683 2354 etquidem
700 2273 950 2352 appeterentur
968 2260 1014 2330 ab
1031 2259 1194 2330 omniurn
1247 2287 1310 2334 nes
1324 2263 1470 2335 utilium
1487 2262 1715 2353 scriptorum,
1743 2256 1835 2332 hane
1850 2264 1898 2334 ob
1914 2285 2058 2334 msam
2073 2261 2234 2334 libentius

200 2367 359 2460 gentium
375 2360 597 2438 hominibus.
646 2361 760 2434 Nemo
777 2359 903 2449 italus,
927 2359 1075 2448 Gallus,
1099 2359 1195 2432 Pan·
1247 2367 1415 2457 migrasse
1435 2362 1689 2454 Noribergam‚
1718 2387 1764 2433 ue
1784 2366 1910 2456 procul
1932 2366 1979 2437 ab
2002 2366 2084 2458 ipso
2098 2365 2233 2442 abent,

201 2469 349 2552 nonius,
374 2463 554 2551 Sarmata,
586 2477 647 2535 aut
668 2462 869 2536 Germanus
890 2465 1007 2536 simile
1028 2465 1195 2536 calenda·
1247 2470 1344 2563 quod
1360 2467 1513 2538 maxime
1535 2490 1574 2536 se
1596 2467 1643 2536 ab
1658 2491 1700 2536 eo
1722 2465 1906 2550 adiuvari,
1931 2480 1967 2539 et
1979 2465 2118 2539 iudicio
2134 2465 2234 2558 ipsius

199 2573 295 2644 rium
310 2569 459 2642 viderat.
511 2565 640 2638 Veneti
656 2567 761 2639 etiam
783 2567 823 2636 in
838 2564 1025 2640 Graeciam
1047 2560 1195 2636 invehe-
1246 2592 1465 2664 censuraque
1486 2569 1525 2638 in
1542 2567 1666 2639 multis
1685 2567 1842 2640 materiis
1857 2569 1911 2641 uti
1935 2567 2068 2664 cupiat.
2119 2567 2233 2640 Lastdo

199 2677 301 2748 bant.
340 2669 449 2744 Scitis
462 2681 579 2742 autem
593 2683 631 2739 et
648 2670 739 2738 velte
752 2665 881 2755 Deum,
905 2684 946 2742 nt
960 2667 1046 2739 anni
1062 2667 1194 2740 discer—
1246 2672 1391 2744 artificis
1414 2671 1708 2763 praestantissimi
1726 2672 1949 2755 candorem,
1981 2672 2082 2768 qnod
2107 2671 2234 2742 absum

198 2789 352 2860 uantur,
377 2787 412 2845 et
425 2771 564 2844 erudita
579 2771 786 2842 discrimina
799 2771 966 2842 omnibus
979 2771 1075 2842 sanis
1091 2770 1195 2841 valde
1245 2777 1314 2847 fuit
1328 2777 1374 2846 ab
1391 2773 1669 2858 obtrectatione,
1696 2786 1728 2843 et
1750 2774 2036 2846 amalevolentia
2057 2795 2140 2866 erpa
2160 2794 2234 2842 suae

200 2892 299 2972 grata
320 2899 403 2951 esse.
456 2873 578 2964 Quare
598 2875 737 2946 furores
755 2871 951 2970 Cyclopum
968 2875 1194 2958 detestemur,
1246 2880 1332 2949 artis
1353 2877 1584 2969 professores:
1610 2889 1645 2946 et
1670 2873 1816 2969 quidem
1839 2877 1998 2948 arbitror
2017 2876 2113 2949 serio
2137 2871 2234 2945 buius

199 2981 264 3078 qui
287 2975 415 3053 barum
443 2977 573 3050 artium
602 2976 719 3047 studia
744 2977 801 3047 vel
822 2977 995 3060 oderunt,
1028 2977 1085 3046 vel
1108 2999 1194 3046 con·
1247 2975 1479 3073 pulcherrimi
1493 2977 1625 3048 laboris
1638 2977 1769 3060 socios,
1792 2989 1828 3049 et
1842 3001 2029 3051 censuram
2051 2976 2234 3072 marnar-

199 3095 376 3156 temnuut.
425 3078 598 3171 Sumptus
621 3092 739 3150 autem
756 3079 801 3148 ad
821 3079 1066 3150 instruendam
1083 3077 1196 3148 offici·
1247 3083 1357 3154 tificis.
1368 3080 1593 3175 quaesivisse.

201 3208 285 3258 nam
311 3175 599 3280 typographicam
630 3180 818 3272 praecipue
844 3180 994 3250 contulit
1013 3174 1195 3251 bernbar—
1350 3181 1462 3254 Grata
1475 3185 1591 3254 fuerat
1606 3179 1744 3255 Romae
1758 3181 1924 3274 inprimis
1939 3182 2050 3256 editio
2065 3177 2234 3277 Ephesos-

201 3290 268 3360 dus
282 3285 487 3373 Walterus,
513 3283 648 3354 ecuius
661 3283 795 3354 familia
811 3281 976 3354 Walteri
989 3283 1125 3354 suntin
1140 3277 1196 3352 his
1247 3287 1384 3357 ridum:
1412 3300 1446 3356 et
1466 3285 1535 3356 viri
1551 3285 1663 3370 docti,
1687 3285 1752 3378 qui
1773 3285 1850 3356 eius
1873 3284 2058 3376 ingenium
2072 3299 2110 3358 et
2123 3281 2233 3356 emeti-

201 3387 408 3482 regionibus
431 3409 506 3456 non
530 3385 660 3477 ignoti,
686 3385 749 3478 qui
777 3399 811 3456 et
838 3385 1022 3456 facultates
1044 3381 1197 3458 habebat
1248 3391 1381 3460 tionem
1400 3401 1548 3470 norant,
1578 3387 1618 3456 in
1636 3384 1775 3458 ltaliam
1795 3410 1877 3462 eum
1893 3381 2026 3459 mtrabi
2040 3381 2233 3480 cupiebant,

201 3489 456 3585 amplissimas,
479 3501 514 3559 et
533 3489 671 3560 colebat
687 3488 869 3562 doctrinae
887 3487 1048 3560 coelestis
1068 3487 1196 3562 studia.
1247 3505 1289 3563 ut
1302 3491 1374 3562 frui
1388 3491 1464 3562 eius
1482 3489 1643 3560 doctrina
1660 3503 1815 3582 possent.
1865 3486 1915 3560 Hi
1930 3503 2015 3561 snut
2031 3484 2232 3565 bonanus

202 3593 374 3666 lusitavit
397 3604 516 3662 autem
536 3604 575 3662 et
589 3591 742 3661 aliorum
763 3591 959 3662 multorum
981 3590 1114 3662 civium
1132 3615 1194 3660 vo·
1248 3608 1288 3666 ut
1303 3591 1469 3664 Pontifex
1486 3591 1607 3664 Status
1628 3616 1709 3662 eum
1724 3589 1880 3663 Romam
1897 3603 2072 3676 acrem,
2090 3604 2231 3663 et'cautt

200 3697 366 3777 luntates,
382 3708 422 3765 ut
438 3689 503 3763 bas
517 3693 723 3790 disciplinas
737 3693 924 3784 degustare
938 3706 973 3765 et
987 3715 1198 3783 cognoscere
1249 3711 1468 3776 recensetur,
1496 3698 1594 3789 quod
1615 3697 1661 3765 de
1682 3691 1932 3766 emendatione
1947 3690 2154 3766 Cdcnsbrii
2176 3691 2230 3760 de·

201 3799 411 3892 inciperent.
462 3791 560 3866 Haec
582 3794 770 3865 seminaria
792 3789 899 3868 huius
918 3795 1102 3868 doctrinae
1123 3795 1198 3887 pri-
1249 3799 1475 3868 liberationes
1490 3797 1631 3868 futurae
1646 3809 1772 3868 esseut.
1825 3789 1904 3868 nst
1920 3808 2040 3868 autera
2061 3800 2163 3887 aspre
2177 3815 2230 3884 pa-.

201 3899 301 3972 moin
322 3897 541 3990 Noribergae
566 3919 686 3992 sparsa
712 3909 807 3970 sunt.
868 3893 990 3990 Quare
1016 3921 1128 3994 usque
1151 3899 1197 3968 ad
1248 3901 1404 3972 tiebatur
1424 3899 1530 3971 avelli
1552 3922 1590 3969 se
1609 3896 1920 3990 Regiomontanas
1938 3899 1989 3970 ab
2008 3897 2152 3970 olbciu
2170 3907 2229 3964 eta

202 3997 463 4096 baec.tempora
480 3999 520 4070 in
534 4023 575 4072 ea
589 4001 680 4072 urbe
696 3997 807 4094 magis
830 3994 958 4072 barum
975 3999 1106 4072 artium
1122 4013 1198 4074 sto·
1249 4001 1445 4076 Ptolemaei
1462 4001 1638 4087 editione,
1663 4014 1697 4072 et
1714 3999 1936 4094 praesagiens
1955 4021 2058 4072 sm
2077 4009 2228 4073 noram

57 4161 58 4166 ι
202 4105 263 4178 dia
277 4103 427 4190 florem,
449 4127 558 4198 quam
574 4103 614 4174 in
630 4102 809 4200 plerisque
824 4097 1039 4178 Academiis.
1078 4095 1127 4176 lit
1142 4125 1198 4173 sa-
1248 4117 1470 4198 utnsrrant,
1495 4105 1709 4200 querebatur
1723 4127 1761 4174 se
1774 4102 1948 4195 grassum
1961 4097 2032 4174 hoc
2047 4095 2228 4176 iteam

203 4205 416 4302 pientissimi
429 4217 571 4280 senatus
585 4205 736 4278 consilio
753 4200 971 4298 stipendium
987 4217 1122 4276 certum
1137 4229 1198 4276 ar·
1249 4231 1349 4301 pere:
1383 4205 1470 4280 sicit
1490 4220 1611 4280 temen
1629 4203 1813 4278 Pontifieis
1834 4205 2017 4280 ntoritss.
2065 4197 2117 4276 Εἰ
2136 4221 2227 4294 musa

204 4309 308 4392 tium,
323 4322 365 4382 ut
378 4309 423 4380 ad
437 4331 559 4380 earum
574 4306 816 4400 cognitionem
832 4307 998 4380 iuventus
1012 4307 1204 4394 adsuebate
1249 4309 1430 4404 proposita
1461 4321 1556 4395 erat,
1595 4331 1686 4404 quae
1716 4307 1835 4380 sirum
1864 4307 2068 4400 cupientem
2095 4297 2227 4378 utilitati

205 4435 246 4484 ac
262 4433 384 4483 recem
405 4409 458 4482 ibi
480 4411 675 4484 multomm
691 4411 807 4484 studia
821 4409 986 4482 excitavit
1001 4409 1056 4480 sir
1073 4411 1199 4484 doctus
1249 4411 1433 4485 communi
1452 4411 1585 4484 servire
1601 4410 1782 4484 movebat.
1832 4407 1940 4482 Scitis
1954 4408 2051 4480 enim
2066 4417 2224 4504 quantum

207 4528 241 4586 et
265 4507 536 4586 honestissimus
554 4509 704 4584 loannes
721 4507 940 4586 Sebonerus.
989 4509 1118 4584 Videte
1134 4537 1198 4584 au-
1249 4513 1382 4608 prosit,
1407 4509 1539 4586 habere
1562 4513 1737 4586 rationem
1761 4512 1850 4584 anni
1870 4525 1965 4584 recte
1984 4511 2179 4584 ordinatam
2196 4514 2224 4573 et

207 4631 280 4690 tem
314 4630 483 4712 quaestam
517 4637 593 4686 reru
629 4615 777 4687 molitus
807 4615 854 4688 sit
881 4611 1200 4708 Regiomontanus.
1249 4617 1485 4692 emendatam.
1533 4614 1630 4688 Huic
1661 4615 1805 4706 negotio
1833 4627 1953 4696 nuto,
1986 4627 2128 4708 umque
2154 4603 2222 4679 utili

207 4717 327 4791 Novas
348 4718 528 4790 versiones
551 4717 705 4790 instituit
719 4715 914 4790 Ptolemaei
938 4715 1091 4809 Magnae
1112 4741 1199 4788 ron·
1249 4723 1370 4790 deesse
1386 4719 1515 4792 notuit.
1566 4716 1749 4792 Credibile
1764 4731 1817 4788 est
1831 4716 1960 4804 etiam,
1984 4739 2029 4786 eo
2046 4709 2223 4786 minassb·

206 4821 411 4894 stmctionis
434 4833 470 4916 et
500 4816 757 4916 Geographiae.
810 4816 1021 4892 Adoruabat
1049 4835 1084 4892 et
1115 4843 1197 4892 sua·
1249 4817 1430 4894 horruisse
1449 4822 1496 4894 ab
1514 4816 1583 4893 hoc
1605 4821 1751 4905 itinere,
1777 4818 1861 4914 quia
1884 4819 2066 4913 expetebat
2080 4812 2220 4888 erudito·

206 4949 289 4998 rum
303 4922 593 4996 emendationum
608 4923 904 4997 confirmationes.
937 4919 1068 4998 Obiter
1082 4936 1117 4994 et
1129 4923 1197 4994 alia
1249 4949 1330 4996 nam
1361 4923 1558 5019 colloquia,
1593 4937 1628 4995 et
1659 4921 1862 4992 invitabant
1888 4943 1968 4992 eum
1994 4913 2220 4992 bibliothecae·

205 5043 353 5101 naturae
387 5051 494 5120 opera
524 5039 702 5098 scrutatur
732 5037 767 5096 et
802 5025 978 5118 patefacit.
1043 5023 1198 5120 inquirit
1248 5026 1359 5100 Redit
1389 5027 1499 5119 igitur
1523 5023 1698 5108 Romam,
1723 5025 1788 5095 ubi
1814 5047 1896 5094 eum
1924 5047 1999 5094 non
2018 5023 2081 5093 diu
2103 5019 2219 5096 fuisset,

206 5153 312 5224 quam
335 5131 404 5202 alte
420 5124 596 5200 vehantur
615 5153 721 5222 supra
741 5141 871 5200 terram
887 5151 1052 5218 vapores,
1078 5143 1114 5200 et
1129 5130 1197 5198 mi-
1250 5143 1412 5201 mortuus
1432 5143 1485 5202 est
1505 5153 1601 5201 anno
1622 5121 1812 5198 millesimo
1833 5122 2174 5220 quadringentesimo
2190 5126 2218 5184 et

205 5231 310 5300 rabili
326 5232 466 5302 solertia
482 5228 727 5322 deprehendit,
753 5255 827 5300 non
843 5232 995 5323 amplius
1010 5231 1195 5301 duodecim
1247 5233 1520 5324 septuagesimo,
1549 5255 1622 5324 quo
1643 5253 1739 5300 anno
1757 5229 1921 5302 videlicet
1939 5227 2017 5302 Rex
2031 5219 2217 5298 Pannoniae

205 5329 418 5402 milliaribus
441 5331 664 5424 Germanicis
685 5357 746 5404 eos
768 5335 814 5403 ab
843 5327 1028 5403 horizonte
1053 5335 1195 5408 distare.
1247 5329 1420 5406 Matthias
1439 5335 1573 5424 ingenti
1599 5333 1712 5424 prelio
1731 5328 1977 5402 Mahometum
1999 5317 2215 5424 superavitad

202 5429 369 5522 Legimus
380 5446 497 5503 autem
513 5459 555 5504 eo
569 5450 727 5531 tempore
741 5436 883 5506 duobus
899 5435 1078 5506 coutinuis
1092 5436 1196 5506 annis
1248 5435 1515 5523 Siudemviam,
1545 5435 1586 5506 in
1602 5459 1675 5529 quo
1698 5435 1803 5510 etiam
1825 5433 1957 5504 vulnus
1971 5433 2137 5528 accepisse
2149 5420 2215 5497 Mt·

20 5718 174 5788 A..
