4688 5826
65 267 136 351 ill
608 267 768 354 unct,
801 267 880 350 ut:
911 266 1191 348 ENGOMIO
1224 267 1573 352 muntctnatt,
2030 277 2105 352 tes

59 467 129 516 non
147 441 385 542 quibuscum
417 441 504 522 honi
528 443 598 522 tiri
619 443 771 536 litigent.
834 442 908 517 Vos
930 443 1060 540 quibus
1210 441 1449 543 Pythagoram
1491 445 1592 518 alunt
1634 445 1876 520 adulescentes
1914 449 2097 544 quosdam,

60 545 184 624 melior
206 567 311 619 meus
332 558 366 620 et
395 539 581 623 honestior
599 548 742 618 animus
762 545 921 642 eisqui
939 547 1058 638 digni·
1109 571 1190 619 cum
1209 543 1377 620 honestae
1397 548 1538 620 cuidam
1559 547 1738 620 foeminae
1761 549 1799 619 in
1823 552 1989 624 convivio
2011 553 2096 623 libi-

60 661 145 732 tate,
185 647 380 738 splendore
418 662 452 720 et
481 649 663 722 maiestate
692 650 908 722 naturalium
938 673 1057 720 rerum
1108 650 1193 722 dine
1213 649 1438 734 inflammati,
1463 649 1535 720 rim
1557 651 1682 720 afferre
1702 655 1934 738 conarentur,
1959 667 2094 727 mutato

60 763 244 832 movetur,
283 751 544 844 amplectimini
574 747 817 832 Medicinam,
856 776 926 848 qua
962 746 1057 822 nihil
1107 767 1214 824 cantu
1237 753 1405 825 tibiarum
1427 749 1508 850 (qui
1531 751 1569 824 in
1586 753 1760 824 conviciis
1775 777 1815 824 ex
1832 751 2095 828 moreadhihe-

60 851 204 935 melius,
235 875 352 946 neque
370 847 576 947 pulchrius,
601 875 717 946 neque
739 852 853 924 mains
867 855 973 924 rebus
988 847 1056 924 hu-
1107 853 1230 949 batur)
1258 855 1447 948 spondaeis
1477 855 1703 926 tardiusculis
1734 856 1886 943 flexisse,
1926 871 1966 927 ut
1995 879 2094 927 com-

61 954 172 1024 manis
194 953 374 1030 divinitus
396 955 562 1046 contigit3
589 979 679 1049 quae
702 969 738 1026 at
760 954 812 1026 rei
835 955 1056 1046 amplifican·
1107 979 1224 1048 pressa
1246 956 1396 1028 libidine
1412 957 1458 1026 ab
1473 955 1612 1048 incepto
1627 956 1848 1030 desisterent.
1901 955 1951 1028 At
1965 953 2003 1028 hi
2018 983 2092 1030 non

62 1055 122 1124 dae
142 1055 416 1148 compendiaria
440 1057 498 1132 vie
514 1071 584 1140 eet,
605 1069 640 1126 et
657 1069 794 1126 tantum
809 1057 1055 1128 oblectationis
1105 1072 1243 1130 tantum
1266 1083 1340 1130 uon
1361 1057 1522 1129 oratione
1544 1059 1615 1128 ulla
1640 1059 1771 1150 placari
1794 1083 1895 1150 posse
1915 1059 2093 1148 videntur,

61 1156 326 1242 subministrat,
358 1174 532 1252 quantum
563 1152 742 1228 hermanus
763 1158 905 1228 animus
932 1182 1056 1248 capere
1092 1163 1165 1242 ¹sed
1201 1161 1323 1231 multia
1357 1153 1528 1234 hellebori
1562 1161 1744 1250 iugeribus
1773 1164 1816 1229 ad
1848 1152 2091 1232 medicandam

61 1271 184 1350 potest.
246 1256 330 1330 Non
360 1260 456 1330 euim
485 1255 564 1344 hic,
598 1273 639 1332 ut
669 1260 708 1328 in
742 1259 899 1350 pictura,
931 1261 1054 1336 inanes
1105 1261 1295 1332 stulticiam
1323 1285 1412 1352 opus
1436 1257 1584 1333 habent:
1618 1285 1727 1356 qnare
1749 1287 1829 1332 cum
1850 1257 1906 1332 his
1928 1263 1965 1332 in
1990 1287 2093 1354 prae-

61 1361 206 1433 nmhrae
230 1373 266 1432 et
297 1384 408 1434 canae
437 1385 627 1452 corporum
660 1361 831 1450 imagines
861 1385 926 1432 nus
953 1363 1053 1434 oble-
1104 1362 1218 1435 sentia
1248 1389 1322 1433 nnn
1354 1377 1405 1434 est
1432 1363 1546 1435 visum
1575 1364 1775 1454 digladiari.
1826 1364 1894 1436 Sed
1926 1365 2030 1435 bonis
2053 1391 2093 1436 ac

62 1475 172 1546 cunt,
198 1463 265 1532 sed
288 1485 344 1532 res
367 1462 557 1536 solidaret
582 1464 703 1534 vivum
722 1476 869 1534 naturae
887 1487 996 1556 opus,
1020 1478 1054 1536 et
1103 1465 1269 1536 suadiosis
1292 1461 1493 1536 liberalium
1516 1465 1645 1536 artium
1663 1467 1965 1551 adulescentibus,
1991 1469 2093 1558 cupi-

62 1562 272 1636 ineredibile
303 1577 338 1636 et
366 1564 508 1642 varium
534 1564 611 1634 eius
640 1565 767 1650 decus,
806 1587 888 1636 cum
915 1589 1052 1636 summa
1103 1589 1183 1637 mus
1205 1567 1310 1638 iidem
1336 1567 1463 1637 iecere:
1489 1591 1563 1638 non
1581 1567 1685 1637 aliam
1700 1581 1868 1638 artemer
1885 1563 2092 1660 prophanis,
2116 1587 2118 1594 ·

61 1665 244 1756 voluptate
265 1678 460 1757 spectatum
492 1679 567 1736 tum
590 1666 691 1750 facit,
720 1660 839 1736 uthis
862 1667 964 1736 honis
985 1668 1053 1736 tlo-
1104 1684 1164 1739 aut
1186 1669 1307 1760 plures
1329 1669 1498 1740 utilitates
1512 1671 1554 1740 ad
1573 1669 1680 1740 vitam
1698 1669 1844 1752 afferre,
1871 1671 2093 1760 sutdignio·

61 1789 218 1852 mmns,
251 1767 383 1861 quibus
412 1782 454 1838 ut
475 1768 657 1840 abundare
682 1768 970 1852 foelicissimum‚
1005 1769 1052 1840 ita
1104 1795 1178 1840 rem
1198 1793 1291 1854 esse,
1316 1771 1354 1840 in
1370 1795 1438 1864 qua
1455 1767 1717 1861 cognoscenda,
1743 1771 1946 1865 quicunque
1962 1773 2093 1844 libera·
2204 1771 2207 1783 '

61 1881 230 1940 etcarerc
247 1868 487 1942 miserrimm
502 1883 564 1942 est.
617 1867 738 1958 Quare
754 1868 817 1962 qui
838 1871 928 1942 beati
945 1893 1051 1964 quam
1104 1873 1199 1944 libus
1220 1872 1373 1963 ingeniis
1390 1872 1540 1964 praediti
1557 1885 1661 1959 saint,
1684 1887 1994 1966 operamsumant.
2044 1869 2093 1944 Et

61 1969 180 2038 miseri
207 1991 284 2040 esse
313 1971 469 2054 malunt,
507 1967 545 2040 hi
576 1984 702 2062 putent
733 1970 802 2042 sihi
835 1969 1052 2042 Medicinam
1103 1995 1307 2068 quanquam
1337 1974 1374 2044 in
1405 1969 1473 2044 hoc
1497 1987 1705 2065 argumento
1726 1987 1884 2066 optarem
1906 1969 1996 2044 mihi
2019 1997 2092 2044 esse

60 2071 229 2144 omnibns
241 2071 359 2144 modis
372 2072 652 2164 amplexandam.
702 2069 799 2148 Dixi.
1103 2099 1181 2146 eam
1203 2075 1424 2160 facultatem,
1449 2099 1539 2170 quae
1563 2099 1629 2168 pro
1651 2075 1821 2166 dignitate
1836 2099 2027 2169 exponere,
2059 2090 2094 2146 et

1103 2201 1232 2248 ornare
1258 2201 1316 2248 res
1344 2176 1568 2266 dignissimas
1597 2178 1702 2250 laude
1732 2191 1866 2270 posset:
1897 2191 2014 2250 tamen
2045 2177 2094 2264 ita

1103 2291 1223 2351 extant
1245 2281 1292 2350 ob
1315 2279 1453 2364 oculor,
1478 2277 1527 2348 ita
1548 2293 1735 2350 versantur
1755 2279 1849 2350 inter
1869 2302 1997 2350 manua
2012 2278 2093 2349 Me-

62 2415 199 2492 N‘m·
666 2425 1054 2510 (sn.1529.ve11530.?)
1104 2381 1244 2453 dicinae
1267 2381 1472 2466 commoda,
1496 2395 1537 2452 ut
1558 2381 1602 2451 ad
1625 2403 1701 2451 eam
1724 2381 1996 2473 praedicandam
2018 2403 2093 2450 non

655 2519 1053 2563 W
1105 2483 1296 2553 admodum
1320 2479 1484 2552 uberiore
1499 2481 1701 2576 eloquentia
1715 2505 1805 2574 opus
1820 2481 1876 2555 sit.
1927 2477 2017 2552 Etsi
2033 2505 2093 2550 us·
2201 2495 2215 2508 ⁸

1105 2609 1211 2680 qnam
1238 2607 1361 2654 verum
1391 2585 1557 2677 estquod
1580 2583 1699 2670 aiunt,
1732 2583 1863 2676 probae
1886 2582 1995 2652 merci
2017 2608 2092 2652 non

264 2635 540 2726 Emmlum
567 2639 846 2730 Mediam·
1105 2711 1179 2761 esse
1208 2709 1380 2778 praecone
1408 2708 1517 2776 opus,
1546 2683 1697 2754 minime
1725 2685 1886 2755 omnium
1912 2683 2091 2754 Medicina

3 2885 4 2890 ἵ
124 2813 1056 2942 spurcanntytqatnqa„aan201.m,a,r,1‚p‚ao2‚
1105 2787 1260 2882 postulat
1282 2786 1440 2877 vulgaria
1464 2787 1667 2878 praeconia,
1698 2787 1799 2857 cuine
1822 2786 1956 2856 utilitas
1978 2785 2092 2879 posita

162 2883 283 2942 Servat·
300 2883 336 2942 T.
347 2885 370 2940 ¹·
389 2886 492 2958 e·2⁶⁰·
510 2897 538 2942 aa
581 2887 682 2946 tusae.
700 2891 735 2942 Τ·
749 2889 784 2944 ¹1·
804 2911 830 2964 a·
846 2893 903 2946 1⁰⁴·
1106 2892 1144 2960 in
1177 2902 1366 2980 conspectu
1393 2899 1534 2972 nostro,
1565 2887 1726 2958 omnium
1750 2887 1954 2959 mortalium
1977 2887 2093 2958 studia
2194 2961 2216 2980 ‚

114 3043 207 3117 Alio
229 3049 352 3117 oratio
372 3045 524 3119 laudem
544 3045 764 3122 Medicinae
788 3053 995 3124 contineas.
1105 2993 1333 3086 savmmqn‘
1348 3001 1515 3103 'mm'

1209 3143 1310 3234 Quae
1331 3141 1427 3214 enim
1449 3141 1518 3214 alia
1536 3165 1611 3228 ars,
1636 3155 1698 3214 scat
1715 3143 1837 3234 plura,
1863 3157 1924 3214 aut
1940 3143 2092 3240 gratiora

1106 3248 1199 3318 vitae
1213 3243 1385 3318 foeliciter
1399 3245 1576 3336 degendae
1592 3243 1806 3314 adminicula
1824 3244 1929 3316 nobis
1945 3245 2094 3338 promit·
2113 3331 2115 3338 Ι

1106 3351 1175 3426 tit?
1227 3347 1335 3438 Quod
1359 3371 1439 3416 cnm
1460 3345 1779 3418 animadverterent
1797 3360 1952 3432 veteres,
1977 3361 2095 3420 tanto-

1106 3476 1190 3548 pere
1219 3462 1397 3546 praestare
1426 3471 1503 3518 eam
1531 3446 1613 3518 aliis
1640 3446 1776 3520 artibus
1796 3449 1982 3534 omnihus,
2013 3473 2094 3520 cum
2120 3463 2146 3488 ⁴·
2206 3465 2211 3479 ¹

1107 3555 1252 3649 quidem
1275 3549 1436 3623 omnium
1461 3547 1611 3620 aliarum
1629 3547 1897 3640 disciplinarum
1915 3549 2095 3620 inventio-

1107 3681 1210 3736 nem,
1243 3645 1613 3729 immoet'literarum
1635 3662 1671 3720 ct
1694 3647 1810 3742 legum
1836 3649 2032 3742 primordia
2055 3652 2096 3722 in

1108 3753 1270 3828 homines
1286 3766 1446 3826 auctores
1460 3753 1648 3838 referrent,
1674 3750 1713 3821 in
1728 3775 1799 3822 una
1817 3749 1997 3823 Medicina
2013 3776 2095 3822 sen-

1109 3872 1231 3932 serunt
1254 3869 1389 3932 tantam
1412 3877 1486 3926 ease
1507 3853 1599 3936 vim,
1625 3868 1664 3926 ut
1687 3853 1864 3924 neminem
1890 3855 2094 3926 mortalium

62 3181 120 3268 lie
140 3193 222 3288 ipsa
240 3195 421 3287 comperio
443 3197 666 3268 verissimum
688 3221 781 3280 csse,
808 3201 903 3294 quod
918 3199 1057 3293 scripsit

64 3299 210 3394 qcaidam
227 3293 355 3368 Poeta:
433 3295 440 3332 ¹
704 3349 707 3355 -

169 3401 286 3470 onata
300 3421 372 3475 sont
382 3411 517 3490 ingrata,
542 3409 622 3470 nihil
636 3410 742 3472 fecisse
755 3412 884 3492 benigne
897 3423 951 3473 est.

65 3499 157 3574 Nam
178 3523 262 3572 oum
283 3525 358 3572 non
376 3501 446 3573 alia
459 3527 516 3574 ars
532 3505 577 3573 de
592 3505 697 3574 nobis
710 3507 855 3576 uberius
871 3517 1056 3585 mereatur,

67 3625 174 3697 cpiam
187 3599 388 3689 Medicina,
415 3617 535 3676 umen
549 3607 604 3674 vel
618 3607 656 3675 in
671 3607 795 3699 primis
810 3602 893 3676 huic
909 3606 1058 3698 pessima

68 3703 178 3796 gratia
208 3727 230 3774 a
253 3703 430 3799 plerisque
454 3707 658 3777 mortalium
682 3709 859 3796 redditur,
893 3709 956 3804 qni
977 3723 1058 3779 tan-

71 3821 141 3878 tum
159 3805 278 3887 abest,
303 3820 345 3878 ut
358 3822 550 3898 agnoscant
564 3803 672 3880 huius
688 3811 873 3895 beneficia,
899 3824 939 3887 ut
958 3811 1057 3880 occlto

70 3933 142 3980 non
164 3930 295 3999 genere
312 3909 572 3996 convitiorum,
597 3935 677 3982 cum
698 3925 808 3982 artem
827 3913 955 4004 ipsam,
983 3927 1057 3982 tum

71 4033 149 4095 nos,
183 4009 307 4104 quiin
332 4012 578 4106 perquirendis
601 4008 803 4098 biarchus,
837 4037 927 4108 quae
948 4015 1057 4084 vitam

72 4125 281 4204 prorogant,
302 4137 394 4206 quac
416 4114 656 4184 valetudinem
681 4129 892 4184 conservant
906 4139 946 4186 ac
961 4139 1059 4184 rnor-

73 4215 134 4286 boa
152 4227 292 4298 ament,
317 4239 461 4306 operam
485 4217 678 4301 collocant,
704 4210 945 4290 conscindant.
999 4215 1059 4286 ld-

75 4337 138 4412 que
165 4313 301 4388 iaciunt
329 4313 388 4402 hi,
418 4318 482 4412 qui
510 4319 647 4412 quoties
674 4319 802 4410 pituita
825 4319 973 4388 molesta
997 4333 1059 4402 eu,

76 4431 143 4488 tots
170 4419 279 4488 domo
307 4419 511 4513 myropolia,
538 4433 724 4505 coemunt,
756 4443 879 4491 omnes
900 4417 1059 4514 u'ndique

76 4517 233 4590 Medicos
255 4523 480 4607 conducunt,
515 4523 746 4615 veterinariae
768 4523 889 4592 etiam:
923 4536 957 4592 et
979 4543 1060 4591 cum

77 4619 274 4694 Medicinae
288 4645 356 4715 ope
368 4625 632 4707 convaluerint,
660 4626 770 4694 animi
786 4626 950 4695 morbum
964 4645 1062 4692 exec-

79 4737 192 4806 ceant,
225 4723 265 4794 in
292 4728 487 4796 accusanda
514 4726 656 4796 inscitia
678 4725 832 4810 Medici,
864 4727 903 4794 in
925 4727 1062 4818 vitupe-

80 4825 194 4896 randis
216 4827 363 4897 exoticis
382 4829 558 4898 remcdiis.
615 4824 670 4899 Ea
693 4843 744 4909 est
766 4827 922 4922 insania,
942 4841 994 4898 ‘ut
1017 4849 1062 4894 ne

81 4929 219 5018 quidem
250 4929 385 5021 experti
413 4930 500 5000 artis
529 4930 719 5021 beneficia,
751 4930 884 5021 placari
914 4927 1063 5022 possint.

81 5025 163 5098 Cum
186 5023 284 5101 hisce
303 5031 461 5118 rigemur
481 5057 527 5102 nc
550 5034 675 5117 modo,
700 5047 886 5126 postquam
907 5055 948 5101 ex
965 5051 1064 5098 more

84 5129 327 5204 deMedicinae
340 5133 508 5204 laudibus
521 5134 656 5227 aliquid
672 5137 862 5206 dicendum
879 5134 954 5204 est?
987 5129 1064 5221 Ego

84 5255 160 5302 cmo
180 5235 265 5306 satis
281 5235 355 5304 acio
373 5259 448 5305 non
464 5259 538 5308 esse
555 5249 688 5308 tantam
704 5237 846 5309 dicendi
862 5235 1064 5306 facultatem
1983 5311 1989 5324 g

85 5329 189 5414 mihi,
213 5352 256 5408 ut
272 5337 354 5408 illos
370 5361 447 5410 mea
462 5339 624 5410 oratione
639 5341 681 5410 ad
698 5342 883 5411 sanitatem
900 5359 1066 5408 revocare
1163 5407 1167 5416 ,
1217 5329 1291 5402 Nec
1324 5323 1416 5400 mihi
1447 5327 1543 5396 ullus
1573 5323 1732 5396 mortalis
1761 5323 1864 5394 labor
1895 5325 2106 5398 suffecturus

85 5457 136 5504 me
151 5459 249 5527 posse
262 5440 452 5512 confidam.
714 5467 718 5478 ·
1116 5433 1224 5506 luisse
1251 5433 1392 5503 videtur
1422 5427 1628 5601 tanpsvapiis
1652 5447 1843 5518 corporum
1865 5428 2022 5516 naturis,
2055 5443 2107 5501 tot

1109 3963 1258 4056 dignum
1287 3959 1477 4042 ducerent,
1510 3955 1567 4026 cui
1594 3967 1730 4030 tantum
1760 3955 1968 4028 heneficium
1999 3979 2097 4054 acce-

1109 4079 1209 4158 ptum
1233 4061 1385 4146 terrent,
1418 4059 1479 4128 sed
1502 4079 1630 4148 magno
1652 4078 1824 4127 consensu
1847 4053 2053 4128 iudicarunt
2076 4082 2096 4128 a

1110 4165 1185 4238 Deo
1215 4175 1389 4254 repertam
1419 4153 1680 4254 exhibitumque
1703 4157 1807 4228 nobis
1828 4181 1911 4230 csse.
1972 4153 2020 4230 llt
2045 4172 2097 4230 est

1108 4281 1206 4339 tanta
1229 4261 1394 4334 scientiae
1418 4259 1586 4346 varietas,
1604 4283 1716 4354 qnam
1740 4257 1919 4332 Medicina
1941 4261 2097 4351 comple·

1109 4371 1234 4453 ctitur,
1265 4379 1305 4436 ut
1335 4359 1492 4433 humano
1522 4361 1667 4451 ingenio
1695 4356 1912 4453 deprehendi
1935 4385 2009 4432 non
2032 4387 2098 4455 po-

1109 4470 1226 4542 tnerit.
1273 4463 1417 4538 Etenim
1432 4464 1469 4532 in
1484 4479 1555 4536 tam
1568 4463 1681 4554 fugaci
1700 4463 1793 4548 vita,
1818 4464 1978 4558 quamvis
1994 4465 2098 4533 mcclti

1110 4596 1185 4643 non
1214 4581 1378 4662 poterant
1408 4578 1461 4635 tot
1488 4565 1695 4636 morborum
1726 4587 1851 4654 genera
1878 4588 2098 4655 cognoscere,

1110 4692 1182 4748 tam
1200 4673 1296 4742 varia
1315 4667 1486 4751 remedia,
1512 4661 1703 4737 herbarum
1720 4666 1975 4737 dissimillimas
1991 4681 2098 4736 natu-

1112 4801 1168 4847 ras
1195 4771 1366 4868 experiri,
1404 4763 1490 4839 haec
1521 4769 1741 4860 cogitabant,
1781 4767 1910 4860 opinor
1940 4764 1997 4852 hi,
2037 4767 2099 4862 qui

1113 4877 1268 4972 optimae
1285 4867 1370 4946 artis
1385 4869 1627 4941 inventionem
1643 4867 1720 4940 Deo
1737 4873 2001 4964 asscripserunt.
2054 4865 2102 4939 Et

1114 4975 1203 5050 mihi
1224 4979 1314 5050 libet
1334 4977 1474 5046 credere
1493 4971 1666 5045 divinitus
1683 4985 1857 5042 ostensam
1878 4995 1951 5040 esse
1968 4978 2101 5041 muita·

1115 5084 1208 5151 libna
1230 5065 1330 5148 hanc*
1342 5091 1469 5160 artem,
1499 5087 1533 5144 et
1556 5097 1576 5144 a
1598 5073 1723 5168 primis
1737 5073 1813 5146 illis
1837 5073 2021 5144 autoribus
2043 5096 2103 5164 ge-

1116 5184 1210 5254 neris
1229 5177 1396 5264 humani,
1420 5173 1586 5252 traditam
1598 5169 1675 5246 ‘esse
1691 5200 1755 5269 per
1776 5197 1900 5246 manus
1919 5177 2078 5268 posteris.
