4616 5816
91 257 149 330 tut

130 427 252 493 Carmine
268 429 446 508 complexas
458 436 584 504 metm,
611 444 712 498 mare,
735 425 861 508 sydera,
886 421 1036 506 mensis,'

129 530 161 594 llt
174 541 259 590 cantu
272 525 392 607 illusas,
429 541 459 589 et
477 527 634 592 Phoebum
649 534 788 612 aequarit
801 529 929 608 honore,

128 634 220 714 Atque
232 629 307 690 hsao
320 643 428 694 cuncte
443 634 526 712 prius
541 651 632 716 quem
650 644 798 709 meret,
825 631 929 693 ordine
943 634 1029 694 terris

127 731 267 810 Prodidit,
289 751 323 794 ao
336 745 465 796 vestram
478 737 549 796 tulit
562 754 657 817 usque
673 733 712 794 ad
725 733 831 816 sydera
844 732 980 798 Troiam.

128 833 220 918 Scipio
239 837 420 914 perlustrans
436 839 532 900 oeulis
543 837 703 921 latentibus
717 838 863 916 umbram,

127 934 157 1000 St
170 955 246 998 nune
263 935 325 998 l'ete
339 935 460 1016 darem,
486 951 520 1000 ut
532 935 664 1000 Romula
675 938 752 999 litote
768 959 822 1019 per
836 941 940 1000 orbem

127 1039 179 1114 Hic
195 1051 310 1099 caneret
323 1051 423 1116 rates,
448 1053 561 1122 quanto
576 1045 688 1102 maiore
701 1041 822 1102 iirturos

126 1141 205 1202 Facta
218 1139 321 1200 eadem
334 1143 478 1202 iutrarent
491 1143 571 1220 hoo,
593 1145 711 1225 iuquit,
737 1154 811 1204 teste
832 1152 966 1224 nepotes.

126 1243 225 1304 boelis
240 1241 394 1321 Aeacide,
424 1247 475 1306 oui
487 1248 541 1306 tali
555 1249 681 1325 contigit
697 1263 748 1306 ore

128 1341 264 1408 Gentibus
279 1345 416 1426 ostendi,
442 1350 535 1408 erevit
549 1362 602 1408 tna
616 1350 746 1409 carmine
761 1346 867 1408 virtus.

86 1437 164 1510 llaec
177 1443 217 1508 de
227 1435 378 1508 Homeri
393 1440 558 1510 laudibus
573 1439 764 1511 Africanus
780 1439 873 1531 apud
888 1432 1030 1506 Silium·

142 1585 147 1596 ·
165 1539 229 1610 Sed
245 1541 446 1610 occurritur
462 1542 568 1612 uobis
582 1543 773 1634 etquidem
788 1565 808 1608 a
821 1559 960 1610 summo
976 1533 1053 1600 viro

87 1665 117 1710 ac
136 1640 330 1710 doctissimo
353 1639 521 1728 Platone,
554 1643 615 1736 qui
631 1640 827 1712 Homerum
844 1639 941 1708 velut
959 1634 1055 1703 indi·

27 1789 28 1792 κ
88 1742 130 1810 cio
156 1741 276 1832 capitis
295 1744 524 1829 damnatum,
559 1767 621 1814 sua
646 1742 789 1835 Repub.
813 1737 985 1819 excludit,
1015 1734 1055 1804 3¹¹

86 1841 210 1910 exilium
240 1843 349 1930 exigit
372 1867 414 1914 ac
441 1845 584 1934 relegat.
651 1842 734 1933 Quo
764 1845 803 1914 in
836 1845 916 1914 loco
938 1839 1055 1908 dicere

85 1967 223 2033 possum,
249 1943 287 2012 id
305 1947 400 2034 quod
416 1939 689 2040 Chrysostomus
700 1947 747 2016 de
761 1947 882 2014 eadem
897 1937 1056 2010 Platonis

87 2044 189 2114 contro
210 2042 410 2114 Homerum
432 2047 653 2118 accusatione
675 2047 875 2139 respondit:
900 2039 1056 2114 Difficile

86 2167 143 2214 csse
156 2147 244 2216 iuter
259 2157 378 2218 tantos
392 2140 555 2220 homines
568 2149 775 2240 disceptare,
789 2162 830 2219 ut
843 2147 874 2216 si
888 2147 961 2214 duo
974 2140 1055 2220 viri,

86 2248 171 2314 ambo
186 2245 291 2330 boni,
316 2249 420 2318 ambo
442 2271 568 2338 graves
587 2263 624 2320 et
640 2245 798 2334 honesti,
817 2248 923 2318 ambo
938 2242 1057 2326 amici,

85 2348 120 2416 de
134 2371 167 2416 re
182 2349 347 2439 quapiam
363 2349 454 2418 seria
472 2364 506 2422 et
528 2351 628 2441 gravi
646 2350 832 2422 sententiis
846 2349 1057 2435 discrepem,

27 2513 29 2540 ‚
85 2447 207 2518 difficile
239 2451 290 2518 sit
314 2451 571 2540 pronunciare,
603 2476 649 2522 ne
674 2453 820 2524 alterius
845 2445 1056 2521 sententiaro

86 2547 216 2618 videaris
233 2563 294 2620 tua
310 2551 472 2622 oratione
486 2555 667 2626 damnare.
718 2552 788 2624 Sed
807 2553 989 2622 videamus
1004 2562 1057 2617 ta·-

85 2673 150 2718 mcn
164 2651 248 2742 qnid
267 2649 453 2720 Platonem
468 2653 629 2739 moverit,
650 2666 691 2723 ut
705 2651 901 2724 Homerum
917 2649 1058 2720 civitate

84 2774 139 2818 ase
155 2753 343 2824 constituta
356 2753 512 2825 eliceret:
536 2779 611 2825 non
626 2755 723 2824 enim
738 2768 870 2825 temere
884 2753 922 2822 id
937 2749 1057 2820 secisse

27 2877 33 2928 γ
85 2857 244 2941 putandus
266 2867 338 2937 est,
365 2856 570 2944 praesertim
594 2879 699 2950 quem
721 2857 796 2948 ipse
818 2853 972 2949 ἄριστον
993 2845 1058 2922 καὶ

84 2947 265 3048 derdrowy
291 2957 370 3026 τῶν
396 2961 579 3049 ποιητῶν,
613 2957 788 3048 optimum
814 2972 848 3028 et
875 2953 1058 3026 divinissi-

83 3075 165 3122 num
181 3053 373 3128 Poetarum
390 3073 501 3132 vocet.
552 3056 647 3146 Quid
677 3058 786 3146 igitur
800 3069 938 3136 tantum
960 3077 1059 3125 rom·

27 3219 28 3228 ,
82 3155 195 3226 meruit
216 3152 306 3228 haec
333 3157 624 3232 innocentissima
652 3159 820 3244 luscinis,
859 3172 900 3228 ut
925 3155 1059 3246 campis

82 3251 256 3328 Platonicis
275 3257 492 3349 pelleretur?
523 3255 707 3332 Obiicitur
722 3264 818 3354 quud
835 3262 880 3330 de
895 3255 975 3328 Diis
991 3257 1060 3324 im·

27 3399 28 3402 =
82 3359 279 3429 mortalibus
292 3383 331 3428 ac
347 3360 518 3450 religione
532 3361 685 3432 ridicula
697 3363 870 3455 quaedam
886 3374 921 3430 et
932 3359 1059 3452 absur-

83 3458 117 3526 da
138 3460 346 3549 prodiderit.
400 3461 544 3547 Audio,
575 3485 742 3552 magnum
766 3477 800 3534 et
821 3462 971 3553 capitale
988 3459 1076 3528 cri-r

83 3581 160 3634 men.
192 3561 266 3632 Sed
285 3561 379 3645 dicat
392 3561 482 3634 mihi
497 3564 554 3634 vel
567 3562 687 3650 Plato,
708 3563 765 3634 vel
778 3564 869 3634 alius
883 3561 1059 3657 quispiam

83 3653 173 3730 huius
195 3664 392 3732 sententiae
420 3679 680 3756 propugnator,
714 3689 886 3760 quaenam
916 3664 985 3732 alia
1015 3663 1059 3730 de

82 3761 168 3846 Diis,
200 3777 266 3834 ant
290 3769 333 3834 de
357 3767 548 3855 religione,
580 3779 715 3838 ultum
739 3768 807 3838 luit
839 3767 877 3834 in
898 3763 1059 3847 Graecia,

81 3858 244 3941 Homerus
277 3867 431 3955 potuerit
459 3869 616 3953 tradere,
656 3883 691 3939 et
714 3882 833 3938 utrum
856 3867 958 3936 Plato
985 3867 1059 3956 ipse

27 4003 30 4026 r
82 3965 176 4035 multo
201 3967 351 4037 meliora
372 3970 514 4040 noverit
535 3971 590 4040 vel
614 3971 822 4059 prodiderit.
881 3967 1059 4037 Homerus

82 4067 116 4134 de
133 4068 324 4158 religione,
349 4071 394 4138 de
410 4067 490 4140 Diis
513 4072 793 4156 immortalibus,
819 4096 857 4140 ea
876 4083 1057 4164 quactum

82 4167 191 4238 usitata
207 4171 379 4261 suerunt,
404 4171 478 4263 ipse
492 4197 634 4266 quoque
648 4187 786 4243 secutus
804 4185 874 4256 est,
900 4195 964 4240 nec
986 4167 1058 4238 illis

82 4269 206 4358 quidem
230 4273 454 4362 temporibus
481 4290 515 4346 et
535 4277 628 4366 apud
653 4275 732 4344 illas
756 4288 875 4363 gentes
897 4272 965 4342 alin
991 4271 1060 4340 suit

82 4369 247 4458 religionis
273 4375 405 4458 lorrua,
439 4399 544 4466 quam
569 4375 708 4467 qualem
729 4373 907 4446 Homerus
927 4371 1058 4442 descri-

81 4467 136 4542 bit.
169 4471 301 4544 Utrum
317 4497 357 4544 ea
375 4499 457 4544 vera
470 4501 515 4546 an
532 4477 636 4560 falsa,
662 4499 736 4548 non
751 4472 810 4547 hic
825 4478 980 4568 disputo.
1015 4472 1058 4541 lu

81 4564 136 4641 hoc
156 4598 284 4667 nempe
296 4573 457 4648 Homero
478 4601 557 4650 cum
575 4575 721 4646 Platone
742 4594 777 4649 et
801 4574 1058 4670 praestantissi-

82 4673 134 4741 mis
148 4678 349 4770 quibusque
366 4678 451 4747 viris
466 4678 640 4762 convenit,
664 4683 760 4772 qnod
776 4681 820 4750 sit
836 4677 944 4770 Deus,
961 4678 1057 4770 quod

83 4795 127 4842 res
139 4771 311 4848 humanas
327 4795 443 4850 curet:
471 4795 523 4852 tot
540 4779 648 4869 igitur
659 4777 817 4850 Deorum
835 4781 981 4851 consilia
998 4802 1058 4848 co-

81 4875 136 4960 git,
159 4893 197 4948 ut
213 4883 379 4952 ostendat
393 4904 448 4950 res
461 4877 648 4952 hominum
664 4905 736 4952 non
753 4894 884 4954 temere
896 4907 961 4952 nec
976 4901 1058 4949 casu

82 4975 189 5064 liuere,
210 4985 275 5052 scd
293 5006 313 5052 a
331 4982 410 5052 Diis
429 4983 690 5054 immortalibus
705 4984 901 5076 dispensari
928 5007 968 5052 ac
992 5005 1058 5070 gn·

82 5073 213 5150 berneri.
261 5081 361 5153 Facit
373 5081 490 5156 Deum
507 5077 795 5180 φιλάνθρωπον,
822 5090 920 5155 unde
936 5082 1058 5174 luppi-

81 5185 173 5254 terab
195 5184 274 5275 ipso
292 5185 551 5273 intmducitur,
578 5210 799 5280 conquerens
814 5188 906 5258 allici
927 5211 963 5256 se
988 5180 1056 5252 hu-

81 5283 176 5354 manis
188 5286 349 5372 casibus,
370 5300 405 5358 et
421 5289 542 5360 dolere
556 5288 625 5360 sibi
640 5283 826 5360 hominum
841 5291 934 5359 mala
949 5299 1055 5379 atque

81 5380 235 5458 miserias:
274 5389 398 5462 statuit
427 5389 512 5462 item
542 5391 656 5462 bonos
682 5393 846 5479 delendi,
877 5387 1054 5464 cumulari

555 241 823 324 DECEM
852 240 1142 322 transuta.
1176 238 1235 318 IN
1267 236 1587 322 Rubrianum

1996 207 2091 316 ⁴tto

1102 413 1219 500 bouis,
1243 411 1417 484 divinitus
1424 415 1544 485 'malos
1558 412 1692 506 puniri.
1727 411 1912 486 Praedicat
1926 413 2092 486 Minerva

1103 517 1143 586 in
1157 517 1272 608 primo
1287 511 1485 610 Odysseae,
1509 515 1672 611 Ulyssem
1687 515 1842 610 primum
1859 531 2003 610 propter
2016 519 2092 588 vir..

1102 633 1214 690 tutem
1234 641 1274 688 ac
1296 612 1533 704 honestatem,
1562 619 1690 689 deiude
1713 632 1748 688 et
1769 632 1915 710 propter
1934 620 2092 691 studium

1103 720 1245 812 pietatis
1264 733 1298 790 et
1314 719 1513 809 religionis,
1537 744 1599 790 seu
1621 721 1757 791 cultum
1770 721 1940 794 Deorum.
1992 719 2092 808 Quid

1104 817 1259 892 humana
1283 833 1436 906 natura,¹
1451 821 1482 892 si
1498 823 1572 892 snis
1592 822 1729 894 viribus
1750 821 1886 894 nitatur
1902 824 1946 893 de
1962 824 2093 892 volun·

1026 956 1030 962 ·
1104 935 1174 994 tate
1208 921 1276 994 Dei
1308 923 1435 993 melius
1467 937 1528 994 aut
1561 923 1750 996 sublimius
1783 924 1935 1014 cogitare
1965 937 2093 1016 potest.
2156 957 2157 960 ’

1104 1047 1209 1118 quam
1226 1025 1322 1117 quod
1340 1023 1416 1114 pios
1430 1038 1465 1094 et
1480 1026 1593 1094 bonos
1608 1039 1711 1110 amet,
1735 1025 1863 1110 foveat,
1888 1025 1995 1110 iuvet,
2021 1027 2091 1096 irn-

1105 1126 1182 1216 pios
1207 1139 1241 1196 et
1266 1125 1450 1196 sceleratos
1471 1127 1605 1210 oderit,
1639 1126 1832 1219 poenisque
1855 1127 2001 1214 afficiat,
2035 1149 2092 1198 res

1104 1221 1292 1296 hominum
1316 1239 1432 1312 curet,
1469 1228 1665 1318 gubernet?
1716 1226 1824 1318 Quod
1846 1253 1929 1300 vero
1953 1242 2093 1320 praeter

1103 1323 1190 1398 haee
1204 1329 1389 1418 allegorica
1404 1331 1575 1421 quaedam
1590 1330 1796 1414 admiscuit,
1816 1329 1919 1401 facile
1941 1331 2094 1421 intelligi

1104 1443 1235 1520 potest,
1261 1431 1358 1500 aliud
1376 1429 1492 1520 ipsum
1508 1431 1638 1521 egisse,
1662 1432 1821 1500 allusisse
1837 1433 1883 1502 ad
1897 1455 2013 1502 mores
2025 1427 2094 1502 ho·

1104 1532 1263 1613 minum,
1287 1533 1330 1600 ad
1350 1543 1513 1604 naturam
1528 1557 1666 1615 rerum,
1691 1531 1882 1604 involvisse
1904 1529 1962 1602 his
1977 1533 2094 1626 po'dti-

1105 1633 1155 1704 cis
1176 1633 1340 1704 iconibus
1362 1633 1452 1704 seria
1477 1646 1511 1704 et
1529 1635 1649 1722 gravia
1665 1637 1844 1723 dogmata,
1869 1649 1911 1706 ut
1930 1659 2009 1706 mos
2023 1635 2093 1706 luit

1105 1735 1249 1806 illorum
1266 1748 1477 1825 temporum.
1528 1734 1625 1824 Quid
1644 1739 1740 1830 quod
1756 1749 1790 1806 et
1806 1735 1906 1808 Plato
1921 1760 2093 1807 nonnun-

1106 1860 1211 1930 quam
1229 1837 1273 1904 ad
1290 1832 1385 1906 hunc
1399 1838 1548 1908 modum
1563 1837 1656 1908 ludit
1668 1840 1715 1908 de
1726 1837 1805 1906 Diis
1820 1837 2093 1925 immortalibus,

1105 1963 1185 2008 cum
1200 1938 1295 2008 aliud
1312 1937 1482 2030 quiddam
1505 1939 1694 2030 significet,
1719 1941 1783 2034 qui
1807 1941 1837 2008 si
1858 1952 1929 2010 tam
1951 1963 2094 2011 severus

1106 2040 1219 2118 iudex,
1235 2040 1275 2108 in
1295 2039 1384 2110 alios
1409 2061 1483 2110 esse
1504 2041 1602 2125 vult,
1639 2043 1764 2110 eodem
1790 2055 1823 2112 et
1846 2041 1920 2132 ipse
1943 2043 2093 2114 crimine
2135 2111 2143 2132 ,

1106 2139 1268 2212 damnari
1284 2154 1410 2230 potest.
1458 2138 1597 2211 Deinde
1610 2143 1819 2234 responderi
1835 2157 1870 2212 et
1885 2139 1951 2215 hoc
1967 2156 2094 2239 potest,

1106 2243 1205 2334 quod
1224 2236 1496 2334 Chrysoetomus
1514 2243 1584 2328 ait,
1614 2243 1810 2316 Homerum
1832 2239 1880 2316 soi
1900 2240 1971 2337 μὲν
1997 2241 2093 2316 κατὰ

1106 2337 1243 2427 δόξαν,
1284 2336 1374 2414 τάδε
1407 2339 1493 2416 κατ’
1526 2340 1708 2438 ἀληθείαν
1747 2345 1915 2438 posuisse.
1948 2345 2093 2440 ,Atque

1108 2442 1193 2516 haec
1209 2440 1298 2514 ruhi
1313 2447 1356 2514 de
1370 2445 1485 2534 prima
1499 2469 1605 2518 causa
1617 2447 1745 2518 dixisse
1760 2448 1843 2518 satis
1859 2450 1916 2523 sit.
1952 2445 2095 2519 0ὴίἰοὶ-

1108 2561 1297 2619 turautem
1313 2541 1469 2616 secundo
1492 2547 1587 2634 loco,
1614 2551 1707 2641 quod
1732 2549 1869 2638 magnis
1883 2575 1923 2620 ac
1942 2546 2094 2620 heroicis

1108 2648 1193 2718 viris
1207 2641 1404 2740 lachrymas
1419 2649 1635 2719 attribuerit:
1652 2651 1688 2718 id
1704 2675 1767 2720 cur
1781 2647 2094 2742 reprehensionem

1108 2751 2094 2844 mereatur,nnnrideo,imoeeropraecipnelaudanchrm
2223 2753 2226 2762 '

1108 2847 1175 2920 hoc
1193 2845 1282 2920 mihi
1298 2849 1440 2920 videtur
1456 2871 1551 2944 esse,
1584 2855 1679 2946 quod
1696 2877 1769 2924 non
1784 2856 1927 2926 stultam
1942 2856 2041 2924 illam
2060 2872 2100 2934 et,

1109 2949 1352 3041 imaginariam
1370 2949 1570 3024 Stoicorum
1594 2947 1783 3028 ἀπάθειαν
1801 2959 2008 3042 somniavit,
2033 2961 2095 3028 sed

1109 3055 1195 3126 tales
1217 3077 1336 3122 rerum
1357 3067 1462 3146 atque
1489 3049 1675 3126 hominum
1699 3056 1870 3148 imagines
1897 3061 2096 3150 proposuit,
2132 3111 2133 3115 =

1108 3155 1230 3250 quales
1253 3167 1368 3224 esseut
1389 3155 1427 3224 in
1450 3180 1567 3228 rerum
1591 3171 1718 3228 natura
1739 3172 1773 3228 et
1786 3159 1874 3245 vita,
1898 3185 1972 3230 non
1993 3163 2096 3232 linxit

1109 3255 1344 3350 prodigiosas,
1371 3271 1405 3330 et
1421 3281 1440 3326 a
1457 3259 1638 3328 communi
1658 3255 1817 3338 humano
1839 3285 1944 3333 sensu
1964 3259 2096 3333 abbor-

1109 3373 1226 3430 rentes
1255 3357 1457 3447 opiniones,
1490 3361 1551 3430 scd
1583 3383 1624 3430 ea
1644 3385 1708 3458 suo
1731 3363 1886 3436 carmine
1914 3365 2095 3456 expressit,

1109 3483 1319 3554 quaequam
1343 3460 1494 3529 maxime
1514 3475 1630 3532 essent
1645 3464 1771 3534 usitata
1790 3463 1828 3532 in
1843 3467 1934 3550 vita,
1961 3480 1996 3536 et
2011 3491 2097 3534 con·

1108 3575 1273 3630 sentanea
1299 3561 1481 3630 cummuni
1505 3562 1636 3646 sensui.
1694 3563 1819 3634 Voluit
1842 3579 1960 3636 autem
1986 3567 2096 3656 signi-

1109 3664 1210 3732 ficare
1227 3682 1371 3749 magnos
1387 3661 1482 3732 viros
1496 3686 1577 3732 cum
1592 3662 1808 3752 gravissimis
1831 3681 1864 3738 et
1887 3668 2095 3738 tristissimis

1109 3764 1247 3836 casibus
1279 3761 1493 3848 conflictari,
1533 3788 1731 3858 magnoque
1764 3769 1963 3838 animorum
1996 3783 2096 3840 motu

1110 3863 1272 3958 percelli,
1294 3875 1333 3934 ut
1349 3866 1394 3934 de
1408 3887 1472 3950 sno
1489 3861 1608 3936 Aenea
1626 3863 1811 3938 Romanus
1823 3867 1946 3940 Poeta:

1184 3969 1279 4054 Spem
1289 3975 1376 4034 vultu
1388 3977 1527 4054 simulet,
1552 3979 1662 4057 premit
1677 3980 1738 4038 altu
1753 3977 1843 4038 oorde
1854 3979 1999 4042 dotorem.

1108 4065 1350 4140 Etalioloco:

1285 4171 1403 4258 lugenti
1416 4181 1528 4240 irarum
1545 4182 1670 4242 fluctuet
1685 4195 1779 4243 aestu.

1110 4268 1381 4362 Descripserunt
1407 4273 1501 4342 enim
1531 4271 1662 4346 Po'e'tae
1687 4279 1773 4346 tales
1798 4271 1943 4362 heroas,
1975 4277 2096 4370 quales

1109 4371 1270 4452 inerunt,
1303 4398 1428 4466 nempe
1449 4375 1512 4467 qui
1535 4389 1570 4448 et
1600 4373 1764 4447 humanis
1785 4379 1921 4448 casibus
1951 4381 2096 4447 obnoxii

1109 4489 1241 4557 essent,
1274 4490 1308 4546 et
1333 4477 1377 4543 iis
1403 4491 1640 4550 moverentur.
1701 4477 1967 4572 Proposuerunt
1992 4482 2097 4549 uobis

1109 4575 1350 4660 consiliorum,
1376 4577 1579 4664 affectuum,
1602 4580 1782 4651 actionum
1810 4597 1845 4654 et
1868 4584 2096 4673 negociorum

1108 4675 1262 4763 invita,
1292 4673 1483 4748 hominum
1501 4681 1605 4750 etiam
1630 4682 1775 4753 usitatas
1799 4684 1988 4774 imagines,
2020 4707 2097 4753 non

1109 4790 1193 4848 sunt
1213 4781 1324 4848 secuti
1343 4781 1405 4850 illa
1427 4774 1649 4854 ἀτοπώτατα
1670 4779 1882 4876 παράδοξα,
1910 4786 2039 4880 quibus
2055 4809 2096 4854 ex

1108 4873 1334 4972 Philosophis
1372 4883 1541 4952 nonnulli
1581 4885 1765 4976 impendio
1803 4903 1886 4958 sunt
1922 4888 2097 4958 delectati·

1107 4977 1220 5050 Porro
1243 4985 1338 5076 quod
1361 4983 1673 5072 inicrosslinxerit,
1707 4989 1744 5056 id
1765 4991 1925 5076 tertium,
1957 4990 2097 5081 opinor,

1107 5081 1241 5152 crimen
1257 5081 1413 5154 Homero
1433 5085 1602 5157 obiicitur
1616 5113 1635 5156 a
1652 5087 1820 5176 Platone,
1841 5104 1987 5182 putatur
2002 5093 2098 5161 enim

1106 5195 1237 5254 metum
1253 5186 1378 5257 mortis
1394 5187 1551 5258 incutere
1574 5181 1799 5277 hominibus,
1825 5217 1904 5262 cum
1923 5193 2098 5264 terribilia

1105 5297 1141 5356 et
1155 5287 1274 5376 qualia
1291 5288 1366 5378 ipse
1386 5289 1501 5382 pingit
1521 5291 1614 5380 apud
1638 5288 1789 5378 inferos,
1815 5293 1884 5364 sibi
1902 5309 1981 5386 post
2005 5289 2106 5363 hanc

1104 5385 1215 5460 sitam
1249 5405 1470 5482 proponant,
1505 5404 1611 5486 atque
1645 5393 1695 5464 ita
1730 5393 1881 5466 lectione
1915 5393 2098 5466 Homerici
