4616 5816
68 259 123 332 aa
178 357 186 368 ¹
639 245 797 323 nucu.
829 244 904 322 uu
935 247 1288 331 conculcata
1319 272 1405 330 eie.
1735 205 1739 214 ”
1983 245 2057 322 aaa

67 448 104 504 tes
114 425 278 504 tumultus,
304 447 456 516 quotum
473 409 586 494 exilui
600 445 645 492 111
659 445 756 494 1111111
772 423 915 517 quidem
931 447 1016 514 pro·
1066 429 1158 504 dem.
1209 427 1426 498 Huiusmodi
1441 426 1530 497 ritus
1546 425 1662 495 varios
1678 423 1836 514 singulae
1855 435 1975 513 gentes
1990 418 2055 504 ha,

68 531 131 624 spici
144 541 254 621 potest.
304 525 378 596 Cur
400 522 459 596 hic
481 551 555 597 non
570 525 669 596 venit
689 527 904 616 inlmentem
921 524 1014 594 caeci
1065 533 1168 612 bent,
1196 531 1258 624 qui
1283 541 1315 602 et
1339 529 1471 620 recepti
1495 541 1527 598 et
1544 529 1856 612 commotisunt,
1887 525 1968 618 quia
1988 525 2055 594 ali·

66 631 212 714 elelandi,
232 640 272 699 ul
286 629 419 698 mululss
436 629 559 698 officiis
574 628 806 717 cogitaremus
822 629 1014 696 iuvandam
1066 635 1150 727 quid
1171 636 1214 701 de
1227 632 1388 702 moribus
1401 631 1657 720 significabant,
1715 627 1967 697 Accommodat
1987 627 2055 716 igi..

66 758 119 804 esse
129 731 380 822 &repub-,non
397 732 585 801 acerbitate
600 730 801 800 animorum
815 730 1014 799 dilacerata·
1065 750 1124 806 tur
1133 731 1346 804 Plutarchus
1361 728 1458 802 hunc
1473 733 1581 802 ritum
1593 734 1634 799 ad
1652 731 1801 800 fratrum
1816 728 2056 813 concordiam,

65 835 145 904 dam?
184 829 318 903 Romae
333 831 537 922 Scipionem
552 832 685 924 optime
703 831 869 902 meritum
889 833 934 901 de
952 855 1013 922 pa·
1066 863 1105 906 ac
1129 835 1268 905 moneri
1294 861 1352 905 eos
1376 830 1622 926 hocexemplo
1645 833 1712 913 ait,
1745 845 1785 901 ut
1813 843 1978 916 caveant,
2008 853 2055 900 ne

65 934 243 1020 cantaridi
261 934 353 1002 cives
368 935 479 1026 aliqui
496 935 724 1014 attuierunt,
749 935 880 1028 quibus
894 933 955 1002 ille
973 957 1014 1000 ex
1066 940 1145 1033 quis
1159 939 1266 1032 lapis,
1291 933 1439 1016 horest,
1461 960 1506 1004 ne
1520 937 1592 1004 utta
1608 934 1758 1004 offensio
1775 933 1920 1002 divellat
1931 955 2055 1002 eorum

63 1039 126 1106 urbe
138 1038 246 1105 cedere
263 1035 406 1120 maluit,
429 1060 534 1128 quam
550 1036 699 1106 excitare
716 1037 865 1105 maiores
879 1036 1014 1106 tumul·
1065 1041 1219 1124 animos3
1247 1054 1280 1110 et
1299 1040 1328 1108 si
1345 1065 1412 1131 qua
1431 1037 1595 1108 inciderit
1611 1033 1781 1118 offensio,
1801 1047 1841 1104 ut
1855 1035 1953 1104 illam
1968 1058 2055 1104 con·

63 1153 102 1208 tm
120 1133 346 1206 vehementius
368 1141 615 1211 concertando.
679 1137 730 1208 lta
753 1163 833 1208 cum
858 1139 1013 1207 nonab·
1064 1143 1178 1212 iuncti
1196 1143 1428 1222 circumeant,
1454 1135 1523 1209 hoc
1540 1153 1610 1222 est,
1643 1138 1887 1222 dissimulent,
1913 1137 2056 1206 deleant

62 1243 172 1309 duceret
186 1261 262 1307 eum
278 1239 425 1310 ambitio
441 1263 459 1310 a
475 1239 734 1334 moderatione,
759 1241 939 1309 communi
958 1262 1013 1307 sa-
1064 1245 1240 1314 exanimo
1266 1257 1299 1312 et
1324 1245 1539 1330 extinguant.
1598 1237 1695 1310 Haec
1720 1239 1831 1308 virtus
1847 1263 1919 1308 non
1938 1239 2055 1307 solum

62 1341 110 1410 luti
131 1363 164 1408 ac
189 1340 436 1430 tranquillitati
466 1342 599 1432 optime
626 1341 816 1414 consuluit.
879 1339 1012 1411 Contra
1066 1346 1214 1439 privatis
1236 1345 1397 1430 familiis,
1432 1345 1493 1411 sed
1513 1341 1666 1433 Reipnb.
1690 1354 1725 1411 et
1740 1337 1916 1410 Ecclesiae
1933 1361 2055 1409 neces·

61 1440 365 1531 flagitioseMarius,
400 1445 462 1535 qui
480 1467 558 1512 eum
575 1459 739 1515 ureretur
754 1443 866 1534 gloria
883 1442 1013 1538 Syllae,
1055 1447 1233 1521 satiaret.
1286 1445 1409 1539 ltaque
1425 1457 1545 1515 extant
1560 1445 1598 1512 iu
1616 1443 1754 1534 scriptis
1775 1442 2057 1534 sapientissimo·
2124 1497 2131 1504 .

61 1557 175 1612 conatus
189 1557 238 1612 est
258 1567 337 1611 eum
360 1543 397 1610 vi
412 1544 525 1634 spolia
539 1569 578 1614 re
595 1547 749 1616 exercitu
767 1561 800 1615 et
821 1545 1012 1634 provincia,
1065 1576 1144 1621 nnn
1167 1543 1354 1617 hominurn
1379 1547 1605 1638 gravissimae
1627 1545 1833 1629 conciones,
1864 1565 1954 1637 qnae
1968 1538 2056 1612 hon.

59 1646 176 1736 patriam
206 1645 383 1733 implicuit
412 1647 655 1716 crudelissimo
682 1648 1012 1738 luctuosissimoque
1064 1668 1206 1736 tantur,
1239 1663 1279 1720 ut
1302 1650 1527 1720 concordiam
1553 1662 1733 1730 tueamur,
1766 1661 1807 1716 ut
1832 1646 1964 1737 placari
1988 1665 2055 1714 nos

59 1747 138 1819 bello.
183 1745 249 1817 Sed
272 1747 432 1816 omnium
448 1749 646 1817 seculorum
662 1763 767 1842 atque
787 1763 939 1818 aetatum
955 1743 1012 1815 hi·
1064 1756 1239 1834 sinamus,
1273 1753 1512 1822 otrodonnnno
1533 1751 1571 1818 in
1590 1749 1737 1840 gnnttnnn
1764 1771 1843 1818 onon
1866 1748 1930 1838 tto,
1964 1771 2055 1841 qno.

59 1849 155 1916 storiae
175 1849 297 1938 plenae
315 1861 398 1917 sunt
420 1851 678 1939 exemplorum,
696 1851 749 1919 'in
770 1852 900 1944 quibus
926 1873 1012 1918 con·
1064 1883 1143 1928 rum
1158 1854 1268 1924 animi
1291 1868 1375 1924 sunt
1392 1853 1575 1924 sanabiles.
1626 1847 1716 1920 Cum
1733 1863 1851 1920 autem
1868 1851 1912 1918 de
1927 1845 1983 1918 his
1998 1873 2055 1918 re-

60 1949 254 2039 11111101111,
274 1971 377 2040 1111111
392 1953 582 2021 certamina
598 1975 761 2037 accensa,
783 1976 844 2022 seu
860 1953 1011 2045 quadam
1064 1963 1147 2044 bars,
1172 1957 1242 2026 loci
1262 1956 1516 2048 scripturarum
1534 1953 1636 2022 vobis
1655 1953 1731 2023 noti
1747 1951 1834 2036 sint,
1861 1952 1962 2020 nolui
1981 1973 2054 2020 esse

59 2051 227 2120 morositate
262 2051 506 2140 ingeniorum,
547 2075 609 2122 seu
642 2055 735 2124 odiis
767 2067 828 2124 aut
864 2053 1012 2137 invidia,
1063 2061 1245 2154 prolixior.
1297 2057 1455 2127 Tantum
1472 2057 1561 2125 itlnd
1574 2077 1724 2138 moneo,
1750 2055 1844 2146 qnod
1866 2055 1960 2144 opud
1976 2050 2054 2121 Ho.

59 2152 162 2240 magnis
180 2149 341 2243 lmperiis
362 2175 402 2221 ac
423 2153 625 2224 civitatibus
642 2157 748 2226 exitio
770 2156 897 2240 suisse3
930 2179 1014 2224 rur·
1062 2186 1198 2232 monum
1223 2173 1295 2244 est,
1326 2159 1387 2252 qui
1421 2158 1522 2242 fingit
1543 2151 1637 2227 Aten
1669 2155 1887 2224 validissimo
1908 2177 2055 2248 corpore
2103 2168 2108 2176 '

58 2255 199 2320 susetiam
216 2255 466 2324 commoditate
486 2259 749 2328 moderatorum
772 2257 924 2337 civium,
950 2255 1010 2349 qui
1063 2265 1277 2348 discurrere,
1311 2275 1345 2332 et
1367 2259 1514 2330 dissidia
1533 2259 1701 2343 excitare,
1736 2257 1837 2349 sequi
1859 2279 1941 2326 vero
1955 2255 2054 2326 Litas

58 2353 174 2443 inpetus
198 2357 351 2424 aliorum
377 2357 515 2426 ratione
538 2357 736 2444 lenierunt,
762 2373 915 2429 servatas
938 2381 1010 2426 csse
1063 2365 1235 2435 divinitus
1249 2363 1391 2447 missas,
1416 2383 1506 2454 qnae
1523 2355 1732 2442 hortantur,
1754 2373 1807 2436 ⁴nt
1825 2359 1971 2428 nodoont
1987 2353 2054 2427 ho.

57 2451 263 2544 liespublicas.
323 2455 420 2527 Haec
448 2460 604 2550 exempla
629 2485 708 2530 cum
733 2461 882 2550 legimus
907 2475 1011 2551 atquc
1064 2469 1175 2536 mines
1190 2466 1228 2532 in
1246 2479 1403 2534 mutuam
1421 2461 1578 2553 gratiam.
1628 2457 1677 2534 Et
1692 2461 1791 2528 addit
1804 2457 1930 2540 Poeta,
1956 2457 2054 2528 Litas

56 2557 203 2636 1111111111,
227 2581 295 2628 nos
313 2583 455 2652 quoque
473 2561 517 2628 ad
533 2563 814 2632 moderationem
839 2575 872 2632 et
888 2583 1007 2650 regen·
1063 2549 1186 2658 inrigua
1203 2567 1371 2655 beneficia
1385 2564 1567 2656 impertire
1579 2561 1923 2652 obtemperantibus,
1949 2573 1983 2630 et
1999 2560 2054 2628 vi-

18 2687 20 2738 t
57 2659 102 2723 ii⁰⁸
118 2658 310 2729 animorum
340 2661 495 2754 impetus
523 2655 722 2734 horienttir·
782 2663 891 2733 Decet
916 2663 1010 2730 enim
1063 2671 1178 2739 cissim
1203 2693 1262 2738 eos
1286 2666 1466 2750 exaudiri,
1500 2666 1530 2734 si
1554 2661 1773 2758 quidaDeo
1798 2675 1934 2752 petant3
1973 2662 2052 2730 aliis

56 2759 207 2849 praecipue
238 2762 399 2832 literatos
431 2759 594 2832 homines
626 2765 824 2835 doctrinam
858 2763 1012 2847 virtutis,
1063 2795 1145 2841 voro
1162 2769 1312 2863 quinon
1329 2771 1593 2857 obtemperant,
1627 2765 1831 2856 imprecari,
1861 2779 1899 2834 ut
1917 2761 1987 2832 Ate
2008 2765 2052 2832 de

18 2861 203 2954 qadmores
223 2876 332 2955 atque
356 2887 459 2932 usum
483 2867 664 2936 tansferre.
722 2865 861 2936 Deinde
878 2889 1012 2957 nequa·
1063 2875 1111 2942 eis
1127 2895 1257 2963 poenas
1273 2883 1400 2940 sumat.
1454 2866 1526 2940 Nec
1547 2892 1631 2938 vero
1656 2880 1773 2956 putate
1795 2861 2052 2936 hauctlomeri

18 2955 19 3046 i
54 2966 514 3050 liimfflmmiiiffldssfflisi,
541 2981 578 3037 ut
590 2970 888 3061 quemadmodum
900 2966 1012 3044 navis,
1063 2975 1268 3044 concionem
1287 2973 1483 3040 fabulosam
1500 2993 1604 3044 esset
1636 2967 1853 3040 Sententiam
1870 2961 2052 3036 hauddu-

18 3055 19 3068 ’
56 3084 167 3132 excusso
181 3068 438 3154 gubernatore,
463 3069 539 3136 sine
555 3071 653 3156 velo,
679 3070 756 3140 sine
773 3067 1012 3160 gubernaculo
1063 3077 1120 3145 bie
1140 3099 1158 3144 a
1181 3073 1424 3143 vetustissimis
1449 3073 1522 3140 illis
1551 3073 1774 3164 parentibus,
1810 3069 1941 3163 quibus
1969 3091 2052 3137 vera

55 3165 141 3232 ventis
154 3166 317 3252 iactatur,
341 3169 390 3237 ita
405 3191 471 3236 nos
487 3173 636 3242 extincta
653 3173 807 3257 ratione,
833 3172 1014 3263 rapiamur
1063 3177 1185 3265 religio
1213 3189 1296 3244 nota
1317 3175 1406 3260 luit,
1432 3191 1606 3264 acceptam
1625 3173 1801 3242 recensuit
1823 3183 1858 3240 et
1873 3169 2050 3241 poeticam

55 3263 219 3353 affectibus,
244 3293 312 3339 nec
330 3269 592 3340 consideremus
609 3275 694 3365 quid
712 3275 873 3364 expediat
888 3271 1011 3343 Eccle-
1063 3279 1198 3348 addidit
1220 3277 1406 3367 picturam.
1466 3273 1562 3362 Quid
1583 3275 1678 3343 enim
1701 3276 1778 3344 vult
1801 3273 1918 3357 aliud,
1943 3296 2050 3365 quam

18 3427 19 3470 3
55 3366 120 3449 siae,
141 3371 222 3461 quid
243 3369 400 3461 Reipub·
426 3395 516 3464 quae
538 3363 695 3464 exempla
717 3376 1011 3444 noceaniiuven·
1063 3381 1157 3472 quod
1185 3379 1286 3447 toties
1312 3377 1534 3468 praecipiunt
1559 3401 1675 3446 sacrae
1701 3377 1839 3458 literae,
1877 3388 1917 3443 ut
1940 3376 2051 3442 simus

55 3467 115 3551 itii,
144 3473 225 3562 quid
256 3473 412 3562 publicis
441 3474 567 3542 studiis
591 3477 701 3564 prosit
723 3489 784 3544 aut
805 3475 918 3559 obsit,
951 3475 1009 3541 sed
1064 3481 1270 3570 placabiles,
1303 3493 1343 3548 ut
1365 3478 1617 3546 obliviscamur
1637 3477 1808 3546 iniurias?
1844 3472 1912 3546 hoc
1935 3475 2050 3542 officio

18 3619 19 3622 ¹
56 3591 104 3658 qua
118 3571 302 3663 impellunt
317 3575 451 3643 turbidi
466 3573 630 3660 affectus,
663 3601 764 3645 caeco
780 3577 912 3668 impetu
930 3599 1010 3642 ma-
1062 3585 1108 3651 ita
1134 3581 1301 3649 delectari
1323 3579 1456 3661 Deum,
1491 3593 1530 3647 ut
1552 3578 1705 3646 vicissim
1721 3579 1825 3646 uubis
1841 3577 2051 3664 rogantibus

56 3693 120 3739 mus.
164 3675 251 3746 Tale
264 3677 357 3746 vitae
370 3699 480 3767 genus
497 3701 561 3746 nec
572 3673 805 3768 Philosopho,
832 3671 1008 3746 necCh1·i-
1063 3689 1119 3752 det
1130 3695 1326 3751 erratorum
1340 3681 1499 3764 veniam,
1515 3679 1665 3749 etmulta
1677 3679 1846 3768 largiatur
1858 3677 2051 3747 beneficia?

55 3773 141 3843 illim
168 3779 352 3864 convenii3
401 3803 482 3848 1111111
518 3779 574 3846 vel
608 3782 757 3848 maxime
789 3776 1013 3850 Christianus
1063 3785 1200 3856 Rursus
1232 3797 1347 3851 autem
1381 3781 1665 3873 implacabilibus
1702 3781 1833 3872 placari
1861 3781 1977 3860 nolle,
2015 3791 2049 3848 et
2139 3781 2146 3798 ”

55 3877 144 3946 omnia
164 3903 222 3950 sua
236 3881 406 3964 tonsilla,
433 3883 476 3952 ad
498 3880 646 3969 gloriam
663 3878 747 3966 Del,
774 3883 817 3950 ad
837 3879 1013 3950 Ecclesiae
1063 3905 1183 3956 eorum
1208 3885 1436 3973 pertinaciam
1459 3885 1752 3976 asperitatemque
1766 3884 1965 3951 animorum
1982 3905 2049 3973 pu.

56 3977 299 4052 aedificationem
316 3996 349 4051 et
365 3985 408 4051 ad
428 3983 622 4052 iuventutis
638 3983 784 4052 salutem
804 3985 934 4052 referre
950 3983 1013 4050 dc·
1064 3987 1164 4056 nire?
1215 3985 1312 4068 Haec
1344 3987 1514 4056 sententia
1537 4009 1761 4079 nequaquam
1782 3979 1966 4075 prophana
1990 3997 2050 4068 est,

56 4072 104 4150 itt.
148 4081 217 4153 Nec
234 4109 320 4152 vero
335 4085 409 4152 fieri
427 4097 541 4176 potest
559 4085 596 4152 in
615 4097 710 4154 tanta
728 4086 931 4154 infirmitate
946 4079 1011 4151 ho·
1062 4089 1288 4179 manavitque
1301 4083 1396 4156 haud
1412 4087 1519 4154 dubie
1534 4111 1552 4154 a
1578 4087 1645 4177 piis
1664 4087 1859 4156 maioribus
1874 4089 1915 4154 ad
1933 4098 2050 4176 poste·
2069 4157 2077 4188 ,

18 4237 19 4240 ,
56 4177 182 4272 ninum,
208 4187 298 4279 quin
316 4187 476 4257 incidant
501 4211 636 4255 errores
658 4201 762 4280 atque
780 4187 1012 4256 offensionest
1061 4215 1131 4263 ros.
1204 4188 1310 4259 Scitis
1344 4187 1439 4256 enim
1475 4182 1663 4257 aChristo
1696 4188 1801 4256 nobis
1834 4187 2051 4279 severissime

55 4269 257 4355 Etdiabolus
285 4311 387 4377 saepe
413 4289 525 4376 igneis
550 4291 646 4373 telis,
679 4304 718 4358 ut
749 4302 850 4357 vocat
869 4287 1012 4372 Paulus,
1062 4293 1345 4362 commendatum
1364 4307 1447 4358 ‘esse
1470 4283 1536 4356 hoc
1558 4289 1663 4358 officii
1687 4311 1813 4377 genus:
1853 4286 2051 4373 Remittite',

57 4385 157 4452 sauciat
183 4391 340 4482 animus,
363 4403 397 4457 ct
413 4389 608 4460 inflammat
626 4391 736 4474 odiis,
764 4404 805 4459 ut
819 4387 1010 4458 Ecclesiam
1062 4407 1095 4464 et
1111 4392 1348 4461 remmittetur
1363 4391 1476 4461 vobis.
1529 4384 1625 4458 Haec
1643 4405 1846 4483 praecepta,
1870 4393 1897 4458 si
1912 4389 2048 4478 magni-

56 4481 284 4579 autliempub.
311 4489 496 4580 dissipet„
532 4489 606 4560 Has
636 4493 864 4560 dissidiorum
893 4513 1012 4559 causas
1062 4495 1208 4564 facimus
1224 4490 1340 4562 Deum
1361 4507 1537 4577 autorem,
1562 4493 1592 4560 si
1614 4517 1770 4562 amamus
1787 4492 1963 4582 publicam
1981 4488 2051 4560 Ec-

56 4577 220 4676 intelligere
235 4586 460 4662 Christianos
477 4593 596 4677 decet,
622 4608 661 4662 ut
675 4593 843 4680 singulari
861 4593 1012 4681 diligen·
1062 4596 1185 4664 clesiae
1202 4593 1514 4688 tranquillitatem,
1541 4593 1568 4660 si
1586 4591 1739 4686 Reipub.
1757 4595 1850 4663 salus
1868 4593 1972 4663 nobis
1989 4617 2051 4662 cu-

56 4681 101 4765 tia,
124 4703 153 4756 et
168 4694 331 4763 muniant
347 4707 488 4783 pectora
503 4697 669 4764 adversus
686 4695 745 4762 illa
762 4696 849 4780 tela,
875 4709 910 4764 et
927 4693 1013 4762 affe·
1061 4721 1120 4766 rae
1142 4712 1211 4780 est,
1243 4711 1318 4766 toto
1343 4709 1483 4786 pectore
1503 4695 1732 4786 accipiamus,
1768 4709 1803 4766 et
1825 4717 2049 4764 communem

58 4783 142 4857 stibus
154 4793 292 4865 frenum
308 4795 482 4866 iniiciant.
533 4794 574 4866 Si
588 4797 673 4888 quid
689 4796 727 4863 in
742 4797 1011 4886 aliodesideras,
1061 4798 1285 4869 concordiam
1307 4811 1479 4874 tueamur.
1535 4795 1663 4890 Siqua
1686 4810 1770 4868 sunt
1792 4797 1828 4865 in
1848 4799 1969 4866 amicis
1993 4795 2050 4862 in-

58 4891 142 4972 cogita
162 4919 228 4986 qua
250 4897 389 4968 ratione
408 4897 543 4966 mederi
564 4899 694 4988 possis,
728 4923 802 4966 non
821 4897 1011 4968 utexulce-
1061 4902 1267 4982 commoda,
1294 4913 1353 4967 aut
1377 4899 1571 4990 prudenter
1592 4923 1774 4983 sanemus,
1808 4913 1868 4968 aut
1886 4899 2048 4967 comitate

56 5005 104 5062 ttt·
147 4991 356 5067 Plutarchus
371 4994 453 5091 napi
473 4993 717 5095 φιλαδελφίας
739 5001 860 5069 scribit
877 5023 1011 5068 morem
1060 5015 1179 5072 nostra
1204 5014 1380 5089 tegamus,
1413 4999 1692 5094 cogitemusque,
1726 5025 1826 5090 saepe
1850 4999 1975 5068 invita
1994 4999 2048 5068 lo-

57 5085 136 5160 luissc
154 5093 309 5169 Graecae
328 5101 459 5189 gentis,
495 5125 574 5170 cum
596 5103 666 5170 duo
690 5104 813 5171 fratres
830 5101 1011 5171 unaince-
1060 5129 1139 5174 cum
1157 5097 1286 5171 habere
1303 5102 1390 5170 illud
1411 5103 1505 5194 quod
1523 5103 1571 5173 ait
1586 5099 1742 5172 Plinius:
1770 5101 1844 5190 Qui
1860 5101 1944 5170 vitia
1962 5101 2049 5184 odit,

58 5186 177 5281 debant,
211 5214 246 5270 et
268 5203 311 5289 ad
328 5201 484 5294 lapidem
508 5203 660 5296 aliquem
686 5205 871 5273 excitatum
893 5203 1012 5271 venie·
1047 5202 1223 5274 'homines
1239 5203 1326 5276 odit.
1383 5200 1486 5273 Certe
1512 5203 1550 5270 in
1567 5197 1687 5272 schola
1709 5205 1758 5272 sic
1777 5204 1914 5286 vivere,
1940 5217 1980 5274 ut
1993 5203 2048 5270 vi-

57 5285 138 5380 bant,
163 5323 207 5369 ne
229 5301 379 5375 seiuncti
402 5306 565 5375 cederent
584 5303 742 5374 medium
758 5305 875 5375 locum
892 5303 1012 5394 lapidi,
1060 5320 1150 5376 vunt
1171 5307 1210 5375 in
1230 5327 1334 5376 arena
1357 5305 1588 5394 gladiatores,
1621 5317 1724 5396 turpe
1740 5329 1778 5374 ac
1794 5305 1961 5374 miserum
1986 5319 2047 5380 est.
2131 5391 2134 5398 Ι

59 5392 101 5461 ted
118 5411 154 5470 ut
172 5403 277 5474 ambo
297 5405 403 5476 simul
426 5408 470 5477 ad
495 5407 589 5476 idem
610 5407 702 5476 latus
717 5406 906 5478 circuirent
921 5405 1012 5499 lapi·
1060 5405 1231 5479 Ferarum
1253 5405 1348 5479 enim
1370 5420 1422 5478 est
1441 5407 1520 5478 talis
1536 5428 1760 5496 congressus,
1785 5406 1855 5476 nisi
1869 5407 1966 5503 quod
1981 5401 2047 5476 hae
