4688 5826
39 265 104 344 m
407 257 410 262 ’
668 259 830 341 nucu
866 254 944 342 or
976 217 1401 370 retrusorum.
1980 265 2057 348 ers

39 455 120 536 vetas
144 437 314 525 iniurias,
346 447 493 531 propter
515 433 697 532 publicem
717 457 868 528 pacem,
890 445 1014 510 noema
1061 447 1104 508 ut
1118 434 1246 509 sentiat
1259 429 1436 522 Ecclesia,
1459 451 1601 512 nostrae
1614 457 1759 538 quoquc
1770 438 1972 522 dilectionis
1985 446 2055 524 sli-

38 545 270 622 commoditate
302 541 481 632 placemus
506 540 661 612 aliorum
687 538 827 618 animos
844 536 1012 630 §flentem
1063 561 1132 632 qua
1156 537 1283 610 officia.
1341 538 1514 612 Moveant
1529 563 1595 614 nor
1611 567 1686 614 non
1709 557 1844 618 tantum
1861 555 2055 641 praesenti.

38 647 131 722 amice
144 669 184 716 ac
198 642 335 737 placide
353 642 578 717 conteremus
601 665 682 714 curn
708 639 788 712 aliis
804 641 849 710 de
863 639 1010 730 dogma-
1061 640 1233 734 temporis
1243 639 1417 734 pericula,
1438 643 1621 716 sedetiam
1633 647 1867 738 posteritatis,
1885 651 1950 723 cui
1958 669 2052 729 certe

39 753 119 825 tibus
140 745 323 838 religionis
347 757 383 816 et
407 743 632 834 gravioribus
646 740 915 823 controversiis,
941 741 1010 835 ipsi
1061 743 1249 824 debemus,
1270 757 1443 836 quantum
1458 767 1522 835 per
1536 768 1601 816 nos
1616 761 1750 837 potest,
1771 751 2052 847 relinquereEr,

38 847 115 926 nibil
127 861 258 920 temere
273 846 569 938 pronunciemus,
591 844 661 916 nisi
671 845 716 916 de
730 843 913 916 communi
927 865 1010 914 scn-
1060 843 1201 914 cleeiam
1225 855 1346 916 nostra
1370 847 1559 918 concordia
1587 863 1841 927 conservatam.
1905 853 2050 948 Cogito.

39 952 131 1026 tcntia
151 975 232 1020 cum
252 947 472 1020 doctioribus
495 946 686 1038 diligenter
703 945 849 1030 collata,
871 943 901 1014 si
920 943 1008 1039 qnid
1059 969 1138 1017 mus
1152 945 1293 1016 nullum
1309 969 1375 1018 noc
1388 943 1533 1020 Christo
1548 949 1682 1040 gratius
1697 951 1873 1040 officium,
1890 958 2048 1032 ‘nullum

37 1058 72 1128 ab
85 1052 159 1123 aliis
183 1050 417 1122 tolerabiliter
440 1049 577 1120 dictum
601 1060 672 1130 ιιι,
707 1069 783 1120 non
805 1046 924 1117 statim
948 1069 1009 1117 ca·
1058 1043 1135 1117 Deo
1148 1045 1372 1118 sacratiorem
1396 1043 1547 1120 hostiam
1573 1073 1614 1122 ac
1630 1054 1896 1144 acceptatiorem
1910 1059 2046 1132 cultum

37 1154 193 1226 lumniose
215 1152 447 1242 exagitemus,
477 1149 509 1222 si
531 1150 620 1244 quid
641 1160 816 1232 erratum,
852 1141 1008 1220 fraterne
1058 1163 1234 1240 praestare
1249 1171 1363 1239 posse.
1403 1148 1660 1222 Suavissimum
1676 1167 1728 1222 est
1743 1150 2046 1233 Davidiscarmen

37 1255 242 1330 admonendo
270 1253 499 1344 corrigamus.
560 1247 726 1346 Denique
749 1248 1006 1339 coniungamus
1057 1251 1102 1320 de
1130 1250 1320 1322 eoncordia
1351 1247 1548 1322 Ecclesiae:
1586 1247 1679 1323 Ecce
1704 1277 1811 1348 quam
1842 1259 1978 1330 honum
2008 1276 2045 1336 et

38 1358 132 1430 undio
149 1369 183 1426 et
199 1377 326 1448 operas
346 1367 507 1446 mutuas,
531 1366 573 1424 ut
586 1365 680 1424 extet
693 1351 786 1422 clare
800 1363 835 1425 et
854 1372 1005 1422 consen-
1056 1373 1162 1444 qnam
1186 1354 1382 1423 iucundum
1400 1365 1485 1438 ιιι,
1509 1354 1548 1424 in
1570 1377 1643 1448 quo
1664 1355 1826 1426 meminit
1843 1355 2044 1435 Sacerdotis

36 1461 109 1532 tiens
121 1456 309 1549 explicatio
324 1455 433 1528 totius
447 1454 647 1540 doctrinae,
673 1453 712 1524 in
728 1473 798 1546 qna
814 1445 906 1522 nihil
919 1445 1005 1522 hae-
1054 1461 1177 1539 Arou,
1203 1467 1243 1525 ut
1256 1453 1425 1543 significet
1443 1477 1481 1524 se
1504 1457 1548 1526 de
1562 1456 1751 1526 concordia
1766 1459 1970 1531 docentium
1987 1464 2043 1534 lo-

36 1575 93 1632 ιιιι
109 1557 284 1651 perplexi,
316 1552 410 1628 nihil
432 1555 606 1647 ambigui:
640 1554 679 1626 iu
694 1575 852 1638 summa,
877 1577 1004 1646 quem-
1054 1553 1134 1648 qui,
1167 1568 1202 1626 et
1223 1575 1297 1626 esse
1318 1554 1503 1647 proprium
1530 1553 1795 1644 Sacerdotium,
1828 1571 1864 1631 et
1883 1563 2042 1654 gratissi.

36 1663 207 1732 admodum
232 1658 322 1729 alios
343 1659 506 1730 videmus
519 1681 585 1750 pro
601 1656 675 1728 suis
691 1652 1003 1728 commoditatibus
1053 1679 1153 1725 mum
1164 1653 1242 1728 Deo
1258 1655 1410 1742 cultum,
1434 1656 1671 1730 concordibus
1686 1658 1814 1728 animis
1831 1662 1958 1734 docere
1973 1687 2040 1757 pu.

37 1762 199 1834 ambitiose
220 1772 255 1832 et
276 1759 496 1832 contentiose
518 1759 588 1830 uiti
608 1783 648 1830 ac
669 1779 846 1850 pugnare,
871 1755 919 1827 ita
936 1778 1002 1827 not
1052 1779 1133 1826 rum
1166 1759 1314 1828 verbum
1340 1753 1420 1832 Dei.
1484 1754 1597 1828 Addit
1621 1760 1667 1830 de
1695 1759 1854 1832 balsamo
1882 1776 1917 1834 et
1947 1789 2040 1852 rore,

37 1857 334 1962 φιλιτιμουμένοι,
366 1875 409 1934 ιιι
424 1859 577 1932 Paulino
599 1859 708 1932 verbo
727 1871 829 1942 utar,
852 1857 1002 1952 etqnasi
1053 1858 1138 1951 quia
1161 1871 1196 1930 et
1218 1855 1374 1930 Ecclesia
1397 1852 1463 1928 bac
1485 1859 1673 1930 concordia
1688 1861 1835 1932 mirifice
1850 1879 2040 1956 recreatur,

36 1966 172 2038 ιιιιιιιο
208 1963 328 2034 studio
349 1957 418 2034 boc
442 1983 605 2052 agamus,
644 1974 685 2032 ut
711 1959 821 2030 sitin
841 1953 1002 2030 Ecclesia
1052 1957 1150 2029 etin
1171 1959 1379 2031 universum
1401 1959 1466 2030 toti
1487 1961 1580 2032 vitae
1593 1955 1781 2031 hominum
1803 1959 1895 2035 nibil
1910 1989 1950 2036 ea
1967 1970 2040 2039 uti-

38 2079 150 2152 saucta,
172 2077 284 2150 tecta,
308 2065 403 2136 etad
418 2076 577 2155 posteros
596 2061 703 2134 etiam
719 2058 893 2132 durabilis
914 2083 1001 2132 con-
1051 2059 1142 2146 lius,
1177 2056 1271 2130 nihil
1291 2059 1479 2130 salubrius.
1542 2059 1613 2133 Sed
1637 2061 1761 2134 desino
1791 2059 1877 2136 haec
1897 2065 2039 2159 lougius

36 2167 144 2241 cordia.
194 2161 261 2238 Est
277 2163 373 2240 enirn
392 2179 428 2238 et
444 2158 512 2236 hoc
527 2161 622 2234 inter
642 2163 754 2236 multa
767 2157 874 2232 buius
894 2183 1001 2252 pene·
1051 2163 1233 2256 persequi,
1265 2161 1368 2232 vobis
1389 2185 1474 2230 vero
1498 2163 1560 2256 qui
1582 2166 1625 2234 ad
1647 2166 1848 2236 docendum
1866 2173 2038 2244 accessuri

35 2269 70 2338 ris
92 2266 307 2340 sanctissima
339 2277 523 2360 praecepta
548 2263 654 2336 Pauli
684 2264 730 2336 ad
752 2257 887 2353 Ephes.
918 2285 999 2334 cnm
1051 2264 1151 2347 estis,
1176 2265 1385 2333 commendo
1407 2276 1443 2334 et
1458 2263 1575 2358 ipsum
1598 2264 1854 2353 ministerium,
1879 2281 1920 2340 ut
1937 2270 1977 2340 in
1994 2297 2036 2345 eo

27 2370 112 2446 lemni
148 2365 370 2452 humilitate,
417 2366 553 2461 inquit,
595 2389 676 2436 cum
711 2363 1001 2448 mansuetudine,
1050 2388 1187 2436 summa
1211 2363 1383 2455 religione
1412 2365 1619 2450 versemini,
1649 2379 1684 2438 et
1711 2369 1756 2436 ad
1777 2367 1869 2438 illud
1882 2369 2037 2444 afferatis

27 2465 95 2544 icum
107 2469 274 2562 patientia
290 2469 438 2541 tolerate
450 2467 604 2538 invicem
626 2466 665 2538 in
686 2460 876 2551 charitate,
900 2465 1000 2536 solli·
1049 2467 1259 2536 acerrimum
1282 2465 1493 2536 concordiae
1515 2466 1683 2538 studium.
1717 2499 1719 2506 ·
1742 2463 1897 2540 Oremus
1919 2485 2037 2544 autem

27 2573 81 2658 leiti
108 2595 246 2642 servare
275 2571 447 2642 unitatem
481 2569 627 2660 spiritus
658 2567 698 2638 in
724 2568 869 2640 vinculo
892 2567 999 2660 pacis.
1050 2564 1184 2652 Deum,
1218 2579 1258 2636 ut
1280 2567 1385 2636 uobis
1402 2569 1537 2635 donum
1556 2564 1762 2658 Evangelii,
1793 2595 1865 2662 quo
1893 2573 2035 2644 nullum

27 2663 187 2745 {linitatcm
210 2672 357 2763 spiritus
383 2670 574 2764 praecipit,
607 2664 675 2740 boc
700 2683 753 2740 eat
769 2691 888 2738 veram
912 2689 998 2739 con·
1049 2669 1093 2738 in·
1121 2670 1225 2739 terris
1250 2668 1365 2738 maius
1390 2663 1579 2754 habemus,
1616 2691 1680 2761 pro
1706 2693 1769 2742 sua
1795 2669 2036 2748 misericordia

27 2763 208 2856 tunsionem
223 2773 423 2858 doctrinae,
446 2785 480 2844 et
496 2795 573 2844 eam
589 2767 707 2864 iuquit
722 2767 899 2842 contineri
913 2791 998 2862 pace
1048 2785 1242 2842 conservet.
1291 2765 1388 2840 Diri.

36 2889 60 2944 ιι
74 2876 271 2962 cuncordia,
306 2886 474 2968 tanquam
502 2871 661 2948 viuculo.
721 2869 862 2942 Deinde
890 2865 998 2942 huius

36 2977 198 3048 sollicitum
212 2976 370 3048 studium
383 2975 554 3070 requirit,
577 2986 613 3044 et
626 2971 799 3064 signifieat
812 2994 997 3063 nonposse

28 3079 209 3150 conservari
225 3074 404 3150 Ecclesiae
430 3075 677 3160 concordiam,
709 3073 778 3144 nisi
796 3072 916 3144 adsint
930 3066 997 3142 hae

28 3175 175 3270 hiantes,
200 3175 401 3265 humilitas,
424 3178 678 3258 mansuetudo,
700 3174 888 3269 patientia,
916 3173 999 3268 qui·
1049 3168 1118 3245 No.
1137 3169 1199 3242 88.
1845 3195 1896 3246 ιιι.
1916 3175 2011 3248 1530.

28 3277 85 3350 ibus
106 3282 194 3354 inter
225 3304 293 3352 nos
320 3294 446 3354 mutuo
477 3279 679 3350 toleremus.
737 3272 902 3350 Christus
923 3277 998 3368 ipse
1052 3265 1190 3294 ”w
1522 3351 1531 3370 ⁸
1698 3348 1708 3370 1
1818 3265 2032 3312 “⁴⁴⁹

28 3379 88 3490 ‚iam
108 3383 322 3455 discessurus
342 3405 362 3452 a
384 3381 475 3465 suis,
506 3375 574 3452 hoc
596 3401 709 3450 unum
725 3379 932 3449 mandatum
948 3377 1018 3450 ait.
1339 3349 1416 3438 De
1442 3347 1747 3464 ΡῘΗῙθθθΡῙῦῑῧ·

28 3497 63 3594 ιιι
82 3485 291 3577 relinquere,
330 3497 372 3554 ut
402 3481 554 3554 invicem
595 3479 764 3568 diligant,
805 3501 871 3548 uec
904 3479 998 3570 piget
1118 3513 1199 3587 ΛΡΜ
1219 3513 1293 3569 cm,
1312 3509 1385 3583 Myt.
1403 3509 1500 3583 μη,
1523 3508 1552 3564 p,
1569 3507 1722 3568 mm,
1738 3507 1773 3566 q,
1787 3507 1809 3568 ι,
1825 3527 1853 3584 p.
1866 3509 1946 3583 m„
1969 3511 2036 3571 s,„

28 3581 127 3672 *ipsum
148 3580 214 3656 hoc
236 3597 460 3676 praeceptum
485 3583 613 3654 iterum
630 3593 735 3673 atque
750 3579 878 3650 iterum
896 3603 998 3670 repe·
1148 3585 1252 3641 vett
1271 3599 1299 3655 ι·
1314 3580 1375 3636 ¹⁹⁶·
1392 3591 1420 3636 ‘²
1436 3577 1565 3637 ΝΜ·
1577 3580 1601 3634 ¹·
1619 3597 1649 3654 t·
1662 3578 1706 3636 ⁸⁰·

29 3685 91 3768 Jtere
118 3699 148 3758 et
184 3685 382 3771 inculcare,
413 3698 453 3756 ut
480 3683 671 3774 significet,
704 3693 857 3773 quantae
892 3703 997 3752 curae

29 3785 102 3856 velit
121 3811 189 3856 esse
213 3788 275 3870 iis,
307 3786 371 3880 qui
392 3797 558 3876 praesunt
579 3779 757 3854 Ecclesiis.
817 3778 937 3869 Quare
963 3795 998 3854 et

40 3887 118 3956 nobis
218 3887 390 3957 'nculcem
442 3901 608 3970 ,utsem
654 3881 997 3956 roboculosetin·
1210 3947 1219 3965 ,
1259 3949 1267 3965 ,
1370 3945 1378 3963 ,
1544 3947 1552 3962 ,

41 3883 268 4058 uumhhhhis
287 3909 491 4061 babeahius.
546 3907 704 4057 Mahima
727 3985 881 4077 pericula
902 3997 996 4068 sunt,
1072 3941 1456 4018 ''⁰''e‘mmvembm‘
1480 3939 1674 4016 PW'Md‘
1712 3946 2010 4018 M‘D'XX‘W·

42 4109 106 4176 quae
126 4106 303 4184 expectare
326 4103 465 4182 oportet
486 4087 565 4180 pios
581 4087 740 4158 doctores
762 4100 906 4177 propter
926 4082 996 4158 Ec-
1048 4079 1170 4186 Spero
1185 4115 1301 4162 mores
1322 4115 1420 4164 meos
1441 4091 1489 4164 ita
1504 4089 1607 4162 vobis
1629 4092 1796 4163 omnibus
1812 4092 1987 4186 inspectos
2000 4109 2039 4168 et

42 4185 169 4277 clesian,
191 4189 358 4266 aSataua
372 4203 407 4262 et
422 4191 576 4272 mundo,
599 4187 732 4260 multae
747 4201 830 4258 sunt
844 4187 997 4259 difficul-
1048 4207 1154 4273 notop
1174 4216 1266 4279 esse,
1297 4207 1340 4265 ut
1358 4194 1462 4264 facila
1482 4193 1693 4285 persuadere
1713 4192 1865 4286 possim,
1890 4219 1947 4268 me
1960 4221 2036 4270 non

42 4297 120 4370 tates,
150 4307 181 4364 et
205 4292 452 4377 incommoda,
487 4289 636 4384 quaein
660 4285 997 4382 ipsocoetchcle·
1048 4293 1290 4388 impudentia,
1322 4309 1383 4367 aut
1405 4295 1533 4364 fiducia
1553 4294 1708 4384 ingenii,
1740 4308 1801 4366 aut
1819 4300 2038 4399 nolvupcy-
2103 4343 2106 4350 .

43 4386 92 4458 siae
104 4393 272 4470 incidunt.
320 4392 391 4466 Hic
415 4405 557 4486 oportet
581 4413 653 4462 esse
671 4415 833 4481 magnam
852 4389 924 4460 vim
940 4388 996 4460 di·
1045 4389 1193 4490 poov'rp
1212 4396 1331 4490 aliqua
1367 4390 1433 4466 has
1461 4391 1553 4466 mihi
1585 4397 1727 4468 dicendi
1759 4411 1875 4486 partes
1904 4400 2034 4472 iterum

43 4485 188 4570 lectionis,
223 4521 312 4589 quac
333 4507 560 4566 contemnere
583 4493 693 4584 possit
714 4491 891 4584 pericula,
916 4513 997 4582 pet·
1047 4501 1247 4588 sumpsisse,
1296 4495 1386 4568 Nam
1402 4499 1679 4569 commendaret
1693 4521 1750 4568 eas
1766 4493 1854 4567 mihi
1870 4501 2035 4594 viropti-

44 4587 108 4661 lerre
132 4621 249 4668 omnes
283 4596 510 4680 acerbitates,
551 4595 703 4666 tolerare
728 4607 763 4664 et
794 4594 997 4664 condonare
1048 4623 1127 4670 mus
1147 4593 1309 4668 Iacobus
1327 4591 1535 4670 Milichus
1556 4596 1720 4669 Decauus
1737 4595 2034 4689 collegii-nostri,

44 4687 176 4783 iniurias,
199 4699 334 4770 mederi
354 4696 601 4770 incommodis.
651 4693 747 4766 Haec
761 4719 836 4764 non
852 4695 997 4777 iaciunl,
1048 4701 1110 4796 qui
1135 4714 1278 4793 propter
1299 4700 1473 4790 egregiam
1495 4699 1679 4784 virtutem,
1714 4724 1756 4770 ac
1776 4701 1976 4774 studiorum
2000 4717 2036 4774 et

30 4793 85 4880 uui
97 4821 161 4867 non
173 4824 212 4870 er
226 4801 346 4870 animo
361 4798 565 4872 afficiuntur
577 4793 753 4868 Ecclesiae
768 4795 938 4876 miseriis,
963 4809 998 4866 et
1048 4803 1283 4896 plurimorum
1300 4802 1498 4872 officiorum
1513 4801 1732 4882 societatem,
1765 4795 1855 4871 mihi
1870 4797 2037 4875 chariat.

30 4891 95 4964 ‘cius
120 4899 347 4990 integritatem
380 4925 421 4974 ae
446 4901 615 4984 salutem,
655 4920 715 4968 sua
743 4896 902 4988 ipsorum
925 4897 996 4966 vita
1048 4916 1210 4989 musest,
1238 4905 1407 4974 movebar
1422 4901 1699 4996 quadamofficii
1717 4901 1873 4989 ratione,
1896 4918 1937 4976 ut
1956 4929 2036 4976 mo-

48 4985 205 5080 tharimem
240 5000 384 5078 babent.
457 5000 581 5094 ltaque
620 4999 848 5070 subiiciamua
883 4999 998 5083 nobis,
1047 5029 1122 5076 rem
1143 5005 1337 5094 gerendum
1364 5027 1438 5076 esse
1461 5003 1565 5075 amici
1585 5004 1763 5076 voluntati
1789 5004 2036 5078 existimarem.

49 5115 94 5182 lla
115 5097 275 5176 charitate
306 5126 372 5176 nus
401 5104 603 5194 complexus
627 5101 672 5171 sit
695 5095 878 5183 Christus,
916 5123 997 5171 cum
1046 5104 1170 5200 Neque
1186 5129 1249 5197 eqo
1272 5129 1351 5177 snm
1375 5107 1463 5176 adeo
1483 5104 1671 5192 Suffenus,
1694 5117 1756 5176 aut
1778 5105 1929 5178 ridicule
1943 5102 2035 5176 mihi

50 5213 91 5278 pm
111 5205 204 5274 nobis
232 5205 427 5279 liberandis
448 5229 491 5276 ex
516 5203 651 5276 diaboli
677 5226 807 5293 regno,
843 5215 998 5292 peccato,
1047 5209 1185 5300 placeo,
1217 5221 1258 5278 ιιι
1279 5209 1437 5297 ignorem
1461 5208 1648 5302 plerosque
1669 5206 1812 5278 aliusin
1832 5200 1898 5278 hac
1911 5203 2033 5280 schola

51 5313 131 5372 uerte
149 5321 181 5376 et
198 5309 339 5393 inieris,
371 5307 578 5398 sanquinem
600 5329 703 5378 suum
718 5304 895 5396 proludit,
919 5316 953 5374 et
966 5303 997 5374 ei
1046 5332 1137 5393 esse,
1163 5323 1198 5381 et
1214 5322 1338 5380 natura
1354 5311 1465 5400 magis
1483 5311 1650 5393 idoneos,
1676 5321 1711 5380 ιι
1725 5308 1887 5379 ἀοιιιίιιιι
1904 5309 2032 5381 melius

31 5399 157 5514 {quidem
175 5410 247 5480 eius
272 5407 439 5502 discipuli
461 5403 586 5488 haberi
614 5407 796 5508 volumus,
827 5405 996 5481 iaciamus
1047 5411 1238 5486 instructos
1260 5413 1305 5482 ad
1327 5412 1536 5497 dicendum,
1568 5435 1674 5505 quam
1688 5432 1753 5502 eqo
1772 5431 1870 5497 sum,
1903 5412 2035 5507 quibus

31 5519 32 5556 ι
1430 5513 1504 5584 18*

1046 3743 1108 3814 De
1122 3735 1358 3834 philosophia
1370 3742 1492 3812 oratio
1504 3743 1758 3832 pronunciata
1764 3786 1777 3828 ,
1802 3759 1888 3812 cum
1905 3735 2036 3816 decer·
2163 3801 2166 3812 .

1047 3853 1204 3917 necetur
1222 3837 1370 3940 qrodus
1391 3843 1606 3940 Muqisters'i
1628 3837 1849 3936 quibusdum
1863 3839 1983 3918 doctis
1999 3852 2039 3916 et
2165 3835 2168 3841 ’
2223 3877 2228 3895 ·
