4616 5816
72 246 135 346 aar
573 211 577 226 “
705 218 1439 323 oacnnnvtracaaant
1739 222 1746 230 ·
1881 282 1884 304 ,
2008 233 2087 308 sos

69 413 226 490 studiosos
254 419 426 502 quantum
452 429 596 504 possum
626 401 814 490 adhortor,
845 421 886 480 ut
912 406 1043 478 debent
1094 415 1170 476 tom
1185 398 1423 484 considerate,
1450 391 1536 468 haec
1555 411 1730 474 testantur
1750 403 1906 476 remedia
1920 403 2091 478 efficacis·

69 519 166 587 iacere
187 533 310 582 omnes
331 509 421 580 boni
436 507 533 598 viri,
546 524 587 582 ut
604 503 698 580 hanc
716 508 915 582 doctrinam
936 523 970 580 et
984 531 1043 578 ar·
1095 505 1182 574 sima
1197 523 1282 572 esse.
1333 499 1622 574 lodestillationc
1638 500 1893 577 vehementiori
1913 503 2092 580 amomi

69 622 180 688 denter
194 623 359 704 expetant
372 624 407 682 et
422 609 557 696 colant,
588 611 689 682 cuius
704 609 858 701 cognitio
875 633 950 682 non
967 633 1046 678 mo-
1096 629 1137 676 es
1157 602 1389 696 pulmonibus
1413 601 1531 688 lenta,
1562 606 1652 675 acris
1676 619 1711 677 et
1733 620 1837 678 tenax
1860 609 1988 700 pituita
2014 633 2091 682 non

69 723 109 790 do
122 718 274 786 iucunda
287 726 350 800 est,
375 712 435 782 sed
454 711 560 784 etiam
574 710 732 784 infinitas
748 711 917 786 utilitates
932 711 1047 785 adseri
1097 718 1212 798 potest
1227 705 1304 774 sine
1319 704 1454 776 medica
1468 728 1550 795 ope.
1601 701 1658 776 Ad
1675 703 1772 778 huuc
1788 734 1890 780 usum
1909 735 1964 781 res
1982 735 2091 804 pecu·

69 822 160 892 vitae.
210 813 288 886 lmo
303 827 340 886 et
353 837 469 884 mores
487 827 634 889 naturae
656 814 827 906 impactio
844 814 1046 886 considera·
1098 808 1204 878 liares
1225 805 1420 876 destinatae
1453 819 1555 892 sunt,
1588 831 1654 880 nec
1674 809 1757 882 licet
1789 812 1865 882 sine
1886 813 2091 884 discrimine

69 921 178 1014 tioque
199 917 310 988 flectit
333 917 379 986 ad
402 915 701 1002 moderationem,
732 929 767 988 et
799 917 844 986 ad
869 916 1048 1008 pietatem,
1099 909 1318 1003 quibuslibet
1338 902 1538 998 pharmacis
1557 910 1621 982 uti.
1671 909 1836 999 Quantus
1857 937 1942 984 usus
1966 929 2017 987 est
2039 916 2091 987 ci-

40 1049 102 1104 ¹ac
121 1031 255 1090 mentes
277 1017 323 1087 ad
343 1011 412 1088 Dei
435 1016 705 1088 admirationem
726 1017 906 1092 exuscitet.
956 1011 1048 1086 Cum
1100 1011 1186 1080 corii
1204 1023 1238 1078 et
1251 1003 1423 1079 absinthii
1438 1007 1477 1076 in
1490 1024 1589 1100 epate
1602 1013 1996 1109 medicandoiqnoties
2010 1041 2092 1088 ruu-

69 1123 153 1194 enim
167 1117 266 1192 Deus
286 1142 353 1188 nos
376 1117 415 1186 in
437 1113 505 1188 hoe
523 1117 722 1210 spectaculo
739 1117 936 1202 collocarit,
963 1137 1047 1184 noe
1100 1111 1248 1182 lieribus
1268 1123 1402 1180 eertum
1429 1110 1574 1182 exitium
1601 1114 1785 1205 depellunt
1813 1113 2094 1189 absinthium-et
2189 1156 2194 1164 ·

70 1247 130 1319 quc
141 1219 282 1294 iusserit
295 1218 475 1314 opificium
491 1241 596 1294 suum
616 1219 747 1291 intueri
765 1233 799 1292 et
814 1221 1049 1303 considerare,
1102 1207 1328 1284 arthemisia?
1366 1209 1436 1282 Sed
1456 1212 1582 1284 omitto
1606 1213 1696 1284 hanc
1711 1221 2093 1317 commemorationem.

70 1349 136 1405 non
151 1319 391 1394 existimemus
403 1315 472 1392 hoc
482 1320 637 1394 studium
656 1321 782 1392 inutile
799 1344 872 1392 esse
894 1345 958 1392 nec
974 1320 1050 1390 sine
1104 1313 1271 1404 Quaesita
1293 1328 1377 1384 sunt
1406 1314 1559 1382 remedia
1583 1331 1706 1386 contra
1728 1341 1879 1405 venena,
1904 1334 2025 1416 estque
2051 1323 2092 1392 in

71 1427 163 1518 culpa
186 1423 378 1500 contemni.
429 1416 499 1494 iiic
523 1423 609 1516 quid
633 1423 748 1492 dicam
770 1426 813 1494 de
836 1421 1051 1519 Cyclopibus
1103 1413 1171 1486 hoc
1192 1439 1319 1506 genere
1340 1415 1523 1484 manifesta
1545 1419 1599 1486 vis
1620 1435 1738 1500 rotae,
1771 1443 1881 1514 quare
1902 1423 1947 1494 ad
1970 1447 2095 1494 arcen-

71 1529 151 1612 illis,
179 1523 241 1618 qui
267 1547 343 1594 uon
364 1523 480 1608 solum
506 1523 774 1618 inquisitionem
804 1539 1052 1616 aspernantur,
1105 1521 1185 1586 dam
1210 1516 1446 1608 pestilentiam
1473 1539 1636 1607 maguam
1662 1521 1735 1590 vim
1758 1515 1880 1594 habet:
1913 1537 1947 1594 et
1970 1525 2094 1595 scribit

72 1632 123 1700 scd
145 1627 249 1697 etiam
276 1649 381 1696 usum
403 1639 436 1694 et
457 1626 628 1696 remedia:
655 1649 734 1696 cum
757 1627 937 1700 saevitiam
954 1651 1053 1699 eser·
1104 1613 1289 1690 Atheneus
1302 1616 1490 1690 Ponticum
1506 1633 1697 1713 tyrannum
1713 1622 1856 1711 solitum
1872 1626 2017 1696 venenis
2031 1651 2095 1696 ne.

74 1743 164 1800 ceant
185 1729 224 1796 in
249 1749 312 1796 sua
335 1751 483 1818 corpora
503 1726 651 1798 immani
675 1727 853 1816 ingluvie,
879 1729 1054 1798 immode-
1106 1745 1185 1792 care
1207 1719 1374 1790 invitatos
1394 1721 1438 1788 ad
1462 1721 1624 1792 convivia
1641 1723 1752 1810 cives,
1780 1725 1817 1794 id
1838 1751 1918 1796 cum
1932 1729 2097 1798 animad-

74 1831 147 1902 ratis
168 1828 300 1918 vigiliis
323 1841 357 1898 ct
380 1828 459 1898 aliis
485 1829 618 1914 modis,
650 1844 788 1920 postea,
823 1830 912 1904 sicut
933 1828 1055 1912 Stoici,
1107 1845 1247 1892 versum
1266 1834 1371 1906 esset,
1395 1833 1514 1912 postea
1537 1825 1708 1928 accessuri
1725 1829 1769 1897 ad
1792 1827 1903 1917 ipsius
1920 1829 2096 1914 convivia,

74 1933 137 2002 lato
159 1929 264 2000 aiunt
289 1929 363 2017 regi
384 1930 624 2002 valetudinem
646 1932 821 2018 arvitam,
847 1931 1055 2004 necaceersi
1108 1923 1450 2015 praemunicmntse
1464 1938 1562 2008 ruta,
1587 1939 1691 2020 atque
1709 1927 1757 1998 ita
1772 1928 1848 1999 aine
1869 1929 2095 2001 incommodo

76 2033 206 2102 morbos
223 2030 356 2100 nostris
372 2031 488 2122 vitiis,
515 2056 582 2102 nec
594 2032 724 2124 depelli
741 2033 925 2123 diligentia
942 2055 982 2104 se
1000 2055 1057 2104 re-
1108 2049 1243 2095 venena
1261 2020 1467 2096 bacisamat.
1519 2021 1637 2115 Magis
1655 2028 1783 2100 micum
1800 2035 1961 2124 estquod
1978 2045 2097 2104 namot

11 2139 12 2144 ’
76 2133 212 2218 mediis,
248 2131 309 2200 sed
334 2131 418 2208 lato,
480 2131 570 2204 Hae.
590 2156 693 2204 vocas
719 2159 799 2206 rum
831 2135 1057 2226 manifestum
1109 2129 1153 2198 de
1168 2127 1296 2198 citrino
1313 2149 1439 2215 pomo,
1465 2139 1498 2196 et
1509 2128 1641 2216 allegat
1658 2143 1779 2202 testem
1795 2133 1858 2224 qui
1879 2133 1947 2204 snit
1964 2148 2099 2225 specta-

76 2239 219 2306 tuorem
234 2233 444 2322 significent,
470 2235 638 2326 indignae
651 2249 735 2307 sunt
749 2237 973 2322 refutatione,
996 2237 1056 2306 sed
1110 2243 1166 2300 tor
1179 2229 1254 2298 eius
1271 2242 1432 2298 eventus:
1456 2229 1496 2299 in
1511 2227 1673 2323 Aegypto
1691 2255 1770 2302 cum
1787 2235 2001 2306 ducerentur
2017 2235 2097 2328 qai-

78 2351 181 2408 tamen
207 2335 394 2408 interdum
412 2337 571 2428 erempla
584 2353 715 2426 nocent
735 2337 919 2428 imperitis.
973 2336 1057 2408 ldeo
1110 2334 1191 2402 dam
1213 2343 1331 2402 sontes
1351 2331 1394 2398 ad
1417 2330 1558 2420 aspidas
1578 2346 1618 2402 ut
1638 2353 1759 2404 eorum
1788 2337 1966 2408 morsibus
1988 2338 2099 2410 inter-

78 2434 306 2522 adol'escentes
323 2439 515 2522 admoneo,
538 2452 578 2510 ut
596 2433 683 2512 haec
704 2439 886 2510 barbarica
903 2440 1059 2512 convitia
1110 2432 1317 2516 iterentur,
1342 2431 1433 2502 torte
1451 2431 1657 2504 muliercula
1673 2458 1763 2526 quae
1776 2450 1851 2506 erat
1864 2441 1957 2528 apud
1981 2452 2100 2508 custo-

79 2539 150 2610 artis
164 2541 400 2622 detestentur,
425 2562 515 2631 quae
530 2541 743 2615 contumelia
760 2541 918 2615 afficiunt
932 2539 1060 2626 Deum,
1111 2536 1191 2603 dem
1207 2532 1355 2604 carceris
1370 2534 1521 2625 quadam
1540 2534 1778 2606 misericordia
1802 2551 1914 2623 mota,
1941 2539 2100 2612 illis'tre-
2121 2599 2124 2606 ,

79 2643 188 2732 quiet
221 2639 318 2727 leges
348 2637 496 2710 tradidit
521 2641 652 2734 quibua
677 2641 750 2730 regi
776 2642 994 2728 dissidebat,
1026 2657 1061 2714 at
1112 2635 1289 2721 mentibus
1311 2645 1356 2704 ac'
1372 2633 1572 2706 sitientibus
1595 2638 1654 2707 dat
1677 2660 1821 2726 pomum
1843 2641 2028 2727 citriunm,
2059 2655 2099 2712 ut

11 2767 12 2820 j
79 2741 241 2832 praesidia
260 2764 300 2808 ac
315 2741 469 2810 remedia
486 2743 643 2828 addidit,
668 2743 798 2836 quibus
814 2744 1060 2819 admirabilem
1113 2735 1419 2820 vimreficetfflls
1445 2761 1515 2828 q⁰⁰
1531 2741 1865 2824 8¹¹⁸i²ti⁰t¹1¹⁰1¹¹¹¹¹¹r
1884 2745 1928 2836 ,ed
1951 2745 2101 2833 &illidio

79 2857 190 2914 etvere
204 2865 372 2917 arcanam
382 2841 455 2912 vim
469 2842 600 2926 indidit
618 2843 763 2916 iuvandi
780 2870 941 2938 corpora,
957 2870 1062 2916 mou.
1113 2861 1264 2930 quarum
1280 2860 1400 2908 morsu
1416 2861 1495 2909 cum
1508 2851 1630 2908 essent
1640 2839 1797 2925 sauciati,
1817 2842 1867 2912 vis
1882 2845 2010 2914 veneni
2026 2868 2101 2914 non

80 2945 191 3014 stravit
213 2955 252 3012 et
273 2956 384 3012 artem
414 2958 455 3014 ut
483 2937 540 3014 his
564 2945 744 3016 beneficiis
767 2962 846 3038 apte
872 2963 1063 3022 uteremur,
1112 2939 1182 3010 luit
1201 2939 1338 3021 efficax,
1362 2963 1428 3008 nec
1448 2940 1705 3028 extinguuntur
1726 2943 1918 3015 vulnerati:
1946 2946 2102 3014 novitate
2175 2941 2183 2947 ’

80 3043 191 3138 Itaque
211 3041 283 3114 Dei
303 3044 564 3116 ordinationem
574 3090 588 3135 ,·
613 3043 735 3118 acDei
758 3051 925 3123 hessefieia
942 3073 1062 3140 asper-
1113 3042 1165 3112 cei
1200 3041 1459 3140 obstupefactus
1481 3039 1710 3130 Magistratus
1734 3045 1923 3135 diligenter
1952 3047 2103 3140 inquirit

11 3155 12 3198 ἱ
80 3160 202 3216 uantur
217 3143 392 3240 Cyclopes
411 3145 483 3232 itti,
516 3145 546 3218 si
570 3161 696 3238 putant
718 3145 812 3218 nihil
829 3175 902 3224 esse
921 3153 1063 3237 virinus,
1114 3165 1246 3226 teum,
1268 3165 1421 3234 cumque
1437 3142 1531 3214 5⁰¹0?
1545 3160 1678 3216 caetere
1693 3145 1942 3236 interrogasset
1958 3150 2043 3242 quid
2059 3172 2101 3218 ²0

11 3265 12 3284 ³
59 3247 113 3318 =in
133 3249 238 3318 rebus
259 3245 432 3318 divinitus
448 3249 601 3320 conditis
624 3252 669 3322 ad
690 3245 877 3330 hominum
897 3254 1062 3325 salutem:
1115 3245 1173 3314 die
1188 3245 1441 3324 comedissent,
1468 3245 1506 3314 fit
1526 3247 1661 3316 mentio
1685 3249 1782 3337 pomi
1797 3250 1963 3322 aitooiist
1981 3247 2103 3342 ltaque

11 3427 12 3430 Ἴ
80 3363 116 3420 ut
139 3351 223 3420 certi
251 3348 321 3418 cibi
351 3372 392 3422 ac
416 3339 520 3442 potus
546 3343 706 3427 humano
726 3353 869 3445 corpori
892 3355 1063 3448 propositi
1115 3347 1188 3417 vius
1205 3345 1302 3436 pomi
1318 3347 1510 3434 experitur:
1545 3348 1726 3418 ducuntur
1747 3349 1817 3420 alio
1839 3351 1898 3420 die
1921 3347 2042 3420 rursus
2058 3353 2102 3420 ad

81 3464 165 3537 sunt,
190 3448 257 3546 qui
271 3471 334 3522 cur
347 3449 386 3518 in
403 3452 609 3542 sanguinem
624 3466 809 3527 vermutnr
821 3469 861 3526 ut
873 3456 972 3528 alant
984 3481 1065 3528 coac
1115 3447 1274 3538 aspidas,
1297 3449 1359 3516 sed
1381 3447 1524 3523 iubetur
1544 3448 1640 3520 alter
1649 3454 1901 3540 praemandare
1923 3451 2104 3532 citrinum,

82 3576 178 3642 pora,
201 3553 322 3628 dicere
345 3575 419 3622 non
435 3575 647 3644 possumus,
675 3557 734 3626 sed
754 3556 928 3630 mirabilis
948 3549 1076 3630 indita¹
1115 3550 1204 3622 alter
1218 3542 1437 3643 prohibetur,
1463 3548 1515 3618 ibi
1529 3563 1680 3642 utroque
1695 3553 1862 3634 sauchto,
1886 3553 2105 3642 extinguitur
2167 3553 2174 3606 ἶ

83 3653 197 3728 visast
228 3651 359 3725 talibus
381 3655 508 3738 rebus,
542 3669 576 3730 et
600 3657 762 3744 cognatio
789 3671 824 3728 at
847 3652 1066 3751 συμπάθεια
1116 3649 1222 3742 isqui
1238 3649 1456 3722 abstinuerat
1470 3674 1491 3720 a
1505 3651 1647 3737 citrino,
1670 3653 1759 3724 alter
1772 3652 2105 3738 manetincolumis,

83 3779 156 3824 cum
169 3751 330 3832 humano
345 3778 503 3848 corpore,
529 3757 721 3831 utmisceri
736 3774 771 3832 et
786 3760 946 3832 inunam
960 3777 1066 3832 natu·
1116 3751 1180 3846 qui
1195 3764 1405 3842 itemesti·
1449 3750 1590 3824 &¹¹⁰ss
1605 3759 1710 3826 ¹¹³⁰d⁰
1727 3749 1911 3839 hi⁸¹⁰¹i⁸02
1938 3757 1998 3826 tid
2014 3779 2106 3848 (1¹¹⁰-

83 3879 151 3924 ram
183 3855 363 3927 confluere
382 3857 543 3948 *possint
603 3855 654 3933 lta
687 3861 726 3928 in
761 3887 797 3930 re
824 3863 949 3934 madiis
976 3865 1066 3934 inest
1117 3856 1251 3935 tidiana
1260 3854 1475 3945 experientia
1490 3856 1690 3946 suppeditat
1704 3856 1980 3928 innumerabilia
1989 3879 2107 3927 exem-

85 3951 295 4045 oduaridem
317 3980 444 4033 arcana
467 3959 506 4030 in
520 3960 625 4030 certis
638 3963 807 4035 memhris
823 3979 882 4036 ant
905 3960 1066 4036 humori·
1119 3957 1194 4050 pla,
1217 3979 1307 4050 quac
1329 3957 1606 4036 satistestantur
1626 3971 1756 4030 certam
1772 3959 1842 4028 vim
1868 3959 2106 4029 remediorum

85 4059 154 4142 bus,
167 4081 321 4152 quorum
339 4057 489 4130 efficacia
504 4064 689 4153 manifesta
704 4078 739 4134 et
753 4079 846 4136 certa
860 4081 921 4140 cst.
948 4063 1067 4139 Tanta
1119 4081 1204 4132 este.
1250 4055 1371 4144 Quare
1386 4054 1500 4130 Denso
1520 4059 1732 4130 contumelia
1747 4059 1906 4132 afficiunt
1920 4061 1984 4154 qui
2001 4062 2109 4130 bene·

85 4175 131 4228 est
151 4159 305 4230 efficacia
328 4152 616 4234 therebinthinae
645 4164 683 4234 in
711 4167 899 4236 vulnerum
928 4168 1067 4260 simpli·
1117 4159 1494 4252 ficiaipsiusquadam
1512 4160 1891 4233 inmanitasaioorum
1916 4185 2109 4253 aspernan-

86 4261 170 4330 cium
187 4259 371 4345 curatione
387 4276 427 4334 ut
442 4287 496 4334 res
511 4265 615 4336 lateri
633 4281 732 4354 cogat
745 4292 907 4338 arcanam
925 4269 996 4338 vim
1013 4269 1068 4338 itti
1119 4275 1189 4332 tur.
1241 4257 1337 4329 Haec
1364 4260 1468 4330 initio
1492 4261 1531 4330 in
1553 4282 1690 4332 summa
1716 4263 1865 4352 praefari
1888 4263 1988 4334 volui
2009 4265 2044 4334 e't
2064 4263 2109 4347 de
2156 4285 2159 4291 ’

87 4363 236 4432 remedio
260 4362 391 4446 inesse,
416 4387 456 4432 ae
479 4366 652 4436 divinitus
666 4370 832 4440 donatam
853 4392 928 4448 esse
947 4371 1068 4457 generi
1120 4361 1310 4440 doctrinae,
1325 4387 1366 4432 ac
1387 4357 1639 4454 Philosophiae
1662 4359 1770 4434 huius
1791 4365 1979 4455 dignitate,
2010 4378 2043 4435 et
2065 4365 2110 4434 de

88 4455 239 4541 humano
261 4465 306 4541 ad
324 4464 512 4536 vulnerum
536 4468 777 4541 curationem..¹
817 4469 934 4559 Quam
953 4473 1070 4542 effica.
1121 4463 1274 4536 utilitate
1295 4464 1557 4549 remediorum,
1582 4478 1622 4536 ut
1645 4479 1860 4537 cum'artem
1876 4466 2111 4556 cogitaveritis

89 4587 155 4634 cem
179 4580 213 4636 et
234 4577 377 4653 gratum
394 4589 496 4636 usum
520 4568 627 4640 fuisse
651 4571 799 4642 balsami
822 4573 1070 4643 arbitramini?
1123 4569 1309 4643 amandam
1333 4565 1703 4656 etmagniiaciendam
1727 4591 1820 4653 esse,
1846 4571 1891 4638 dc
1907 4569 1992 4658 ipsis
2004 4568 2111 4637 etiam

90 4665 137 4734 Ac
153 4663 243 4736 mihi
264 4690 366 4758 saepe
387 4666 426 4736 in
449 4683 604 4740 mentem
623 4671 739 4751 venit,
771 4671 852 4744 ideo
874 4675 1070 4746 balsamum
1123 4665 1209 4740 artis
1222 4669 1464 4758 scriptoribus,
1481 4668 1543 4762 qui
1556 4677 1661 4738 suum
1673 4657 1830 4739 studium
1847 4670 1885 4738 in
1901 4670 2112 4739 illustranda

91 4783 121 4836 et
137 4765 315 4862 myrrham
336 4763 485 4838 Ebraeis
507 4772 675 4843 donatam
704 4772 830 4859 inisse,
861 4789 902 4848 ut
922 4801 1003 4847 enm
1025 4777 1071 4846 ad
1124 4784 1249 4842 natura
1273 4783 1308 4840 et
1335 4769 1374 4840 in
1398 4770 1552 4840 iuvanda
1582 4765 1769 4840 hominum
1792 4770 1865 4842 vita
1886 4773 2115 4861 consumpse.

92 4883 287 4958 perpetuam
311 4869 481 4940 militiam
499 4893 584 4961 gens
604 4875 775 4946 destinata
799 4891 905 4962 esset,
930 4901 994 4948 nec
1016 4898 1073 4950 res
1125 4885 1230 4956 runt,
1255 4866 1554 4949 honorificentius,
1570 4871 1760 4944 sentiretis.
1811 4869 1903 4944 Cum
1929 4871 2024 4942 enim
2046 4871 2138 4946 ati-,

92 4972 286 5060 peregrinas
318 4965 518 5058 inveheret,
558 4976 656 5044 domi
689 4969 859 5047 haberent
888 4979 1009 5048 efficax
1039 4992 1074 5050 et
1126 4974 1213 5068 quid
1240 4998 1303 5064 pro
1327 4995 1426 5045 more
1450 4973 1640 5044 dicendum
1664 4986 1772 5059 esset,
1791 4972 1923 5063 collegi
1940 4973 2115 5066 quaedem

94 5092 249 5158 praesens
282 5073 476 5144 remedium
508 5077 708 5150 vulnerum.
757 5076 988 5170 ‘Compertum
1023 5093 1075 5152 est
1127 5071 1316 5146 deGaleni
1337 5077 1408 5146 vita
1429 5088 1465 5146 et
1488 5075 1653 5146 leudibus
1674 5074 1873 5158 recitanda,
1896 5097 2001 5166 quem
2021 5075 2117 5146 sci'tis

95 5173 243 5263 scorpios
259 5175 377 5245 subito
395 5176 553 5266 extingui
568 5178 735 5270 imposito
755 5176 925 5272 raphano.
976 5181 1075 5252 Lem
1127 5199 1193 5248 nos
1214 5172 1344 5248 habere
1366 5176 1647 5268 copiosissimum
1663 5173 1825 5246 Medicas
1841 5175 1928 5246 artis
1943 5181 2114 5248 intorem.

96 5291 172 5358 gum
193 5288 281 5346 esset
304 5277 419 5346 dicere
442 5279 487 5346 de
510 5281 730 5368 singulorum
756 5285 996 5362 membrorum
1018 5297 1076 5356 're-
1128 5277 1311 5352 tirbitror'
1329 5293 1448 5351 autem
1474 5293 1561 5350 natu
1593 5277 1788 5348 maioribui
1810 5285 1854 5348 'ac
1873 5278 2117 5370 'prudentibus

98 5375 235 5460 mediis,
267 5378 557 5469 sedquotidiana
581 5382 750 5455 beneficia
768 5382 968 5456 Medicinae
995 5399 1076 5458 tan-
1128 5397 1262 5474 matam
1279 5403 1352 5452 esse
1365 5380 1735 5452 commemorationem
1751 5378 1878 5449 devici
1898 5380 2027 5452 summi
2044 5394 2119 5452 stu·
2211 5421 2221 5452 s

150 5479 327 5552 ilstsrrn.
346 5483 450 5548 Orsa.
478 5485 642 5559 vooxt.
892 5519 923 5528 ’-
1094 5487 1096 5494 ’
1446 5481 1496 5553 32
1529 5496 1541 5508 ⁸
