4718 5828
92 193 131 266 rs
480 175 483 182 “
794 181 955 266 nucu.
986 183 1064 262 ors
1093 183 1363 264 uuurous.
1432 151 1457 220 ·'
1600 153 1607 160 ’
2048 189 2097 264 n

92 370 219 438 damnet
234 380 298 430 nos
314 367 452 443 natura,
478 369 513 428 et
529 357 758 432 adureiecerit
774 361 993 432 consuetudo
1008 361 1052 430 ad
1103 371 1156 430 tot
1173 360 1329 448 gentium
1345 357 1475 428 iudicia
1497 355 1600 432 facile
1621 355 1769 456 queant,
1796 365 1926 458 quibus
1944 389 2016 459 quo
2035 387 2096 434 ore

91 466 248 540 amandam
271 459 726 552 colendamquepatriam,
760 475 794 534 et
817 461 945 551 ingrati
972 485 1051 552 erga
1103 463 1206 544 cedo,
1238 485 1307 553 qua
1334 459 1451 531 fronte
1472 464 1662 532 reclamare
1687 465 1886 537 audebitis?
1924 463 1972 538 Et
1997 463 2095 536 haud

90 572 365 646 benemerentem,
391 575 426 632 et
442 561 481 630 in
494 576 637 652 penates
650 586 731 632 suos
747 561 867 654 impii,
893 577 928 633 et
943 563 1049 634 alieni
1102 563 1173 630 seio
1188 585 1234 630 an
1252 560 1336 632 haec
1352 561 1531 632 veteribus
1547 565 1618 634 illis
1641 565 1932 655 legumlatoribus
1953 567 2096 638 consilii

90 690 208 762 prorsus
235 665 279 734 ab
306 657 526 733 humanitate
557 678 657 748 sunt,
689 665 820 757 quibua
841 665 1052 735 domesticae
1102 664 1205 732 ratio.
1255 662 1377 750 Quum
1393 665 1566 734 libertatis
1581 689 1621 736 ac
1643 669 1909 760 tranquillitatis
1932 669 2095 762 publicae

89 773 161 860 leges
174 767 325 836 sordent.
377 761 536 854 Capitale
558 779 609 834 est
632 763 878 854 Magistratum
900 767 1051 856 pulsare,
1102 789 1204 834 causa
1219 765 1381 835 conditae
1395 765 1468 837 sint
1482 766 1657 852 civitatee,
1684 781 1718 836 et
1739 773 1927 842 constituta
1951 771 2094 856 iudicia,

88 869 195 941 bicurn
211 887 353 958 prorsus
366 890 407 936 ex
422 861 564 957 Repub.
575 863 815 954 Magistratus,
838 865 915 936 iura
928 867 1048 936 omnia
1102 879 1141 935 ut
1156 865 1194 933 in
1211 879 1288 936 tuto
1305 865 1377 934 sint
1392 889 1476 936 suae
1492 867 1619 962 cuique
1635 891 1690 938 res
1706 882 1740 938 et
1755 871 1844 956 vita,
1870 885 1904 942 et
1920 873 1986 942 sub
2004 872 2094 942 iuris

90 970 312 1052 exterminent,
351 968 447 1060 quod
485 991 560 1036 non
596 969 810 1059 supplicium
846 968 1051 1038 merentur?
1102 967 1311 1052 autoritate,
1343 980 1513 1061 tanquam
1534 971 1601 1039 sub
1626 971 1749 1040 umbra
1778 973 1920 1043 lateant.
1980 972 2093 1066 ldque
2143 998 2146 1010 ·

88 1072 160 1142 holo
188 1067 240 1138 hic
266 1069 420 1151 causari,
451 1067 581 1137 frustra
604 1091 663 1138 eos
693 1069 781 1153 niti,
810 1083 949 1160 recepta
974 1093 1047 1138 non
1102 1069 1316 1160 praesidium
1340 1093 1413 1138 non
1443 1072 1616 1140 maiorum
1644 1071 1836 1158 industria,
1875 1099 1949 1144 non
1974 1070 2092 1144 horni-

88 1197 167 1266 posse
194 1171 265 1240 lere
293 1171 432 1261 privato
467 1170 674 1262 cuiusquam
704 1171 852 1242 arbitrio
883 1171 1048 1243 convelli.
1101 1193 1188 1238 nurn
1210 1170 1426 1261 conspiratio
1445 1173 1676 1263 compararit,
1701 1175 1760 1243 sed
1775 1171 1872 1244 Deus
1887 1177 2091 1261 ostenderit,

87 1273 260 1364 fingerem
277 1273 472 1340 succedere.
510 1269 607 1359 Quid
622 1271 690 1342 erit
704 1273 903 1343 civitatibus
919 1273 1051 1342 nostris
1102 1273 1350 1361 praestandum
1368 1286 1437 1352 est,
1464 1295 1507 1341 ne
1529 1274 1585 1343 ius
1603 1275 1647 1342 sit
1667 1275 1878 1362 obscurum,
1904 1277 2091 1362 incertum,

87 1373 322 1446 calamitosius?
349 1371 457 1460 Quas,
475 1369 590 1440 Deum
606 1372 855 1454 immortalem,
881 1373 967 1444 haec
983 1397 1050 1443 no-
1101 1385 1162 1441 ant
1175 1374 1390 1460 ambiguum.
1442 1371 1544 1460 Quae
1559 1387 1609 1443 cst
1625 1376 1719 1444 enim
1738 1377 1826 1446 iuris
1841 1378 1894 1448 vis
1911 1393 1972 1449 aut
1988 1392 2091 1448 auto-

86 1475 258 1546 vitasdabit
275 1473 422 1544 turbas?
454 1468 544 1542 Nam
561 1485 600 1542 ut
615 1473 691 1542 sine
707 1475 921 1547 valetudinis
937 1475 1050 1544 iactu·
1101 1473 1186 1542 ritas
1210 1476 1346 1558 lutura,
1376 1473 1404 1542 si
1428 1474 1579 1544 subinde
1597 1473 1783 1546 Vertumni
1807 1479 1846 1547 in
1872 1501 2005 1548 morem
2029 1472 2092 1549 va-
2170 1485 2184 1506 Α

87 1601 116 1648 ra
132 1601 222 1646 nemo
238 1575 352 1646 victus
373 1573 547 1643 rationem
564 1588 694 1658 mutat,
716 1575 765 1645 ita
786 1599 852 1645 nec
869 1577 961 1666 leges
974 1575 1049 1646 sinc
1102 1574 1191 1644 riet?
1221 1573 1335 1644 Neruo
1349 1575 1479 1644 formas
1494 1571 1574 1646 sua's
1590 1577 1767 1670 vitamque
1782 1599 1856 1648 non
1871 1581 1953 1650 satis
1969 1583 2091 1672 explo-

85 1679 202 1768 publica
226 1675 492 1767 perturbatione
515 1688 710 1750 mutantur.
761 1675 834 1746 Nec
858 1680 902 1746 ad
925 1677 1049 1746 civita·
1101 1675 1186 1746 ratis
1214 1691 1276 1747 aut
1302 1675 1420 1745 inlidis
1448 1678 1653 1748 custodibus
1675 1693 1751 1750 tuto
1779 1683 1951 1750 committi
1980 1696 2091 1773 putat.

86 1797 144 1852 tum
159 1779 288 1862 ocium,
317 1793 349 1848 et
368 1779 412 1845 ad
430 1775 656 1845 concordiam
679 1777 926 1848 stabiliendam
944 1779 1050 1872 quid-
1101 1775 1214 1846 Porro
1235 1777 1298 1846 ubi
1325 1775 1595 1866 Magistratuum
1620 1781 1768 1850 arbitrio
1786 1782 1862 1852 sine
1878 1783 1981 1854 certis
2003 1783 2092 1873 legi-

86 1907 170 1974 quam
185 1880 328 1971 perinde
343 1876 520 1962 conducit,
544 1893 650 1970 atque
667 1892 824 1948 veterum
839 1879 955 1968 legum
972 1904 1050 1948 mo-
1101 1879 1168 1947 bus
1189 1901 1245 1948 res
1273 1878 1496 1963 iudicantur,
1525 1904 1605 1950 cum
1631 1879 1667 1949 in
1692 1881 1956 1973 imperitorum,
1989 1909 2092 1974 saepe

85 2007 209 2076 rumque
232 1979 471 2052 conservatio:
498 1979 696 2072 quodcum
720 1980 864 2050 urbium
891 1979 1049 2072 exempla
1102 1978 1206 2048 etiarn
1221 1979 1467 2070 improborum
1483 1995 1653 2071 potestate
1674 1983 1730 2052 ius
1746 1983 1810 2074 sit,
1831 1986 1925 2055 litut
1944 1987 2092 2076 perim-

84 2085 189 2174 passim
214 2095 406 2165 testantur,
430 2092 505 2150 tum
532 2093 653 2150 monet
674 2103 801 2150 aureus
815 2081 944 2152 veteris
958 2079 1050 2154 Poe·
1102 2080 1262 2172 peritiam
1285 2104 1387 2172 saepe
1408 2079 1637 2170 Magistratus
1660 2086 1761 2178 aequi
1779 2099 1812 2155 et
1833 2086 1947 2179 iniqui
1964 2087 2090 2156 discri-

85 2183 338 2278 taeversicnluss
397 2207 402 2214 ·
698 2227 703 2241 -
1101 2205 1270 2251 mennon
1289 2181 1488 2272 perspiciat.
1525 2181 1676 2272 Quoties
1691 2187 1776 2255 recti
1792 2189 1923 2278 species
1937 2187 2092 2278 decipit?

190 2291 326 2354 litoribus
343 2292 474 2373 enthuia
490 2311 537 2352 res
552 2301 610 2352 stet
625 2285 762 2352 Romane
778 2293 923 2374 victaque.
1103 2283 1240 2374 quoties
1271 2279 1404 2352 iudicio
1437 2283 1547 2372 gratia
1581 2299 1642 2356 aut
1675 2287 1924 2358 malevolentia
1957 2289 2093 2360 officit?

86 2383 210 2458 Valeant
232 2387 363 2474 igitur,
396 2384 459 2476 qui
489 2385 545 2454 vel
569 2387 658 2454 adeo
683 2385 845 2454 inciviles
873 2397 975 2470 suut,
1009 2396 1050 2454 ut
1101 2378 1224 2475 Neque
1250 2384 1345 2452 enim
1366 2385 1556 2453 obscurum
1580 2399 1653 2470 est,
1686 2413 1792 2480 quarn
1816 2389 1886 2458 levi
1911 2404 2090 2460 momento
2127 2465 2133 2470 ,

85 2502 289 2578 attemperare
307 2511 344 2556 se
365 2487 614 2556 communibus
641 2487 802 2555 moribus
824 2487 960 2572 nolint,
992 2486 1050 2555 vel
1101 2483 1145 2554 ab
1171 2485 1346 2576 aequitate
1373 2485 1605 2555 mediocrium
1633 2482 1820 2558 hominum
1846 2491 1956 2558 animi
1988 2515 2091 2581 saepe

83 2592 152 2658 adeo
166 2601 384 2679 arrogantes,
409 2601 450 2658 ut
465 2587 594 2656 rectius
610 2609 648 2656 se
663 2589 768 2658 rebus
790 2589 941 2678 publicis
963 2611 1050 2656 con·
1100 2581 1361 2655 abstrahantur.
1416 2583 1513 2674 Quid
1537 2589 1631 2678 quod
1656 2613 1694 2658 ea
1712 2590 1956 2680 imperitorum
1979 2593 2092 2684 pcrti-

85 2691 214 2760 sulturos
226 2691 424 2772 conlidaut,
451 2713 556 2780 qnam
572 2687 733 2774 maiores,
758 2689 816 2758 vel
831 2691 919 2760 adeo
933 2689 1050 2777 ferrei,
1101 2685 1201 2756 nacin
1219 2701 1288 2770 est,
1315 2700 1355 2756 ut
1370 2687 1414 2755 ad
1429 2687 1641 2780 aequitatem
1659 2690 1752 2760 llecti
1770 2694 2003 2784 nonpossint,
2027 2693 2091 2765 ubi

83 2793 369 2861 utnullusrerum
389 2789 695 2879 patriarumamor
717 2801 848 2878 tangat.
898 2787 977 2860 Etsi
1000 2790 1049 2858 ita
1102 2788 1439 2884 noncognntleges.
1485 2785 1582 2858 Cedo
1600 2791 1684 2883 quid
1702 2793 2092 2886 arbitraresumpturos

84 2894 202 2964 videtur
218 2895 256 2962 in
270 2884 611 2988 νεφελοκοκκυγίαν
628 2891 878 2980 commigrent,
902 2889 1049 2961 Senatui
1100 2889 1169 2958 sibi
1191 2889 1408 2977 germanicos
1429 2889 1587 2979 regulos,
1622 2891 1692 2960 nisi
1721 2893 1812 2981 leges
1834 2891 2091 2985 prohiberent?

83 2995 260 3088 populoque
275 2993 485 3064 cuculorum
498 2991 715 3082 imperaturi.
757 2991 969 3086 Quanquam
985 3015 1050 3060 au·
1101 2989 1193 3078 Qui,
1217 2989 1408 3082 siquando
1433 2991 1521 3060 iuris
1541 2993 1673 3083 speeies
1689 2995 1961 3084 suffragaretur,
1986 2998 2091 3068 citius

83 3109 138 3164 tem
160 3092 239 3166 haec
258 3097 405 3165 abunde
427 3115 554 3181 magna
573 3093 663 3163 ratio
683 3093 781 3163 bono
796 3095 875 3164 viro
896 3094 959 3178 sit,
985 3117 1050 3164 cur
1100 3090 1218 3160 omnia
1242 3091 1430 3161 miscerent
1455 3115 1561 3182 quam
1586 3096 1630 3162 de
1658 3097 1849 3177 sententia,
1883 3101 1927 3166 dc
1952 3122 2090 3190 posses-

84 3212 255 3286 praesentes
285 3198 381 3287 leges
404 3193 653 3286 amplectatur,
683 3195 779 3288 quod
800 3217 868 3265 usu
890 3209 1049 3286 receptae
1100 3193 1199 3261 sione
1214 3193 1431 3263 decederent.
1465 3190 1570 3263 Nunc
1588 3219 1668 3263 cum
1686 3195 1876 3268 reclament
1891 3199 2002 3288 leges,
2027 3203 2090 3270 de-

84 3297 245 3384 sint,etio
261 3321 381 3368 mores
394 3319 554 3388 peneque
568 3296 607 3364 in
621 3307 782 3364 naturam
798 3311 953 3366 nostram
969 3319 1047 3368 vcr-
1100 3293 1388 3383 terretallagitio
1405 3317 1663 3389 nonuunquam
1678 3299 1803 3387 pudor.
1838 3299 1980 3387 Quotus
1994 3303 2090 3370 enim

84 3401 180 3472 teriot.
231 3400 394 3473 Stultum
419 3409 471 3467 est
494 3397 589 3464 enim
612 3419 692 3466 cunr
715 3395 867 3488 publicis
889 3397 1050 3466 moribus
1100 3393 1249 3487 quisque
1264 3407 1334 3464 tarn
1351 3419 1498 3464 corneae
1511 3396 1620 3466 librae
1635 3411 1698 3480 est,
1722 3411 1762 3472 ut
1777 3401 1955 3490 publicam
1972 3403 2090 3492 legum

84 3500 237 3588 dimicare,
263 3509 385 3572 tamen
401 3497 618 3568 excutiamus
630 3520 703 3565 rem
721 3498 828 3587 paulo
844 3497 1049 3578 accuratius,
1103 3519 1235 3579 vocem,
1249 3496 1461 3564 omniumde
1472 3519 1508 3565 se
1522 3497 1694 3566 iudicium
1709 3525 1851 3590 prorsus
1864 3503 2091 3573 contemnat?

84 3613 189 3673 temere
210 3627 256 3672 ne
280 3627 330 3671 an
350 3600 512 3670 consulto
535 3598 687 3667 maiores
709 3597 822 3666 nostri
844 3621 885 3666 ex
909 3597 1049 3684 scriptis
1100 3591 1149 3665 At
1171 3597 1203 3664 si
1223 3597 1344 3664 rrsrllae
1373 3597 1579 3687 obstrepant
1600 3599 1711 3687 leges,
1745 3625 1824 3670 curn
1850 3601 1991 3671 licentia
2015 3606 2089 3673 lere

83 3701 194 3792 legibus
208 3702 362 3774 iudicari
374 3724 429 3771 res
443 3699 644 3770 maluerint.
669 3695 750 3768 Non
764 3721 880 3790 nuper
894 3700 932 3768 in
946 3693 1048 3767 schn-
1101 3697 1291 3766 deteriores
1307 3698 1454 3782 reddat,
1481 3698 1600 3767 videas
1614 3715 1732 3790 aperta
1749 3703 1937 3796 tyrannide
1952 3727 2090 3793 grassa-

84 3803 117 3872 lis
127 3799 184 3876 bac
199 3809 243 3876 de
266 3829 308 3874 rc
330 3803 562 3884 altercantur,
585 3815 705 3870 utrum
722 3800 831 3870 satius
845 3802 891 3870 sit
907 3825 948 3870 ex
962 3799 1050 3868 scri-
1101 3811 1218 3878 turos,
1246 3821 1319 3866 non
1340 3798 1443 3868 aliter
1467 3813 1572 3893 atque
1595 3801 1755 3871 solebant
1772 3801 1922 3873 Athenis
1941 3808 2086 3896 triginta

85 3920 130 3996 pto
149 3909 238 3993 iure,
270 3931 320 3976 an
344 3929 386 3976 ex
411 3902 682 3992 Magistratuum
705 3901 853 3970 arbitrio
877 3925 933 3970 res
953 3899 1049 3970 iudi·
1100 3899 1166 3984 illi,
1192 3899 1253 3991 qui
1268 3923 1347 3968 curn
1365 3901 1516 3991 pessimo
1532 3901 1690 3992 exemplo
1706 3904 1837 3973 indicia
1854 3908 2090 3994 sustulissent,

85 4029 154 4082 care.
199 4009 336 4100 Verum
359 4027 514 4075 noanon
529 4006 624 4097 quod
642 4003 751 4072 ociosi
768 4003 806 4070 in
821 3997 953 4072 scholis
969 4003 1050 4070 lite-
1101 3999 1248 4091 perinde
1271 4003 1369 4094 quasi
1402 4001 1580 4094 publicam
1611 4005 1850 4076 carnificinam
1879 4023 2090 4095 exercerent,

85 4121 191 4180 ratores
210 4109 410 4190 sorssniant,
436 4107 497 4174 sed
517 4107 612 4197 quod
638 4104 901 4195 prudentissimi
917 4105 1049 4197 quique
1078 4169 1079 4172 ,
1100 4101 1274 4192 optimum
1290 4127 1453 4195 quenque
1468 4102 1686 4190 iugulabant.
1722 4102 1843 4200 ltaque
1858 4113 2089 4201 quemadmu-
2197 4183 2202 4192 ,

86 4213 270 4296 probarunt,
316 4209 377 4304 qui
411 4207 570 4304 Respub.
603 4218 813 4288 tenuerunt,
851 4228 1048 4298 sequemur.
1100 4204 1185 4271 dum
1207 4202 1246 4270 in
1265 4203 1469 4292 periculosis
1490 4205 1756 4294 tempestatibus
1773 4231 1847 4276 non
1869 4212 1960 4282 solet
1975 4213 2089 4282 ventis

84 4305 154 4380 llam
172 4338 248 4383 cunr
273 4309 451 4382 humanae
474 4309 681 4400 prudentiae
703 4306 820 4376 civilia
837 4307 950 4376 officia
966 4306 1049 4374 reli·
1100 4317 1230 4374 temere
1246 4303 1417 4373 committi
1433 4303 1542 4386 navis,
1569 4307 1629 4374 sed
1645 4307 1861 4395 gubernator
1876 4313 2088 4400 praeficitur,

86 4409 129 4496 gio
148 4413 376 4497 commiserit,
400 4425 435 4482 et
458 4397 673 4502 prudentum
696 4407 862 4504 exemplis
888 4423 924 4478 et
951 4431 1051 4476 com-
1100 4405 1163 4497 qni
1191 4419 1267 4483 arte
1295 4418 1409 4495 regat,
1440 4405 1487 4475 ita
1513 4405 1725 4478 lluctuantes
1747 4407 1953 4504 Principum
1977 4417 2088 4484 animi

86 4516 163 4584 muni
184 4539 290 4586 sensu
317 4511 408 4584 hanc
436 4534 576 4582 causam
598 4509 797 4581 metiemur.
859 4507 960 4597 Quae
982 4508 1050 4577 luit
1100 4520 1191 4576 certa
1206 4509 1282 4596 lege
1303 4507 1485 4591 frenandi,
1510 4509 1726 4602 regendique
1747 4527 1848 4596 sunt,
1870 4539 1915 4584 ne
1931 4517 2089 4607 privatae

85 4629 176 4686 autem
190 4625 341 4712 usquam
356 4613 515 4704 Respuh.
533 4611 721 4680 mediocris
740 4610 818 4680 sine
836 4611 940 4682 certis
962 4609 1049 4698 legi·
1100 4607 1309 4697 cupiditates
1324 4632 1344 4678 a
1360 4608 1449 4694 iure,
1474 4608 1603 4680 veluta
1620 4626 1724 4701 portu
1738 4612 1910 4685 reiiciaut.
1945 4613 1990 4686 Et
2009 4641 2089 4687 cum

86 4715 134 4786 bus
156 4716 370 4788 constituta?
409 4715 550 4807 Scripto
575 4713 653 4782 iure
683 4711 739 4781 nsi
764 4726 850 4783 sunt
872 4710 1049 4804 Aegyptii,
1100 4708 1140 4778 in
1161 4711 1413 4798 cognoscendis
1432 4711 1544 4780 musis
1566 4733 1670 4802 saepe
1692 4737 1766 4782 nou
1790 4715 1948 4805 pessimis
1972 4717 2089 4809 Magi-

85 4811 259 4905 Cretenscs,
295 4813 550 4901 Athenienses,
581 4812 758 4897 Romani,
783 4815 911 4883 addam
942 4813 1047 4883 etiam
1099 4810 1266 4880 stratibus
1286 4811 1374 4880 iuris
1397 4812 1528 4903 species
1551 4811 1732 4904 imponat,
1753 4839 1855 4907 saepe
1871 4833 2089 4890 transversos

86 4911 216 4990 ludaeos.
269 4917 320 4992 Et
342 4919 545 5013 Lycurgus,
572 4915 708 4986 tametsi
734 4915 851 4984 nullas
871 4913 1049 5002 scripserit
1099 4911 1213 5002 rapiat
1241 4913 1408 4998 ambitio,
1440 4937 1486 4982 ne
1508 4913 1768 5005 periclitaretur
1792 4917 1953 5006 libertas,
1984 4921 2090 5014 aequi

85 5013 170 5108 leges,
193 5037 307 5094 certas
327 5037 445 5092 tamen
462 5020 631 5112 quasdam
649 5015 826 5108 prodidit,
853 5040 926 5084 non
944 5017 1047 5085 tabu·
1099 5027 1134 5082 et
1158 5013 1275 5106 iniqui
1302 5013 1472 5084 lormulas
1504 5017 1695 5106 praescribi
1726 5022 1899 5112 oportuit,
1933 5047 2020 5116 quas
2049 5025 2089 5094 in

85 5115 126 5203 lis,
139 5127 190 5194 sed
204 5141 246 5196 ut
260 5124 370 5212 vulgo
387 5122 686 5197 notioresesscnt,
709 5118 899 5187 memoriae
915 5118 1045 5187 civium
1099 5115 1287 5184 consilium
1310 5111 1520 5186 adhiberent
1541 5115 1764 5190 ius'aieruri.
1816 5121 1905 5192 Nam
1926 5125 1956 5192 si
1972 5121 2091 5214 Magi-

86 5217 319 5316 iosculpendas.
353 5219 474 5312 Quare
488 5236 528 5293 ut
544 5217 636 5291 nihil
653 5220 696 5290 iis
709 5219 960 5312 patrocinetur,
985 5219 1047 5309 qui
1098 5215 1223 5288 stratui
1238 5229 1441 5306 potestatem
1460 5217 1583 5287 leceris
1598 5219 1772 5314 quidquid
1792 5225 1879 5295 libet
1899 5229 2089 5308 statuendi,

86 5313 137 5393 loc
155 5340 309 5421 tempore
333 5327 503 5419 scriptum
519 5324 576 5396 ius
595 5335 759 5410 tuentur,
782 5321 970 5391 delendcre
987 5342 1048 5390 cos
1070 5361 1076 5416 q
1099 5317 1180 5388 vide
1195 5318 1234 5386 in
1249 5343 1355 5412 qnam
1377 5343 1442 5389 nos
1461 5319 1666 5424 servitutem
1688 5323 1882 5395 coniicias?
1910 5325 2093 5436 lureopos-
