4614 5820
225 231 301 304 587
915 217 1077 294 DECL.
1114 216 1191 293 nn
1225 215 1547 296 AMBROSIO.
2179 225 2246 302 sss

225 401 429 482 Aristiden,
453 394 651 477 Socratem,
676 391 838 476 Fabium,
863 391 1076 483 Scipionem.
1118 392 1213 482 Quia
1263 393 1302 460 iu
1326 391 1404 462 ocio
1426 391 1674 480 languesactis,
1701 417 1791 486 quae
1823 396 1992 467 dedecora
2022 413 2138 472 secuta
2162 416 2247 474 sunt.

225 506 320 576 enim
343 502 437 574 neu,
458 495 601 591 potitiae
623 510 656 566 et
680 507 770 564 artes
786 494 876 564 vitae
893 496 998 566 utiles
1019 508 1214 580 conservat,
1262 491 1352 564 Nam
1375 495 1450 562 sine
1466 494 1539 564 filio
1557 493 1649 576 Dei,
1670 509 1710 564 ut
1731 495 1805 588 ipse
1824 497 1956 591 inquit:
1981 499 2065 571 Sine
2079 527 2140 572 me
2164 499 2250 572 nihil

225 609 405 678 interdum
420 601 517 670 addit
539 612 615 668 tum
632 597 947 688 gubernatoribus,
972 611 1048 668 tum
1069 597 1214 670 attilici-
1263 598 1408 687 potestis
1423 597 1553 683 facere,
1577 599 1681 668 ctiam
1698 599 1859 670 coelestia
1875 605 1968 672 dona
1991 627 2065 673 non
2087 619 2173 676 sunt
2187 609 2249 674 du·

225 713 293 780 bus
309 704 467 776 heroicos
491 714 626 771 motus:
653 723 717 768 nec
736 699 943 768 inusitatum
959 713 1029 782 est,
1055 701 1142 770 tales
1158 699 1214 768 vi·
1263 698 1399 768 rabilia.

226 835 285 882 ως
308 807 409 878 corcis
426 801 618 874 virtutibus
640 803 846 870 antecellere
863 801 942 892 piis.
995 799 1065 872 Sed
1081 827 1122 872 eo
1139 825 1214 870 ma·
1317 883 1323 896 ι
1364 797 1435 870 Sed
1457 797 1550 868 dicet
1572 795 1824 892 Symmachus,
1851 826 1914 873 cur
1937 805 2045 894 igitur
2067 821 2141 878 tarn
2162 810 2251 880 locali

221 915 278 1004 gis
298 908 490 979 dolendum
513 918 581 988 est,
606 901 755 972 tantari
779 901 1003 992 ingeniorum
1025 903 1215 994 praeditos,
1262 899 1380 992 lapsus
1405 914 1506 983 sunl,
1531 897 1731 986 S³m⁵⁰¹¹l⁵s
1760 901 1907 976 Davidis
1932 923 1965 976 et
1987 910 2162 994 alimum,
2194 913 2250 1004 qui

226 1037 300 1084 non
317 1030 517 1100 agnoscere,
543 1029 617 1076 non
634 1003 809 1088 invocare,
832 1029 905 1072 non
921 1005 1096 1076 celebrare
1112 1017 1213 1075 auto·
1265 1002 1417 1094 amplexi
1431 1003 1573 1071 luerunt
1590 997 1846 1094 Prophetarum
1863 1009 2085 1080 doctrinam?
2123 1011 2249 1082 Eadem

132 1125 137 1132 '
226 1139 300 1186 rem
316 1111 444 1182 Deum.
496 1103 640 1178 Summa
662 1118 715 1176 est
738 1106 877 1174 miseria
894 1106 1012 1176 vivere
1033 1103 1215 1176 hominem
1266 1127 1366 1174 causa
1391 1115 1460 1185 est,
1483 1105 1578 1196 quod
1604 1106 1716 1173 nostri
1739 1129 1840 1196 saepe
1865 1123 2036 1180 rectorem
2059 1114 2174 1184 filium
2194 1115 2250 1184 Dei

224 1213 413 1292 omeliae,
438 1205 599 1292 honest,
625 1205 1031 1288 noninvocareDeum,
1055 1202 1216 1277 nonha-
1266 1205 1464 1289 excutiunt,
1492 1203 1634 1274 utSaul
1660 1207 1776 1276 etalii
1808 1209 2098 1290 innumerabiles.
2152 1215 2251 1286 Nulla

225 1319 309 1388 here
350 1313 528 1384 custodem
565 1311 731 1378 adversus
766 1307 957 1378 Diabolum
993 1333 1065 1378 non
1100 1309 1216 1378 iuvari
1266 1308 1362 1376 enim
1378 1321 1430 1376 est
1445 1302 1600 1374 hominis
1617 1309 1766 1398 perfecta
1784 1311 1906 1384 virtus.
1959 1313 2029 1384 Sed
2044 1319 2152 1387 multi
2168 1335 2251 1388 recte

225 1445 245 1488 a
264 1419 337 1488 lilio
359 1413 441 1493 Dei,
467 1433 608 1482 manere
624 1405 761 1481 hostem
778 1407 864 1490 Dei,
895 1424 929 1479 et
946 1411 990 1478 ah
1007 1435 1047 1479 eo
1062 1411 1180 1483 abiici.
1266 1409 1456 1478 sentientes
1472 1409 1622 1478 redeunt
1638 1411 1681 1477 ad
1700 1409 1833 1496 Deum,
1857 1415 1976 1502 agnito
1995 1419 2194 1508 placatore,
2218 1433 2250 1488 ut

325 1516 435 1590 Recte
450 1509 519 1583 hoc
534 1511 655 1596 Stoici,
679 1511 800 1582 omnia
818 1512 913 1580 nasci
930 1507 1114 1582 hominum
1132 1537 1216 1582 cau·
1266 1509 1436 1594 Samson,
1461 1506 1594 1593 David,
1622 1509 1813 1582 Manasses.
1862 1512 1931 1586 Hic
1947 1521 2057 1609 magis
2072 1521 2180 1590 etiarn
2196 1524 2251 1590 de-

226 1646 284 1707 sa,
315 1616 478 1689 homines
500 1638 584 1684 vero
607 1628 648 1685 ut
668 1613 783 1686 Deum
808 1613 995 1682 celebrent.
1055 1613 1217 1686 Fuerunt
1266 1611 1459 1704 plorandae
1475 1623 1559 1680 sunt
1573 1606 1795 1682 ethnicorum
1813 1619 1989 1695 tenebrae.
2032 1619 2205 1692 Hercules
2220 1623 2252 1691 in

226 1721 346 1810 magni
364 1717 483 1788 viriet
512 1716 618 1786 utiles
633 1714 766 1806 patriae
791 1711 922 1784 Fabius
945 1729 977 1784 et
994 1713 1131 1806 Scipio:
1156 1719 1216 1785 sed
1267 1715 1372 1783 rebus
1393 1711 1556 1782 secundis
1573 1711 1688 1782 Deum
1713 1739 1787 1784 rron
1806 1717 1963 1802 invocat.
1985 1745 2050 1790 nec
2068 1727 2181 1794 cernit
2203 1749 2253 1792 θῖ-

226 1837 362 1920 quanto
378 1820 525 1890 fuissent
542 1815 829 1909 praestantiores,
855 1815 885 1884 si
901 1817 1024 1884 inillis
1039 1817 1145 1888 tantis
1160 1842 1218 1886 re·
1267 1829 1401 1887 matum
1424 1837 1461 1884 se
1483 1837 1555 1882 esse
1576 1810 1643 1883 hoc
1659 1817 1786 1885 robore
1808 1820 1919 1888 animi
1936 1823 2121 1896 divinitus.
2175 1824 2251 1894 ldeo

226 1930 295 1998 bus
317 1921 479 2013 gerendis
499 1917 614 1989 Deum
634 1919 872 2002 invocassent,
899 1931 933 1988 et
947 1920 1137 1990 sensissent
1153 1922 1216 1989 od.
1267 1918 1374 2010 paulo
1404 1929 1481 2006 post
1513 1928 1648 1986 tantum
1673 1919 1779 1986 decus
1801 1921 1951 2006 artrittit,
1983 1925 2115 1996 deinde
2141 1929 2178 1994 in
2202 1951 2252 1996 ae-

227 2050 301 2098 esse
324 2026 449 2094 ducem
483 2033 518 2091 et
548 2019 819 2110 gubernatorem
846 2031 1026 2090 tantorum
1056 2021 1219 2090 certami-
1267 2018 1404 2088 numnis
1427 2018 1514 2086 iacet
1537 2018 1613 2086 sine
1630 2015 1725 2098 Deo,
1756 2021 1832 2090 sine
1855 2023 2080 2113 opitulatore.
2133 2028 2204 2097 Nec
2225 2029 2252 2096 ei
2302 2105 2303 2114 χ

226 2152 335 2211 oum,
367 2149 407 2194 ac
432 2121 598 2192 victorias
625 2119 857 2191 contulissent
882 2124 927 2190 ad
954 2125 1218 2214 propagandam
1267 2123 1462 2214 quidquam
1485 2113 1646 2187 ethnicae
1668 2119 1856 2210 religiones
1879 2141 2038 2214 prosunt.
2092 2126 2143 2199 At
2159 2130 2253 2200 Sam·
2302 2203 2303 2216 ,

226 2229 425 2301 doctrinam
447 2227 492 2294 de
516 2220 613 2308 Deo,
645 2223 689 2292 de
713 2219 780 2292 Dei
801 2221 1046 2306 invocatione,
1079 2225 1124 2294 de
1146 2226 1217 2296 vita
1268 2221 1361 2304 soni,
1386 2217 1517 2288 Davidi
1539 2222 1681 2310 prodest
1701 2218 1886 2311 Evangelii
1907 2227 2059 2315 noticia,
2085 2233 2182 2324 quod
2205 2244 2252 2300 te·
2302 2231 2303 2312 l

226 2345 380 2403 fleterna.
432 2323 531 2416 Quid
555 2325 682 2396 attinet
698 2323 857 2408 vincere,
882 2325 912 2394 si
935 2349 1056 2416 pacem
1078 2339 1218 2398 tantum
1268 2337 1380 2394 statur
1406 2321 1580 2390 divinitus
1611 2323 1738 2412 respici
1764 2326 1943 2412 adflictos,
1974 2343 2016 2400 ut
2038 2354 2143 2423 saepe
2168 2331 2254 2402 canit
2302 2327 2303 2418 j

227 2437 349 2511 lugu„
381 2429 569 2510 libidines,
601 2425 771 2509 avaricia,
789 2471 792 2478 -
807 2427 970 2517 superbia
995 2427 1218 2496 comitentur.
1267 2422 1404 2507 David,
1430 2435 1470 2492 ut
1493 2422 1531 2489 in
1547 2420 1698 2492 Psalmis
1719 2423 1866 2520 dicitpr:
1896 2427 2025 2500 lnvoca
2039 2457 2097 2503 me
2115 2436 2154 2503 in
2169 2436 2252 2504 cala-

229 2534 310 2606 lure
333 2532 442 2622 igitur
467 2527 695 2598 anteierimus
725 2521 780 2595 his
814 2528 1044 2596 bellatoribus
1070 2542 1220 2613 nostros,
1268 2527 1408 2608 mitate,
1430 2537 1463 2592 et
1478 2524 1625 2614 eripiam
1640 2539 1683 2594 te.

228 2635 414 2716 Davidem,
439 2626 860 2711 Monobaeumetsimiles,
886 2629 1000 2722 quiin
1016 2628 1101 2720 ipsis
1117 2655 1220 2722 prae·
1315 2669 1321 2682 .
1360 2625 1503 2696 Audisti
1519 2622 1730 2718 Symmacho
1743 2627 1909 2700 distincta
1925 2633 2109 2705 doetrinae
2125 2659 2254 2724 genera,

227 2741 286 2810 155,
298 2735 413 2807 Deum
429 2730 661 2814 invocabant,
687 2742 721 2798 et
745 2729 928 2820 religionis
944 2753 1047 2800 verae
1068 2733 1220 2802 tuendae
1269 2751 1453 2821 quaecum
1478 2727 1583 2796 ambo
1601 2729 1692 2796 natis
1709 2729 1752 2797 ad
1775 2730 2078 2804 immortalitatem
2103 2736 2253 2808 necessa-

228 2861 332 2912 ΜΩ
347 2833 573 2907 dimicappnp⁴
738 2845 763 2930 ¹1
1268 2831 1323 2899 ria
1343 2828 1431 2912 sint,
1458 2827 1560 2900 lateri
1580 2851 1719 2898 necesse
1747 2844 1798 2901 est
1823 2833 1985 2904 mutilam
2010 2859 2086 2906 esse
2111 2855 2253 2910 vestram

330 2937 516 3010 Praeterea
550 2933 775 3002 excellentem
814 2932 980 3004 virtutem
1016 2934 1219 3004 destitutam
1269 2929 1486 3014 doctrinam,
1511 2953 1600 3022 quae
1625 2951 1769 3020 prorsus
1786 2932 1944 3022 ignorat,
1969 2943 2151 3030 quomodo
2168 2941 2253 3012 Deus

228 3039 385 3116 excubiis
402 3053 436 3109 01
461 3033 619 3106 custodia
636 3033 701 3102 filii
723 3030 810 3116 Dei,
843 3035 1042 3127 plerunque
1058 3035 1221 3104 diabolus
1270 3033 1426 3124 placatus
1440 3029 1502 3115 sit,
1523 3025 1616 3098 nihil
1631 3032 1792 3102 adfirmat
1806 3037 1983 3108 defuturo
1998 3039 2145 3126 iudicio,
2170 3039 2253 3112 nihil

230 3138 576 3216 descatudeturbat.
623 3131 706 3204 ldeo
721 3135 820 3202 vides
835 3135 874 3203 in
890 3131 1047 3206 historiis
1065 3157 1221 3204 summos
1269 3137 1313 3204 de
1340 3132 1520 3200 voluntate
1548 3131 1612 3200 [tei
1642 3155 1721 3220 erga
1756 3136 1928 3208 adflictos.
1990 3139 2089 3210 Haec
2116 3145 2155 3213 in
2185 3147 2252 3214 solo
2301 3167 2302 3170 ’

230 3247 327 3316 vim,
340 3242 411 3311 fero
428 3259 551 3308 omnes
565 3235 764 3326 insignibus
776 3236 987 3327 quibusdam
1002 3238 1143 3330 probris
1159 3239 1221 3307 de-
1268 3231 1466 3322 Evaugelio
1484 3234 1675 3303 traduntur
1696 3237 1789 3326 quod
1807 3233 1963 3308 Ecclesia
1986 3245 2149 3314 omnium
2174 3261 2253 3315 tem-

229 3349 399 3418 formotos
422 3361 506 3410 esse.
563 3333 763 3408 Meministi
787 3329 997 3431 Symmache
1026 3361 1081 3408 res
1109 3351 1221 3427 gestas
1270 3359 1397 3427 porum
1425 3335 1617 3424 profitetur.
1680 3337 1840 3424 Agnosce
1863 3339 1972 3428 igitur
1994 3345 2159 3414 tenebras
2177 3371 2252 3425 esse,

232 3441 500 3525 Themistoclis,
525 3451 558 3510 et
578 3461 670 3536 qnae
683 3439 727 3507 de
743 3461 783 3506 eo
807 3439 994 3528 praeconia
1008 3440 1130 3510 fecerit
1148 3453 1222 3510 tota
1271 3431 1493 3506 ethnicorum
1519 3435 1725 3523 religiones,
1758 3451 1792 3507 et
1815 3441 2020 3532 obtempera
2036 3448 2115 3514 voci
2133 3446 2198 3517 Dei
2216 3450 2253 3516 de

232 3545 396 3630 Graecia,
420 3541 586 3614 videlicet
598 3537 704 3611 huius
717 3537 825 3610 unius
841 3541 909 3609 viri
924 3541 1095 3625 consiliis,
1111 3541 1222 3612 victos
1271 3537 1369 3608 coelo
1384 3537 1525 3606 sonanti
1540 3561 1581 3604 ac
1597 3537 1839 3627 praecipienti,
1866 3557 1908 3613 ut
1921 3541 2053 3614 Filium
2067 3550 2252 3630 audiamus,

180 3633 185 3646 '
232 3672 305 3720 esso
319 3645 454 3729 Persas,
478 3655 513 3713 et
529 3647 701 3713 servatam
717 3637 916 3714 Graeciam.
968 3641 1064 3730 Quid
1084 3637 1223 3712 homini
1271 3663 1350 3709 cum
1374 3639 1606 3714 aitaeternus
1623 3635 1727 3708 Pater
1752 3641 1796 3708 de
1812 3639 1973 3714 Christos
2000 3643 2071 3716 llic
2087 3665 2139 3720 est
2166 3652 2250 3719 filius

232 3761 347 3844 pomp
371 3745 482 3818 tribui
506 3742 693 3834 gloriosius
715 3765 755 3810 ac
773 3741 912 3811 maius?
951 3739 999 3813 Et
1019 3757 1137 3813 tamen
1161 3767 1224 3813 cu·
1272 3763 1371 3810 meus
1396 3739 1564 3822 dilectus,
1594 3733 1691 3807 hunc
1723 3743 1853 3816 audite.
1917 3743 2020 3818 Hanc
2047 3775 2167 3820 vocem
2193 3749 2251 3820 Dei

233 3851 347 3922 molat
370 3843 435 3917 has
461 3845 583 3915 laudes
609 3839 760 3934 scriptor
787 3839 956 3914 historiae
983 3841 1224 3940 Thucydides,
1271 3855 1374 3912 testes
1390 3839 1553 3932 Apostoli
1570 3841 1633 3910 toti
1649 3843 1729 3910 orbi
1752 3846 1993 3940 tradiderunt,
2019 3853 2249 3923 confirmatam

138 3957 142 3963 '
233 3953 296 4048 qui
321 3962 455 4020 tantam
480 3945 519 4015 in
541 3940 780 4015 Themistocle
805 3944 877 4012 vim
907 3945 1059 4035 ingenii,
1088 3960 1222 4017 tantam
1272 3943 1393 4014 multis
1407 3942 1615 4012 coelestibus
1629 3943 1749 4030 signis.

233 4052 453 4144 „gatianum
477 4071 518 4117 ac
538 4043 762 4140 prudentiam
786 4045 893 4115 luisse
911 4048 1017 4133 dicit,
1042 4061 1082 4119 ut
1102 4049 1141 4118 in
1164 4071 1224 4118 su.
1373 4041 1554 4113 Hactenus
1577 4066 1616 4112 ex
1640 4046 1881 4116 doctrinarum
1911 4052 2100 4139 generibus
2128 4056 2250 4143 gravis-

233 4156 318 4228 bitis
334 4149 499 4245 periculis
515 4149 696 4218 celerrime
711 4148 899 4218 consilium
924 4151 1078 4239 reperire
1095 4163 1222 4242 posset,
1271 4145 1360 4216 sime
1376 4158 1556 4216 ostensum
1575 4159 1626 4214 est
1643 4149 1895 4234 necessariam,
1924 4177 2043 4222 veram
2071 4169 2107 4225 et
2131 4158 2249 4224 saluta-

234 4273 267 4329 et
282 4259 327 4328 de
342 4252 473 4324 futuris
486 4250 705 4322 coniecturas
721 4244 868 4320 haberet
883 4252 1111 4334 certissimas,
1137 4265 1172 4320 et
1184 4252 1223 4320 in
1272 4271 1346 4318 rem
1373 4270 1446 4316 esse
1466 4242 1645 4316 Ecclesiae
1666 4249 1874 4318 doctrinam.
1926 4253 2065 4343 Quarto
2093 4259 2248 4328 accedunt

235 4359 341 4432 reboo
355 4352 515 4446 obscuris
529 4351 680 4422 maxime
701 4350 854 4434 videret,
881 4353 968 4444 quid
983 4356 1173 4444 prodesset.
1273 4349 1408 4434 εἰκαῖα,
1435 4371 1526 4441 quse
1538 4362 1658 4416 tamen
1681 4373 1755 4417 non
1771 4366 1855 4421 sunt
1871 4352 1963 4425 levia
1985 4371 2045 4427 aut
2059 4357 2193 4426 infirma
2207 4372 2249 4426 te-

242 4535 265 4545 ..
335 4456 405 4530 Hic
419 4455 564 4525 divinus
584 4453 641 4522 vir
661 4467 739 4545 post
758 4453 942 4523 victoriam
964 4455 1034 4524 sibi
1055 4457 1142 4524 adeo
1167 4455 1225 4523 in·
1272 4451 1437 4521 stimouia
1452 4463 1592 4518 nostrae
1608 4449 1801 4540 religionis,
1818 4453 1980 4529 videlicet
1994 4473 2160 4550 perpetua
2174 4481 2247 4528 con-

152 4609 153 4612 ,
185 4564 208 4642 3ss
229 4563 362 4646 dulcit,
387 4556 630 4650 utaliquando
645 4555 769 4625 sedens
782 4555 821 4626 in
838 4550 1013 4642 vehiculo,
1038 4568 1226 4650 aquatuor
1272 4551 1424 4624 servatio
1449 4546 1643 4636 Ecclesiae,
1666 4566 1700 4621 et
1720 4553 1889 4624 autoritas
1911 4559 2074 4644 testium,
2097 4562 2157 4653 qui
2177 4559 2246 4628 inde

164 4695 167 4702 ·
233 4665 342 4736 nudis
356 4657 566 4752 mulieribus
577 4656 615 4726 in
631 4657 748 4728 lorum
765 4653 975 4732 traheretur.
1012 4653 1225 4748 Opetulan.
1272 4679 1384 4747 usque
1407 4651 1452 4722 ab
1467 4652 1570 4722 initio
1589 4653 1768 4722 acerrimis
1784 4657 2072 4730 dimicationibus
2092 4683 2246 4754 propaga·

4 4733 7 4740 '
77 4855 79 4862 Ι
173 4811 174 4816 ἵ
235 4767 436 4849 mmmm,
451 4758 584 4850 ingenii
599 4761 829 4852 praestantia,
855 4760 964 4829 tantis
985 4759 1091 4830 cobus
1107 4758 1223 4848 gestis,
1272 4751 1664 4843 veruntEvangelium.
1715 4754 1863 4826 Vestrae
1885 4757 2096 4855 Symmache
2114 4763 2245 4852 religio-

189 4901 192 4908 ’
215 4882 332 4949 ,tanta
348 4863 462 4956 gloria
481 4862 775 4953 indignissimam.
825 4857 924 4948 Quid
941 4856 1026 4931 huic
1041 4861 1118 4932 viro
1141 4885 1225 4952 pro·
1273 4880 1353 4942 nes,
1379 4869 1439 4926 aut
1455 4879 1576 4926 recens
1592 4858 1756 4927 iuventae
1771 4874 1863 4945 sunt,
1885 4875 1946 4932 aut
1961 4863 2112 4935 incertos
2129 4861 2244 4935 habent

102 4937 121 5045 ¹,
178 5007 180 5013 .
235 4963 307 5041 iuil
326 4965 497 5058 excellens
518 4965 749 5056 sapientialac
770 4963 902 5053 virtus,
926 4985 1069 5032 excusso
1091 4977 1225 5032 rectore
1273 4975 1431 5039 autores,
1465 4971 1500 5027 et
1523 4959 1682 5051 quotidie
1708 4960 1797 5028 aliae
1820 4978 2035 5049 nascuntur,
2067 4967 2153 5036 aliae
2176 4987 2245 5034 exo-

236 5060 457 5161 Deo,„qtiae
483 5060 589 5159 q'uam
623 5067 669 5136 sit
693 5065 832 5132 infirma
859 5077 894 5134 et
919 5065 1041 5154 lugan,
1073 5065 1224 5138 maxime
1273 5061 1441 5132 lescentes
1465 5061 1655 5134 intereunt.
1706 5059 1754 5130 Et
1772 5061 1911 5134 infinita
1936 5066 2182 5138 dissimilitudo
2203 5077 2244 5132 est

193 5162 532 5262 ¹¹[ostendunthaec
550 5161 691 5236 heroica
714 5165 883 5256 exempla.
936 5163 984 5236 Ut
1007 5165 1047 5233 in
1061 5163 1225 5248 Hercule,
1273 5175 1348 5230 non
1364 5162 1479 5230 solum
1495 5162 1646 5244 rituum,
1672 5164 1732 5232 sed
1751 5165 1861 5234 multo
1877 5168 1987 5256 magis
2001 5171 2202 5260 opinionum
2216 5177 2244 5231 et

134 5265 153 5279 ”
201 5267 204 5278 ’
238 5271 442 5344 Alexandro
464 5258 498 5339 et
524 5267 603 5336 aliis
629 5267 770 5352 multis,
801 5289 907 5358 quam
932 5267 1093 5336 ardentes
1121 5267 1224 5336 initio
1274 5263 1477 5334 sententiae.
1528 5258 1699 5336 Chaldaei
1718 5265 1836 5354 iguem
1852 5269 1990 5340 colunt:
2018 5269 2174 5366 Aegyptii
2190 5271 2242 5336 ho·

100 5383 103 5390 ⁴
153 5413 160 5436 ·
236 5377 387 5468 impetus
401 5370 445 5438 ad
457 5371 622 5442 virtutem
637 5369 791 5454 fuerunt,
808 5368 939 5460 quibus
951 5367 1133 5461 aliquanto
1148 5380 1229 5459 post
1274 5390 1365 5450 vem,
1379 5365 1474 5450 seles,
1493 5380 1688 5457 serpentes:
1715 5365 1943 5459 Lampsaceni
1953 5369 2133 5464 Priapum:
2159 5365 2242 5440 'lhe-
