4718 5828
28 7 65 14 .-—

536 56 547 88 b

81 209 138 288 10⁵
240 255 245 260 .
497 202 660 285 ouon
699 203 763 280 iis
799 203 1048 282 neuouii
1075 197 1292 284 'novio
1333 207 1619 289 soiiooan
2003 215 2077 292 ios

79 381 254 462 crussesint
269 394 492 470 argumenta,
518 405 609 474 quae
624 341 833 452 ornamenta
849 379 968 451 obiter
979 403 1038 450 ac·
1087 393 1226 474 teinptu
1252 382 1412 484 civilium
1442 409 1581 456 morum
1612 385 1795 460 collocare.
1861 383 1958 476 Quid
1982 389 2079 482 quod

79 493 194 568 odunt,
218 484 395 576 quomodo
418 482 456 551 in
476 481 574 552 locos
597 507 800 554 communes
822 507 960 553 acausa
978 507 1037 552 ex·
1088 485 1163 553 sine
1192 485 1338 555 scientia
1368 486 1590 576 linguarum,
1627 503 1733 580 atque
1763 481 1906 560 dicendi
1933 489 2076 571 artium,

77 591 245 686 patientur,
276 609 346 678 quo
370 606 500 674 genere
520 586 711 656 affectuum
734 610 775 656 oc
799 587 972 654 serinonis
998 585 1034 652 in
1087 609 1161 655 non
1178 600 1328 678 possunt
1348 593 1533 658 commode
1548 591 1729 678 religionis
1746 593 1907 680 dogmata
1924 591 2077 666 tractari.

77 689 198 781 singulis
226 709 348 756 musae
371 687 532 776 partibus
562 701 720 762 utantur.
787 685 889 775 Quae
913 685 1034 756 omnia
1088 686 1233 776 Quanto
1251 691 1380 759 rectius
1395 708 1468 763 erat
1488 693 1666 762 beneficiis
1682 693 1892 764 coelestibus
1912 694 2077 784 religiose

76 789 317 890 qiiidiligenter
341 789 525 880 spectarit,
559 791 705 860 naeille
728 789 890 860 omnium
906 784 1033 859 huma·
1087 791 1159 870 uti,
1187 805 1292 882 atque
1307 792 1496 882 diligenter
1512 794 1681 866 excolere.

75 918 177 966 nonim
208 915 354 981 operum
379 885 474 960 nihil
499 891 745 961 admirabilius
767 889 929 960 oratione
961 913 1034 959 esse
1187 891 1310 986 Neque
1333 895 1427 962 euim
1450 896 1599 964 dubium
1620 909 1689 981 est,
1716 896 1803 990 quin
1821 895 1993 966 divinitus
2005 889 2075 968 hoc

75 1009 185 1070 statuet.
241 992 361 1081 Quare
387 1013 450 1062 vos
474 986 647 1062 adhortor
675 993 802 1084 optimi
829 989 1034 1078 Auditores,
1086 1006 1243 1084 tempore
1268 997 1447 1066 restitutae
1470 999 1541 1068 sint
1564 999 1703 1078 literae,
1737 997 1831 1066 utin
1853 1001 2074 1090 repurganda

74 1116 103 1170 ot
123 1097 298 1186 diligenter
335 1089 399 1162 has
429 1096 607 1164 orationes
644 1094 884 1185 cognoscatis,
928 1109 1035 1188 atque
1085 1097 1312 1166 ecclesiastica
1337 1101 1498 1168 doctrina
1523 1115 1614 1170 recte
1629 1101 1707 1190 pios
1727 1100 1947 1172 adiuvarent.
2000 1097 2075 1170 lta·

74 1197 272 1278 intueamini,
313 1195 417 1265 faciet
442 1219 481 1265 ea
507 1219 563 1265 res
591 1211 625 1268 et
649 1199 693 1284 ad
716 1197 827 1266 animi
859 1196 1032 1266 iudicium
1085 1221 1153 1289 que
1170 1192 1263 1266 haud
1280 1200 1372 1283 scio,
1397 1226 1443 1269 an
1460 1201 1524 1272 ulli
1542 1203 1749 1291 religionem
1767 1202 1909 1291 gravius
1924 1201 2076 1288 laedant,

73 1302 288 1382 formandum,
319 1311 354 1367 et
379 1298 424 1366 ad
445 1297 730 1389 locupletandam
751 1297 953 1368 facultatem
975 1298 1033 1368 di·
1085 1323 1190 1392 quam
1215 1301 1275 1394 qui
1302 1301 1338 1370 in
1363 1304 1482 1373 literas
1504 1306 1631 1394 passim
1657 1303 1751 1374 inter
1773 1305 1974 1393 imperitos,
1998 1327 2075 1374 nou

74 1403 163 1474 cendi.
1084 1402 1189 1470 aliam
1207 1405 1254 1471 ob
1270 1404 1428 1496 culpam,
1455 1429 1560 1498 quam
1580 1407 1750 1499 quianon
1769 1407 1989 1486 didicerunt,
2011 1408 2074 1474 de-

151 1503 237 1572 Toto
259 1500 358 1570 coelo
383 1513 523 1580 errant,
556 1499 620 1594 qui
642 1495 708 1570 hos
722 1494 913 1586 Oratores,
938 1495 1032 1570 nihil
1083 1499 1310 1574 bacchantur.
1371 1505 1481 1600 ldqoc
1505 1501 1573 1578 hoc
1591 1509 1771 1577 molestius
1791 1521 1842 1577 est
1856 1508 1960 1576 bonis
1975 1506 2075 1592 viris,

72 1607 124 1676 nisi
144 1627 285 1694 nugaces
306 1603 450 1674 rabulas
471 1602 580 1672 luisse
602 1603 777 1673 sentiuntt
808 1603 955 1672 suminis
975 1603 1033 1671 iii-
1083 1606 1166 1698 quia
1182 1607 1439 1677 sanctissimum
1458 1633 1588 1679 nomen
1603 1607 1735 1680 Christi
1760 1635 1824 1679 suo
1842 1610 1957 1678 furori
1972 1632 2075 1701 prae·

72 1709 159 1800 geniis
179 1705 344 1797 praediti,
376 1708 528 1774 maximo
552 1727 670 1774 reruni
692 1729 777 1790 usu,
805 1705 843 1773 in
866 1704 1032 1794 gravissi-
1083 1721 1217 1782 texunt.
1286 1707 1435 1780 Valeant
1465 1712 1542 1794 isti,
1583 1713 1726 1804 quando
1751 1712 1961 1780 morosiores
1978 1722 2108 1802 sunt„

70 1809 122 1880 mis
140 1808 242 1878 causis
265 1805 394 1876 versati
419 1805 697 1898 perdidicerant,
731 1819 876 1876 naturas
899 1807 1031 1876 multa·
1083 1831 1188 1902 qoam
1207 1823 1246 1880 ut
1262 1812 1441 1901 patiantur
1453 1837 1490 1881 se
1505 1809 1727 1904 reprehendi.
1780 1813 1854 1884 Vos
1869 1815 2000 1882 interea
2019 1813 2074 1880 ol-

69 1933 276 1992 inmrerom,
309 1922 345 1978 et
359 1909 474 1978 varias
495 1909 670 1997 gerendae
684 1905 789 2000 Reip.
807 1909 961 1978 rationes
979 1922 1032 1978 tc-
1083 1910 1201 1980 ficium
1225 1925 1381 1986 vestruni
1404 1915 1520 1999 tacite,
1554 1930 1587 1984 et
1606 1917 1737 2004 pergite
1756 1919 1866 1984 bonas
1885 1914 2073 1984 lit'erasse·

70 2015 185 2084 nebant.
239 2007 319 2080 Hoc
340 2009 394 2078 illi
416 2009 711 2094 instrumentum,
737 2007 830 2079 hinc
846 2011 1028 2079 scientiam
1083 2013 1169 2082 dulo
1192 2013 1345 2096 discere,
1373 2040 1462 2108 qnae
1478 2041 1555 2086 eum
1572 2021 1614 2085 ad
1638 2019 1844 2108 religionem
1860 2039 2074 2086 conservan-

69 2113 275 2206 plorimarum
308 2135 427 2180 rerum
457 2111 663 2180 adserebant
694 2113 737 2179 ad
765 2111 1030 2202 perpoliendam
1083 2116 1183 2198 dani,
1209 2113 1376 2186 nonnihil
1396 2121 1567 2187 momenti
1588 2113 1760 2200 habeant,
1786 2117 1929 2190 Christo
1946 2116 2073 2207 gratis·
2089 2177 2105 2190 .

69 2217 250 2284 orationem.
309 2211 399 2282 Nam
431 2236 521 2306 quse
547 2215 592 2282 de
612 2213 754 2282 fortuna
780 2207 1031 2282 Demosthenis
1081 2215 1211 2286 sinium
1226 2218 1381 2288 officiuin
1398 2220 1547 2307 iacietis,
1572 2221 1601 2290 si
1617 2238 1783 2293 strennue
1799 2245 1855 2292 eas
1871 2243 2073 2312 propugna-

69 2317 136 2390 dicit
153 2311 359 2398 Aeschines,
391 2337 464 2382 non
486 2329 570 2384 sunt
589 2337 607 2382 a
624 2314 764 2405 plebeio
782 2313 924 2403 ingenio
946 2338 1029 2405 pro-
1083 2319 1215 2391 veritis.
1268 2319 1361 2396 Dixi.

69 2422 146 2488 lecta.
191 2417 380 2510 Postquam
397 2417 492 2484 enirn
507 2439 649 2485 omnem
664 2416 807 2485 virtutis
817 2415 958 2484 laudeni
974 2416 1028 2484 illi

70 2519 211 2603 detraxit,
242 2543 325 2586 vere
344 2541 409 2602 ne,
433 2513 527 2586 nihil
550 2519 592 2586 ad
610 2538 695 2598 nos,
720 2517 834 2608 pergit
849 2518 1029 2587 fortunam

69 2623 222 2701 inscctari,
255 2635 292 2690 et
315 2633 408 2690 vetat
430 2617 608 2710 Rempub.
636 2618 689 2686 illi
713 2619 951 2703 committere,
984 2643 1030 2688 ne

28 2715 32 2726 ’
69 2725 177 2816 privata
203 2724 280 2791 eius
302 2722 446 2791 lortiiiia
476 2720 582 2790 exitio
609 2719 655 2790 sit
679 2721 778 2790 urbi:
810 2720 903 2790 vidit
934 2722 1028 2790 enim
1082 2745 1149 2821 No·
1173 2749 1233 2823 12.
1669 2731 1697 2768 θ
1880 2780 1929 2824 m·
1951 2755 2044 2822 1525·

69 2827 195 2916 prolecto
216 2823 327 2903 vidit,
367 2845 442 2890 non
469 2845 542 2890 esse
572 2845 817 2908 communem,
854 2835 895 2892 ut
922 2823 1028 2912 vulgo
1083 2845 1220 2874 *w
1851 2847 2064 2884 m

68 2942 185 3018 putant,
206 2927 425 3004 ‹fortuuom‚
467 2948 532 2992 nec
563 2923 703 2993 ratione
736 2939 796 2993 eut
830 2925 1029 3015 prudentia,
1247 2951 1307 3038 In
1330 2953 1517 3040 laudem
1543 2983 1684 3040 novae
1705 2955 1904 3040 'scholae‘

68 3030 338 3120 quemadmodum
368 3020 577 3116 Philosophi
608 3029 779 3106 docuere,
811 3025 886 3114 regi
915 3049 1027 3118 posse.

69 3129 160 3218 Quain
175 3129 364 3198 crudeliter
380 3141 497 3196 autem
512 3127 623 3197 saevit
640 3127 678 3194 iii
688 3128 930 3196 adversarium
947 3153 1027 3197 cum
1151 3112 1420 3238 heff¹k3ffi¹r⁸dmss
1439 3115 1472 3240 is·
1492 3116 1513 3171 ¹·
1530 3135 1556 3188 P·
1571 3117 1648 3186 ⁴⁵²³
1670 3119 1697 3199 ³¹!
1710 3119 1760 3200 βᾶ·
1780 3116 1860 3172 sm·
1878 3115 1911 3171 Τ·
1928 3115 1949 3170 ¹·
1969 3131 1995 3198 Ρ·
2007 3111 2070 3168 ³⁹⁷·

1219 3222 1227 3237 .
1365 3223 1373 3238 .
1416 3187 1581 3256 ..p.t⁰0.
1625 3189 1667 3239 De
1687 3198 1785 3240 itinere
1806 3182 2071 3240 MelanthooisNo-

69 3232 231 3300 indmifiae
248 3231 354 3299 lande
373 3229 521 3319 ⁸P⁰li³is
544 3230 725 3298 smmum
742 3228 847 3298 eiiam
867 3228 905 3296 in
923 3255 1028 3298 ⁰¹⁰²ss
1183 3253 1338 3375 rinber‘psm
1357 3253 1430 3334 iacto
1448 3255 1481 3307 ad
1506 3271 1607 3308 nocam
1637 3255 1673 3308 ibi
1693 3256 1830 3308 conditam
1850 3255 1970 3308 sebolaui
1988 3250 2070 3304 iusu-

68 3334 148 3404 vertit
157 3387 166 3418 ‚
188 3347 227 3402 ut
241 3333 290 3401 ab
304 3355 345 3400 eo
359 3343 529 3424 tanquam
544 3354 564 3399 a
578 3343 742 3420 portento
761 3330 881 3423 aliquo
898 3332 1029 3402 volun,
1183 3339 1267 3392 gursn
1288 3343 1348 3386 sni,
1373 3323 1429 3378 rid.
1448 3323 1517 3396 Epp.
1537 3326 1569 3377 ad
1587 3343 1631 3380 so.
1650 3325 1725 3380 1526.
1744 3325 1917 3398 pertinentes.

68 3431 488 3554 ¹³¹⁰⁸.i⁰mi⁰⁰m³¹i²n²¹⁰
539 3427 920 3550 Quidnemnhii‘f’
947 3457 1027 3503 ‘¹¹¹⁰
1081 3485 1210 3554 Oratio
1241 3479 1353 3553 Phil.
1379 3483 1479 3554 Mel.
1508 3485 1548 3553 in
1573 3481 1728 3554 lotidem
1758 3503 1876 3554 nouae
1903 3477 2092 3552 cotetae

67 3532 168 3628 Cyrsili
190 3535 386 3626 exemplum
409 3531 684 3604 commemorat?
719 3557 793 3600 uon
814 3536 943 3622 uidisse
959 3559 1027 3625 pii·
2053 3529 2069 3566 ³

69 3639 130 3705 mis
361 3635 369 3652 .
539 3630 550 3702 Ι
669 3657 676 3672 ,
706 3634 714 3650 .
837 3661 844 3674 ,
1080 3581 1212 3658 bobila
1232 3581 1465 3678 Noriherpoe
1487 3590 1528 3656 in
1550 3607 1685 3656 corona
1709 3583 1857 3656 doctiss.
1888 3589 2069 3668 virorum,

137 3693 145 3720 '
172 3651 303 3756 quanta
335 3659 389 3754 '¹¹3
421 3649 525 3768 §⁵⁸⁰¹-
553 3647 751 3751 ¹⁰¹¹²⁸¹⁶¹.¹⁸’
777 3649 1029 3753 .q¹.³‘*¹¹¹¹¹¹.¹¹q⁰⁰
1145 3695 1184 3756 et
1209 3689 1326 3758 totius
1349 3681 1478 3778 ferme
1504 3691 1682 3760 Senatus.
1733 3691 1785 3759 M.
1801 3689 1849 3758 D.
1864 3688 2005 3758 XXVI.

67 3736 266 3826 pulcherrimi
300 3739 382 3806 iacti
417 3751 571 3821 mentio,
604 3736 845 3805 multitudinis
877 3761 1028 3822 animos,

69 3841 147 3908 ctiam
169 3839 522 3908 inailversaiortiina
545 3837 756 3906 delectaret?
809 3836 1026 3930 ltaqiieciim
1081 3822 1193 3926 Quod
1215 3837 1317 3906 vobis
1344 3851 1378 3906 et
1400 3835 1521 3905 liberis
1545 3837 1688 3922 vestris,
1723 3851 1756 3906 et
1774 3835 1959 3904 universae
1977 3830 2070 3903 Rei·
2116 3881 2129 3898 ,

67 3941 203 4010 altissime
235 3940 530 4032 introspexeriiit,
566 3953 598 4008 et
631 3953 957 4027 iiatiiraintrerum,
993 3955 1028 4011 et
1081 3941 1165 4030 pub.
1197 3939 1351 4008 faustum
1389 3939 1567 4030 soelixque
1598 3939 1661 4007 sit!
1721 3935 1944 4026 Amplissimi
1983 3934 2070 4019 viri,

67 4043 121 4110 iim
133 4045 281 4127 virtutis,
308 4056 343 4111 et
355 4041 595 4134 praeviderint
610 4043 729 4108 omitia
747 4040 1028 4132 dictiirisapien-
1079 4042 1377 4134 quemadmodum
1400 4041 1592 4130 optabatis,
1629 4042 1750 4109 ludiim
1768 4037 1963 4108 literarium
1986 4061 2071 4128 ape.-

68 4143 188 4230 tisiime,
218 4145 375 4214 dubitari
397 4167 468 4211 non
493 4147 614 4222 debet,
649 4144 734 4234 qiiiii
751 4143 792 4210 ad
814 4145 1028 4212 erudiendos
1079 4135 1177 4212 r'iiint
1199 4135 1255 4220 hi,
1288 4165 1376 4234 quos
1399 4137 1469 4210 huc
1492 4142 1635 4232 publico
1661 4141 1808 4210 consilio
1827 4144 1871 4209 ad
1893 4140 2070 4208 docendas

67 4247 190 4328 animos,
215 4271 340 4316 eorum
354 4247 513 4316 tractatio
532 4245 722 4336 plurimum
736 4247 920 4315 conducat.
957 4245 1027 4314 l'e-
1079 4239 1244 4315 honestas
1259 4243 1483 4332 disciplinas,
1509 4243 1717 4350 accersistis,
1744 4244 1851 4336 idque
1875 4241 1976 4311 vobis
1991 4264 2069 4311 nica

67 4366 236 4432 rumsunt,
269 4346 402 4442 quibus
426 4373 549 4436 partim
576 4347 737 4434 religiose
761 4347 1027 4431 rideorlacere,
1079 4371 1164 4413 voce
1185 4345 1325 4436 publice
1340 4345 1555 4414 denunciare
1570 4347 1771 4414 vohierunt.
1823 4343 2009 4414 Nemeum
2029 4341 2067 4410 in

69 4453 139 4537 qnod
159 4456 292 4522 tantuin
319 4450 438 4519 tribuo
470 4445 638 4528 ethnicis,
679 4451 737 4515 sed
768 4473 847 4516 cum
877 4445 932 4518 his
954 4473 1026 4517 non
1078 4470 1180 4517 scena
1207 4442 1274 4516 hoc
1298 4463 1475 4530 servetur,
1503 4462 1544 4516 ut
1565 4463 1646 4518 ante
1671 4449 1844 4517 actionem
1870 4448 1914 4514 de
1938 4443 2069 4514 Poetae

68 4547 132 4620 libet
144 4547 202 4621 hoc
218 4569 378 4644 tempore
394 4551 521 4635 rixari,
548 4548 704 4619 Tantum
729 4563 831 4640 opto,
857 4565 896 4620 ut
915 4551 1027 4641 pieta·
1079 4550 1278 4629 voluntate,
1311 4573 1372 4618 seu
1389 4551 1433 4618 de
1458 4549 1816 4637 labiilaeaiguniento
1836 4549 1931 4619 dicat
1947 4546 2069 4636 prolo-

68 4659 133 4737 lein,
160 4657 255 4724 cuius
279 4679 317 4722 se
343 4666 520 4744 praetextu
545 4654 747 4736 venditant,
774 4655 866 4722 etad
884 4651 1026 4743 religio-
1078 4675 1162 4741 giis,
1194 4651 1464 4743 postulaverunt
1486 4675 1504 4718 a
1526 4673 1583 4720 me
1603 4653 1682 4735 isti,
1707 4675 1772 4743 pro
1788 4651 1865 4721 iure
1881 4648 2068 4729 amicitiae,

68 4751 108 4818 nis
124 4779 242 4826 nomen
260 4755 488 4844 confugiunt,
518 4769 685 4847 tauquam
704 4755 740 4821 iii
755 4755 884 4846 templa
902 4755 1027 4846 capitis
1050 4777 1053 4820 ε
1078 4777 1168 4847 quae
1187 4747 1276 4822 mihi
1296 4778 1376 4822 cuin
1398 4753 1483 4845 ipsis
1498 4767 1663 4844 pervetus
1681 4767 1749 4838 est,
1774 4767 1814 4822 ut
1829 4777 1891 4844 ego
1905 4751 2003 4821 velut
2016 4751 2068 4820 la-

69 4853 120 4938 tti,
147 4885 181 4928 re
202 4872 376 4949 praestare
396 4858 588 4950 aliquando
611 4850 793 4947 incipiant.
846 4853 923 4946 Ego
940 4857 1025 4928 reli·
1077 4855 1182 4924 bulae
1206 4858 1250 4924 ab
1275 4855 1359 4945 ipsis
1382 4857 1555 4946 agendae,
1580 4855 1892 4948 prologuslicrem.
1942 4851 2067 4945 Neque

69 4953 142 5039 gioni
159 4985 228 5031 non
257 4963 362 5029 modo
391 4983 465 5027 non
491 4960 627 5028 oilieere
657 4954 719 5027 has
740 4974 830 5025 artes
853 4960 1024 5042 existimo,
1076 4953 1250 5027 mihisuit
1267 4959 1445 5047 integrum
1469 4981 1590 5026 eorum
1609 4959 1784 5026 voluntati
1808 4962 1945 5033 deesse,
1974 4969 2068 5024 tam·

70 5060 216 5131 sedetiam
233 5075 441 5132 ornamenta
459 5085 542 5132 esse.
594 5059 682 5129 Naro
700 5059 824 5148 religio
834 5057 1024 5153 πολιτικὴν
1047 5059 1051 5102 ¹
1075 5059 1138 5130 etsi
1151 5059 1371 5150 impudentia
1388 5071 1461 5128 erat
1477 5061 1696 5131 committere
1701 5109 1714 5144 ,
1742 5075 1782 5129 ut
1803 5061 1933 5151 primas
1954 5055 1994 5124 in
2010 5056 2068 5126 di-

69 5155 279 5252 disciplinam,
313 5177 348 5232 et
369 5163 485 5232 civilia
509 5163 643 5242 officia,
675 5185 765 5256 quae
781 5162 928 5232 scientia
952 5155 1023 5233 hii·
1074 5162 1187 5230 cendo
1210 5179 1326 5252 partes
1347 5160 1606 5232 secundissimis
1629 5163 1884 5253 propemodum
1907 5153 2076 5228 homini--

68 5277 217 5335 nenamm
250 5267 432 5334 literarum
462 5265 709 5349 continentur,
751 5265 945 5354 adprobat,
987 5277 1022 5334 et
1072 5265 1139 5332 bus
1160 5264 1358 5356 praeripere
1376 5265 1527 5336 viderer.
1588 5261 1659 5332 Sed
1676 5263 1731 5330 vel
1752 5286 1832 5332 cum
1850 5261 1970 5354 aliquo
1985 5283 2065 5330 meo

69 5359 197 5453 religiose
229 5367 298 5438 coli
329 5367 439 5441 iubet.
507 5363 673 5458 impietas
701 5379 752 5436 est
775 5365 813 5435 in
834 5365 911 5436 solo
935 5389 1022 5436 con-
1072 5365 1230 5458 periculo
1252 5364 1549 5437 coniunctissimis
1576 5353 1782 5434 homiuibus
1803 5363 1871 5435 suit
1889 5365 2066 5435 obsecun-
