4718 5828
63 89 175 170 ss
427 182 429 188 ,
614 69 1747 218 oacuuurucoutouuoouuurma.‘
2118 77 2170 180 ss

124 263 288 340 oratione
315 274 476 340 utsntor.
532 261 756 355 Quiritem
778 265 925 359 pmpius
949 263 1123 360 inspexis-
1173 263 1343 350 stidiuut,
1368 265 1490 337 adeoa
1511 265 1690 337 communi
1705 259 1893 338 homiuum
1908 291 2013 342 seusu
2029 271 2167 359 alienis,

124 381 222 453 seut,
249 367 459 464 neutiquam
474 367 696 450 adscititium
712 383 747 442 et
758 393 1059 461 supervacaneum
1076 369 1122 440 ab
1171 380 1213 438 ut
1227 391 1273 437 ne
1287 367 1454 462 quidem,
1481 367 1568 462 quid
1584 368 1683 462 loqui
1698 369 1763 454 sit,
1782 370 1999 462 intelligant.
2052 373 2167 467 Pepe-

124 469 352 564 eloquentiae
382 470 640 561 professoribus
662 471 785 542 fucum
815 471 950 564 requiri
985 471 1128 542 iudica-,
1172 469 1221 540 rit
1242 469 1450 560 elegantiam
1473 470 1677 556 necessitas,
1702 473 1799 565 quod
1822 485 1856 542 et
1880 474 2029 544 barbara
2044 478 2166 548 omnia
2212 551 2220 566 ‚

123 584 217 644 rent.
270 573 351 664 Ipsa
366 571 540 646 orationis
553 573 700 664 puritas,
726 573 916 666 nativaque
928 572 1035 644 iacies
1048 573 1121 642 ele·
1172 571 1306 641 incerta
1321 585 1415 656 sunt,
1434 585 1568 665 etquae
1582 573 1746 644 oratoriis
1757 577 1977 647 ornamentis
1990 577 2166 651 illustrata

121 676 245 766 gantis
261 687 334 760 est,
361 697 466 768 quam
488 675 559 746 nisi
577 688 717 759 tueare,
742 696 816 744 non
840 676 946 744 modo
968 697 1044 744 non
1061 698 1118 743 re·
1172 687 1266 754 sunt,
1282 673 1411 742 clarius
1427 673 1683 764 percipiuntur.
1708 673 1798 744 Nam
1815 676 1854 745 in
1870 672 1966 748 huuc
1982 703 2086 749 usum
2100 683 2165 748 ad·

122 789 230 849 nuste
252 789 316 848 aut
338 777 543 870 inquinate,
568 778 629 847 sed
647 767 865 868 improprie,
889 777 1055 861 obscure,
1081 800 1121 846 ac
1172 771 1290 845 hiberi
1318 770 1493 846 schemata
1516 774 1650 846 Fabius
1675 777 1835 872 scripsit,
1866 801 1981 872 neque
2004 805 2164 875 unquam

124 879 245 970 inepte
273 879 416 952 dirimis.
475 873 524 948 Et
551 878 851 972 quemadmodum
879 878 918 946 io
948 879 1121 968 lingendis
1171 901 1290 946 veram
1307 877 1458 968 speciem
1474 880 1518 947 ab
1534 878 1687 948 utilitate
1706 892 1799 950 recte
1814 880 1927 949 dividi
1950 885 2067 953 sentit.
2120 881 2163 954 lu
2252 931 2254 934 -

124 979 337 1066 corporibus
354 1004 394 1050 ea
408 981 553 1050 demum
567 979 739 1070 elegantia
754 992 827 1066 est,
851 979 915 1052 ubi
929 979 1019 1050 iusta
1036 1003 1121 1070 pro-
1170 979 1279 1049 sacris
1295 979 1414 1063 libris,
1442 993 1483 1050 ut
1497 979 1640 1054 interim
1653 976 1858 1072 prophanus
1873 983 2048 1062 omittam,
2076 984 2163 1080 quid

121 1082 292 1175 portione
317 1082 474 1152 membre
496 1081 617 1152 omnis
640 1081 736 1152 inter
758 1106 798 1152 se
819 1081 1064 1166 consentiunt,
1090 1081 1120 1149 si
1172 1103 1301 1174 quaeso
1325 1080 1503 1150 desideras
1528 1077 1788 1151 rhetoricorum
1824 1079 2066 1155 schematum?
2115 1084 2165 1158 At

123 1184 211 1279 qnid
227 1205 329 1254 secus
348 1183 477 1268 iacias,
501 1195 740 1256 monstrosum
757 1182 842 1266 erit,
864 1183 916 1254 ita
937 1207 1018 1254 cnm
1041 1205 1120 1274 ger·
1171 1178 1228 1254 his
1243 1182 1372 1272 opinor
1389 1205 1462 1252 nou
1481 1183 1582 1252 srsuri
1604 1197 1703 1254 eraut
1722 1179 1936 1276 Prophetae,
1961 1188 1991 1254 si
2012 1184 2103 1256 uihil
2118 1190 2165 1258 ad
2196 1274 2201 1280 q

123 1309 268 1356 menam
296 1285 468 1356 orationis
491 1284 642 1376 speciem
663 1309 757 1354 nova
781 1285 1038 1377 compositione
1056 1288 1120 1355 de·
1171 1307 1245 1354 rem
1261 1285 1374 1353 facere
1393 1283 1619 1355 iudicassent.
1673 1281 1810 1356 Videtis
1823 1309 1892 1379 qua
1907 1288 2045 1358 ratione
2062 1291 2164 1358 vobis

122 1386 351 1471 formaveris,
381 1399 617 1458 monstrosam
638 1387 744 1478 plane
767 1411 807 1456 ac
830 1387 986 1478 ineptam
1003 1388 1119 1460 facies.
1172 1385 1394 1478 eloquentiae
1418 1385 1533 1455 studia
1557 1389 1819 1474 commendem,
1853 1389 1951 1482 quod
1970 1413 2035 1460 nec
2058 1415 2164 1482 expo-

122 1487 229 1558 Picus
250 1487 293 1556 in
319 1487 466 1580 epistole
490 1511 559 1582 qua
583 1488 744 1559 barbaris
760 1484 1013 1579 Philosophiae
1033 1488 1119 1558 scri·
1171 1512 1273 1572 uere,
1307 1511 1397 1580 quae
1417 1487 1582 1568 volumus
1603 1486 1691 1578 ipsi,
1728 1512 1793 1558 uec
1816 1513 1905 1583 miae
1925 1513 1944 1558 a
1968 1489 2164 1562 maioribus
2223 1579 2229 1590 ·
2300 1585 2303 1593 .

123 1591 292 1683 ptoribus
313 1589 573 1680 patrocinatur,
605 1589 753 1674 ludens,
786 1593 892 1662 credo
924 1590 964 1660 iu
995 1582 1119 1686 ἀδόξῳ
1171 1603 1263 1660 recte
1277 1591 1406 1680 scripta
1420 1601 1550 1674 extant,
1570 1589 1771 1678 intelligere
1785 1592 1973 1682 possimus,
1998 1595 2069 1663 uisi
2087 1617 2164 1663 cer·

123 1704 355 1782 argumento,
385 1705 421 1763 et
440 1691 649 1781 elegantium
670 1716 692 1762 a
715 1705 809 1784 recte
823 1692 966 1762 dicendi
982 1693 1119 1762 ratione
1170 1705 1243 1762 tem
1264 1690 1407 1761 dicendi
1431 1713 1594 1760 normam
1620 1692 1924 1783 perdidicerimus.
1982 1691 2163 1788 Equidem

123 1807 275 1886 separat,
294 1792 507 1883 etexplicari
520 1816 576 1864 res
589 1794 830 1887 qualicunque
844 1794 1005 1870 oratione
1019 1817 1120 1887 posse
1171 1817 1245 1863 uon
1271 1793 1376 1862 rideo
1403 1794 1581 1888 quomodo
1615 1791 1695 1862 aliis
1728 1787 1915 1866 homiuum
1943 1795 2020 1864 vice
2051 1796 2165 1868 futuri

121 1909 255 1966 censet.
307 1892 403 1964 Huic
419 1894 584 1986 equidem
605 1889 699 1965 nihil
719 1919 925 1982 succenseo,
951 1896 1014 1989 qui
1037 1897 1121 1966 bar·
1171 1895 1347 1986 sint„qui
1370 1917 1538 1986 necquae
1561 1895 1739 1979 sentiunt,
1765 1896 1957 1987 explicare,
1983 1921 2048 1966 nec
2066 1900 2164 1992 quod

124 1997 263 2068 bariem
280 2019 355 2066 non
372 1996 483 2084 magis
497 2020 538 2066 ex
555 1997 666 2068 animi
680 1997 851 2071 sententia
865 2011 998 2082 tuetur,
1013 2021 1118 2088 quam
1171 2008 1265 2066 recte
1278 1995 1426 2080 dicitur,
1452 1996 1598 2088 adsequi
1612 2009 1759 2090 queunt.
1810 1996 1930 2086 Quare
1947 2001 2099 2070 utnulla
2118 2000 2165 2072 sit

123 2100 254 2170 febrim
271 2095 472 2168 Favorinus
486 2098 667 2172 laudabat.
708 2097 925 2179 Hocmiror,
951 2099 1120 2190 assequi·
1171 2097 1394 2191 eloquentiae
1415 2096 1587 2185 dignitas,
1619 2097 1718 2166 nullu
1744 2099 1873 2187 gratia,
1907 2114 2024 2170 tamen
2046 2127 2085 2171 ea
2109 2103 2164 2171 vis

123 2203 191 2271 bos
207 2213 284 2270 tam
297 2199 446 2270 frivolae
461 2199 618 2288 argutiae
631 2200 723 2270 serio
744 2201 1000 2292 persuaserint,
1023 2197 1119 2290 ,nihil
1172 2213 1241 2284 ests
1265 2212 1400 2268 utnon
1424 2197 1518 2290 igni,
1543 2220 1619 2268 non
1638 2199 1737 2284 nere,
1763 2213 1804 2268 ut
1826 2202 1945 2282 aiunt,
1972 2223 2047 2273 nou
2070 2227 2162 2296 aqua

121 2305 275 2386 referre,
300 2302 697 2394 quomodoloquamur.
750 2299 908 2372 Anvero
925 2315 1018 2373 recte
1041 2327 1119 2372 cor·
1171 2301 1334 2392 pluribus
1353 2299 1393 2368 in
1414 2299 1502 2370 locis
1524 2314 1678 2374 utamur.
1740 2299 1932 2390 Quomodo
1955 2305 2050 2373 euim
2075 2329 2186 2374 cou-.

122 2427 189 2496 pus
206 2403 411 2476 imitabitur
432 2402 565 2494 pictor,
590 2403 620 2480 si
642 2403 741 2473 nulla
755 2403 894 2474 ratione
911 2403 1117 2495 penicillum
1170 2403 1297 2473 sistant
1318 2424 1374 2472 res
1397 2397 1592 2483 humanae,
1626 2401 1657 2470 si
1680 2403 1796 2492 legum
1819 2427 1997 2474 sacrarum
2021 2419 2055 2482 et
2079 2429 2162 2495 pro-

122 2519 242 2595 rogat.
269 2505 301 2574 si
315 2519 447 2574 temere
459 2504 593 2576 feratur
606 2528 751 2587 manus,
776 2525 841 2574 nec
854 2507 1031 2575 domatur
1044 2519 1119 2575 arte
1170 2499 1369 2596 phanarum
1392 2503 1627 2593 patrocinium
1650 2504 1853 2598 eloquentia
1871 2507 2027 2592 deserat,
2052 2509 2081 2576 si
2098 2531 2164 2577 nec

122 2606 267 2680 lineae?
293 2602 444 2676 Adsum
460 2609 608 2677 modum
622 2631 688 2676 nec
704 2606 816 2676 animi
835 2607 887 2678 tui
907 2608 1119 2676 senteutiam
1171 2605 1342 2700 publicis,
1366 2628 1432 2677 nee
1448 2605 1595 2696 privatis
1609 2607 1767 2676 consiliis
1780 2607 1893 2678 oratio
1907 2631 1996 2700 quae
2009 2610 2163 2700 intelligi

122 2711 203 2780 aliis
222 2709 273 2778 ob
290 2708 412 2779 oculos
434 2707 613 2798 posueris,
638 2709 679 2778 ni
695 2708 850 2801 propriis
867 2721 900 2778 et
921 2709 1120 2778 illustribus
1172 2705 1297 2798 possit,
1321 2701 1550 2791 adhibeatur,
1583 2706 1613 2775 si
1635 2731 1690 2776 res
1714 2719 1829 2800 gestae
1851 2709 1960 2778 nullis
1981 2711 2093 2782 literis
2116 2713 2162 2780 ad

127 2810 247 2882 verbis
261 2823 344 2901 apta
363 2833 492 2880 vocum
510 2811 786 2902 compositione,
810 2811 904 2881 iusto
927 2810 1118 2880 sententia·
1173 2821 1334 2902 posteros
1343 2808 1534 2878 transmitti
1550 2809 1706 2902 queant?
1728 2806 1876 2902 Ecquud
1892 2811 2077 2901 vestigium
2093 2807 2162 2882 hu-

124 2939 205 2984 rum
226 2912 357 2982 ordine
377 2923 489 2984 utare.
549 2911 641 2982 Nam
664 2912 812 3010 perinde
842 2926 953 3005 atque
973 2935 1118 3004 corpora
1171 2910 1350 2980 munitatis
1365 2911 1403 2978 in
1416 2909 1478 2980 tali
1488 2907 1684 3001 Republica
1701 2912 1877 3003 reliquum
1893 2913 2023 2984 fuerit?
2049 2913 2161 2984 Porro

125 3013 327 3097 coloribus,
359 3011 472 3082 animi
492 3014 703 3086 sententiam
730 3015 891 3084 oratione
915 3038 1119 3106 repraeseu-
1171 3014 1215 3082 ab
1240 3006 1306 3082 hac
1321 3011 1534 3106 quantulum
1550 3013 1704 3083 distabat
1728 3025 1821 3082 aetas
1841 3015 2026 3103 superior?
2051 3041 2163 3109 quum

125 3133 255 3188 tamus.
293 3112 415 3202 Quare
428 3137 567 3184 necesse
583 3129 635 3186 est
649 3117 801 3186 dicendo
816 3129 946 3186 certam
964 3117 1118 3209 aliquam
1170 3107 1350 3184 sacrorum
1365 3113 1540 3183 librorum
1556 3137 1753 3216 sermonem
1771 3137 1880 3206 prope
1895 3139 2001 3184 nemo
2018 3117 2087 3186 iarn
2105 3118 2163 3188 iu·
2265 3163 2275 3172 --

125 3217 321 3307 imaginem
350 3230 425 3286 arte
452 3217 608 3308 concipi,
641 3243 732 3312 quae
755 3218 932 3288 discernat
961 3219 1055 3289 inter
1083 3239 1120 3286 se
1171 3216 1364 3306 telligeret,
1390 3213 1619 3308 quotidieque
1636 3215 1824 3286 stultorum
1840 3211 2087 3310 sophistarum
2105 3243 2168 3288 ar*

125 3337 298 3412 tauquam
321 3317 442 3388 vultus
465 3319 728 3392 sententiarum.
780 3321 977 3411 Flagitium
988 3334 1065 3403 est,
1090 3319 1126 3386 si·
1171 3319 1280 3390 bitrio
1302 3317 1536 3407 tingerentur,
1570 3341 1610 3386 ac
1633 3317 1889 3407 refingerentur
1910 3341 2028 3389 sacrae
2057 3321 2161 3412 leges.

127 3423 207 3517 quis
234 3420 315 3488 viae
348 3419 473 3509 ignaro
497 3421 638 3492 deviam
669 3420 827 3490 semitam
857 3434 1044 3492 monstret:
1085 3433 1122 3488 at
1155 3419 1242 3492 Res
1263 3435 1378 3508 gestae
1396 3419 1539 3486 illorum
1558 3431 1757 3508 temporum
1780 3421 1931 3488 aeternis
1946 3424 2092 3490 obrutae
2110 3438 2163 3491 te·

127 3526 191 3618 qui
215 3535 310 3594 recte
336 3523 480 3591 dicendi
503 3547 587 3592 cura
616 3537 757 3606 vacant,
789 3523 927 3616 quoties
953 3523 1119 3592 lectorem
1172 3521 1291 3590 nebris
1313 3522 1445 3604 iacent,
1472 3541 1576 3586 nemo
1595 3519 1689 3587 euim
1709 3533 1800 3605 erat,
1829 3521 1959 3613 quiris
1978 3523 2160 3592 literarum

127 3625 222 3696 avia
240 3623 449 3694 abducunt?
480 3625 618 3718 quoties
640 3626 748 3694 unius
768 3626 867 3694 verbi
890 3625 1003 3694 abusu
1026 3623 1121 3693 ludi·
1171 3625 1293 3692 lumen
1309 3617 1478 3691 adhibere
1495 3633 1619 3710 posset.
1653 3620 2162 3712 Discipliuaeomnesdicendi

127 3725 306 3798 licentur?
345 3723 429 3796 Non
456 3727 793 3818 semelimposuere
815 3725 855 3794 iu
877 3719 1120 3816 Philosophia,
1172 3748 1298 3816 genere
1316 3725 1364 3792 sic
1379 3721 1583 3794 obscuratae
1599 3737 1692 3806 stunt,
1714 3737 1754 3794 ut
1768 3749 1812 3792 ne
1828 3720 2000 3794 Doctores
2015 3725 2160 3819 quidem

129 3832 166 3898 iu
192 3829 304 3900 saeris
328 3827 441 3898 literis
469 3827 667 3898 soloecismi
697 3828 828 3898 nostris
857 3827 1118 3918 interpretibus.
1172 3827 1254 3918 ipsi,
1279 3827 1365 3919 quid
1381 3825 1631 3918 profiterentur
1645 3825 1728 3894 satis
1745 3839 1963 3916 compertum
1979 3822 2160 3899 habereut

129 3929 221 4021 Quis
238 3929 335 4004 enim
354 3928 515 4000 omnium
529 3927 631 3999 Pauli
649 3930 858 4001 sententiam
875 3930 914 3998 in
926 3925 1121 4000 Corinthiis
1173 3927 1468 4016 Digladiabautur
1482 3927 1576 3994 iuter
1590 3949 1626 3995 se
1641 3928 1684 3994 de
1705 3927 1826 4015 liguris
1838 3928 2020 4012 ,sermonis
2035 3923 2168 4018 Philo<

128 4035 318 4104 adsecutus
335 4043 397 4114 est,
421 4031 484 4100 ubi
496 4027 606 4100 Grilli
621 4031 680 4100 isti
692 4031 883 4122 elegantiae
901 4043 1121 4122 contempto·
1171 4027 1295 4120 sophi,
1320 4045 1489 4124 tauquam
1508 4028 1545 4096 iu
1563 4027 1717 4098 tenebris
1732 4025 1956 4114 Andabatae,
1982 4055 2047 4100 uec
2064 4031 2161 4124 quis-

129 4159 202 4218 res,
229 4145 430 4204 verterunt:
460 4128 516 4202 Er
538 4133 660 4203 multis
681 4134 850 4204 facierum
874 4133 1035 4225 personis
1057 4145 1120 4202 etc.
1173 4153 1310 4224 quama
1327 4131 1527 4201 domesticis
1541 4129 1614 4198 suis
1629 4129 1734 4220 plane
1748 4129 2021 4220 intelligebatur.
2052 4131 2162 4203 Recte

129 4223 235 4325 Quae
256 4233 500 4324 Augustinum
525 4247 713 4325 tempestas
743 4235 875 4320 aufert,
907 4260 979 4328 quo
1004 4231 1137 4302 miuus
1173 4232 1233 4300 ille
1256 4224 1465 4328 ἀνάχαρσιν
1482 4226 1573 4324 παρ’
1599 4225 1796 4326 asaroton
1820 4227 2038 4318 ootosac'osr,
2062 4229 2162 4327 ἀθη-

132 4337 354 4430 propositum
374 4347 500 4420 teneat,
525 4337 564 4406 iu
579 4339 777 4412 enarrando
791 4362 833 4406 eo
850 4339 945 4430 quod
964 4350 1014 4406 est
1026 4337 1119 4425 apud
1171 4327 1351 4414 ναίουςδὲ
1365 4326 1466 4427 παρὰ
1483 4325 1652 4413 deciduae.
1676 4329 1725 4403 At
1740 4333 1798 4402 isti
1813 4335 1907 4404 domi
1925 4357 2008 4403 strae
2022 4331 2159 4406 ἐσολοί-

132 4439 306 4510 loanuem
322 4433 392 4531 τὴν
407 4432 527 4532 ἀρχὴν
543 4435 563 4510 ὃ
577 4433 641 4510 καὶ
658 4443 757 4510 λαλῶ
771 4434 889 4530 cipis?
922 4437 999 4508 Hoc
1015 4459 1123 4526 genus
1172 4430 1277 4522 κιζον
1285 4487 1312 4520 ,,
1329 4459 1500 4528 suamque
1528 4435 1660 4524 singuli
1684 4435 1857 4524 dialecton
1883 4435 1970 4504 mira
2001 4438 2163 4522 libertate

130 4555 255 4612 usant
280 4540 469 4610 innumera
499 4541 648 4631 passim,
680 4541 746 4612 ubi
769 4541 995 4610 mediocriter
1018 4539 1121 4608 etiam
1174 4537 1541 4608 comminiscebantur.
1579 4535 1675 4606 lures
1691 4536 1741 4605 eis
1758 4537 1930 4627 voluptati
1945 4539 2064 4620 fuisse,
2087 4563 2162 4609 oon

130 4643 295 4714 ensditos
312 4641 522 4712 barbarismi
536 4643 745 4712 fefellerunt
791 4641 891 4712 Adeo
907 4667 981 4711 nou
999 4640 1124 4734 quovis
1175 4641 1278 4710 aliter
1294 4654 1397 4731 atque
1414 4636 1595 4708 Heraclito
1620 4639 1693 4722 illi,
1718 4639 1862 4708 caeteris
1877 4641 2087 4713 mortalibus
2111 4657 2164 4712 tc·

130 4743 310 4820 orationis
326 4767 454 4833 genere
471 4745 595 4814 lectori
609 4744 834 4830 satisfeceris,
858 4747 917 4814 sed
944 4767 1026 4814 cura
1049 4755 1124 4813 stu·
1175 4741 1516 4814 nebrasuffuudcre.
1551 4739 1624 4810 lam
1643 4764 1721 4809 cum
1739 4740 1885 4808 minime
1901 4743 2090 4812 obscurum
2106 4744 2164 4828 sit,

132 4851 269 4942 dioque
285 4846 682 4936 parandalacultesest,
709 4871 776 4941 qua
792 4845 904 4914 animi
919 4846 973 4916 tui
985 4857 1126 4916 senten-
1176 4844 1301 4937 quanti
1329 4842 1434 4912 uobis
1461 4843 1682 4936 eloquentiae
1707 4855 1929 4934 contemptus
1956 4843 2166 4928 constiterit,

132 4951 221 5023 tiam
254 4948 441 5042 perspicue
474 4948 626 5020 aliorum
660 4950 772 5020 oculis
803 4948 977 5018 subiicere
1004 4946 1126 5038 possis,
1177 4970 1241 5014 cur
1263 4945 1460 5014 barbariem
1477 4967 1549 5014 nou
1570 4945 1820 5013 abominamur
1842 4959 2011 5036 tauquam
2033 4967 2166 5015 nocen-

133 5053 331 5146 omuiaque
352 5051 536 5122 commode
559 5075 649 5145 quae
677 5051 887 5142 torpescit,
920 5049 1053 5141 eloqui:
1089 5048 1124 5115 id
1177 5048 1346 5118 tissimum
1361 5046 1517 5138 pestem?
1540 5069 1686 5115 curuon
1702 5043 2167 5134 maguocouseusuescho-

136 5169 187 5226 est
212 5156 311 5234 enim
333 5153 510 5241 eleganter
521 5154 662 5224 dicere.
712 5151 816 5242 Quin*
835 5152 943 5244 igitur
969 5145 1128 5220 hellebo-
1178 5150 1223 5219 lis
1240 5148 1473 5220 exibilamus?
1495 5172 1558 5218 cur
1574 5148 1641 5238 ipsi
1659 5147 1763 5216 uobis
1778 5145 1950 5236 tantisper
1967 5147 2168 5219 invidemus

136 5281 215 5326 rum
232 5254 466 5352 propinamus
486 5255 549 5342 iis,
575 5257 638 5350 qui
653 5269 869 5326 venustatem
888 5253 1060 5324 orationis
1076 5252 1128 5322 fa·
1180 5252 1439 5346 eloquentiam,
1465 5274 1534 5342 qua
1559 5245 1652 5320 nihil
1666 5250 1819 5336 melius,
1843 5245 1934 5320 nihil
1956 5251 2108 5344 amplius
2130 5252 2171 5322 in

1479 5345 1537 5422 4*
