4646 5824
83 299 164 373 asa
682 295 842 378 usco.
873 297 950 376 ns
980 299 1135 380 case.
1167 299 1530 418 cnuctesno
1931 353 1936 358 -
2046 310 2137 385 aaa

98 469 171 544 No.
193 467 276 546 106.
397 471 402 508 ³
473 514 476 523 ·
910 501 958 542 en.
981 479 1077 544 tots.
1140 476 1282 568 gatione
1302 477 1524 547 confirment.
1584 471 1665 548 Erit
1681 477 1789 569 igitur
1805 493 1838 551 ct
1854 475 1946 552 hanc
1960 481 2073 575 ipsam
2089 485 2136 556 ob

93 565 268 598 *Ν
907 569 1080 600 ‘⁴⁴⁸⁴
1140 601 1279 650 causam
1301 577 1460 649 narratio
1482 577 1696 669 simplicior,
1730 581 1812 674 quia
1837 583 1920 653 volo
1945 609 2021 655 eam
2037 587 2136 658 testi-

326 673 403 763 De
436 670 571 787 casp.
598 673 857 793 ant'yertt.
1057 740 1060 746 .
1138 680 1252 750 monii
1277 682 1419 774 pondus
1443 674 1595 768 babere,
1622 705 1701 752 cum
1723 683 1866 776 quidem
1885 685 1998 776 ipsius
2013 703 2134 780 pectus

156 830 190 886 ,n
216 829 309 888 'dm‘
332 829 414 891 Dect.
433 829 469 886 T·
492 829 537 888 „L
561 849 586 904 p.
601 831 681 900 Μ’
710 829 841 887 metare.
861 829 957 886 ‚nm
977 849 1004 902 P·
1019 829 1090 900 310⁸,
1139 778 1228 852 mihi
1246 781 1654 874 penitusnotumluerit.
1694 779 1743 855 Et
1757 787 1927 878 quoniam
1943 784 2134 894 barcaetrs

191 899 313 957 servent
333 903 370 961 τ.
393 899 442 956 ttt.
461 899 567 970 mss.
613 910 640 955 er
657 901 686 955 in
704 899 738 958 Τ.
756 901 805 958 ιιι.
824 899 937 955 tte-ford.
954 899 993 954 tir.
1011 899 1047 967 8,
1064 901 1089 956 s.
1138 884 1243 976 plena
1266 897 1318 954 est
1341 884 1583 976 suspicionum
1609 897 1644 955 et
1669 887 1947 976 calumniarum,
1977 905 2012 962 et
2039 916 2133 980 vere,

188 969 279 1028 uum
297 970 440 1044 repererim
458 965 559 1044 prodiit
577 937 692 1026 wicel.
711 969 786 1028 ¹⁵4⁹·
813 971 841 1025 ⁸·
866 970 939 1042 ²1²¹·
1137 998 1178 1056 ut
1191 983 1371 1057 Homerus
1389 985 1525 1080 inquit,
1559 981 1630 1079 οὐχ
1644 981 1727 1082 ὁσίη
1743 984 1840 1061 κακὰ
1855 982 2006 1085 ῥάπτειν
2021 988 2132 1090 ἀιιή·

1138 1091 1252 1174 λοισι,
1279 1088 1426 1182 nequid
1443 1089 1583 1159 finxisse
1598 1090 1740 1176 videar,
1764 1103 1868 1162 testes
1882 1117 1980 1164 meae
1999 1097 2132 1168 oratio-

1138 1190 1195 1260 nis
1210 1212 1283 1261 esse
1296 1191 1398 1271 volo,
1422 1187 1674 1262 Reverendum
1687 1191 1805 1265 virum
1822 1208 1998 1286 pastorem
2005 1195 2130 1270 Eccle-

211 1377 213 1383 .
1138 1292 1209 1362 siae
1229 1304 1388 1377 nostrae,
1421 1305 1455 1362 et
1473 1291 1667 1384 Georgium
1687 1291 1901 1379 Rorarium,
1927 1299 2022 1371 viros
2036 1301 2131 1373 inte-

85 1387 281 1492 Principio
308 1399 438 1490 gratias
466 1421 532 1492 ago
553 1395 631 1470 Deo
660 1412 803 1470 aeterno
831 1399 923 1492 patri
949 1397 1087 1468 domini
1137 1395 1326 1485 gerrimos,
1352 1395 1482 1488 quibus
1501 1397 1566 1468 fuit
1582 1395 1888 1480 familiarissimus.
1940 1399 2127 1475 Instituam

87 1501 204 1573 nostri
230 1499 307 1572 lesu
330 1496 483 1587 Christi,
517 1502 609 1574 fonti
632 1501 824 1595 sapientiae
849 1518 883 1573 et
909 1499 1087 1571 conditori
1137 1498 1247 1588 igitur
1274 1521 1405 1566 veram·
1427 1509 1461 1567 ιι
1491 1500 1624 1568 nudam
1660 1501 2048 1590 commemorationem,
2089 1530 2129 1576 ac
2191 1521 2194 1528 '

88 1627 231 1686 rerum,
265 1605 362 1696 quod
384 1599 576 1674 Ecclesiam
603 1605 697 1674 inter
718 1628 784 1674 nos
807 1605 875 1675 sibi
897 1603 1033 1694 colligit
1047 1602 1087 1672 in
1136 1622 1299 1693 prorsus,
1324 1611 1364 1669 ut
1381 1597 1588 1686 Geometer,
1613 1599 1724 1670 lineas
1739 1613 1877 1672 tantum
1892 1605 2041 1678 aedilicii
2059 1608 2129 1678 du-

89 1705 192 1777 omni
207 1704 414 1776 aeternitate
430 1705 548 1797 ipsum
564 1706 833 1778 celebraturam:
859 1720 894 1777 et
908 1719 985 1777 toto
1003 1729 1084 1775 eum
1137 1727 1233 1784 carn,
1256 1702 1443 1796 dequibus
1459 1703 1574 1773 extrui
1596 1724 1762 1792 magnum
1780 1727 1868 1795 opus
1883 1729 2001 1799 posse,
2025 1709 2128 1780 facile

88 1821 234 1902 pectore
249 1829 331 1891 oro,
358 1829 404 1877 nc
418 1807 512 1880 sinat
527 1807 701 1878 internos
716 1809 872 1899 extingui
889 1809 1003 1879 lucem
1019 1808 1085 1877 do·
1137 1805 1289 1894 intelligi
1306 1804 1445 1896 poterit.

89 1909 243 1994 ctrinae,
278 1909 339 1978 sed
368 1909 540 1980 immensa
574 1909 816 1984 misericordia
848 1935 911 1981 sua
941 1921 1087 2002 propter
1239 1903 1376 1977 Ordiar
1396 1917 1534 1988 autem,
1563 1903 1654 1976 sicut
1676 1907 1844 1980 usitatum
1866 1924 1937 1997 est,
1962 1914 2128 2004 apatria.

89 2012 207 2081 lilium
224 2007 290 2080 hos
304 2023 423 2081 coetus
432 2013 605 2101 gubernet
620 2023 654 2082 ιι
666 2027 799 2098 servet,
821 2028 855 2085 ιι
871 2007 936 2082 hos
947 2025 1086 2082 nostros
1136 2007 1248 2080 Natus
1262 2021 1314 2079 est
1326 2002 1637 2098 CasparCruciger
1651 2007 1689 2077 in
1705 2009 1838 2104 inclyto
1851 2014 1984 2104 oppido
1995 2013 2128 2108 Lipsia.

89 2113 250 2183 alveolos
271 2113 462 2182 clementer
484 2127 655 2206 protegat.
714 2111 943 2186 Consuetudo
967 2126 1085 2184 autem
1136 2110 1206 2182 Hie
1219 2111 1250 2181 si
1266 2111 1316 2180 de
1326 2108 1460 2202 patriae
1478 2108 1643 2179 laudibus
1660 2105 1837 2182 rhetorico
1855 2137 1954 2186 more
1968 2115 2128 2189 dicturus

91 2229 146 2286 est
161 2215 268 2306 digna
292 2215 397 2285 laude
420 2215 459 2284 in
485 2212 539 2285 his
557 2217 801 2306 congressibus
824 2219 868 2286 ad
884 2229 1087 2286 commone·
1137 2237 1266 2297 essem,
1291 2224 1463 2306 qnantum
1481 2209 1649 2280 volumen
1673 2214 1757 2282 addi
1774 2216 1915 2306 posset?
1965 2217 2036 2290 Sed
2053 2219 2127 2310 ipse

89 2315 290 2388 faciendam
323 2317 563 2400 iuventutem,
596 2319 652 2387 vel
679 2319 864 2410 praeconia
895 2317 1088 2402 doctrinae,
1126 2315 1286 2408 patriam
1318 2312 1542 2405 praecipuam
1575 2308 1768 2384 Ecclesiam
1802 2339 1875 2386 esse
1900 2319 2024 2392 sensit:
2063 2345 2151 2393 nec-

91 2419 153 2489 vel
170 2419 327 2510 exempla
344 2420 565 2490 eruditorum
580 2420 739 2492 recitare.
784 2420 873 2490 Nam
891 2421 930 2488 in
948 2415 1004 2488 his
1020 2443 1086 2489 no·
1137 2431 1208 2488 tam
1238 2416 1367 2486 natalis
1400 2414 1470 2485 loci
1501 2414 1702 2486 celebritate
1736 2417 1885 2489 laetatus
1908 2435 1980 2502 est,
2018 2447 2125 2516 quarn

93 2521 177 2591 stris
208 2521 335 2591 studiis
374 2523 561 2614 praecipue
594 2546 669 2592 non
701 2523 817 2593 solum
846 2525 1088 2592 accenduntur
1138 2521 1235 2614 quod
1250 2515 1430 2589 Ecclesiae
1442 2515 1529 2586 civis
1542 2517 1655 2590 lactus
1671 2532 1734 2592 est.
1784 2518 1859 2590 Nec
1873 2535 1992 2592 tamen
2007 2524 2128 2616 ingra-

94 2621 209 2694 animi
230 2621 494 2694 considerantes
516 2624 665 2693 aliorum
690 2625 903 2694 industriam
921 2637 955 2694 et
974 2624 1088 2693 virtu-
1138 2635 1195 2693 tus
1210 2621 1280 2691 luit
1295 2620 1439 2711 patriae.
1490 2621 1714 2708 «ignoscebat
1724 2620 1938 2713 singularem
1955 2625 2128 2699 foelicita-

94 2740 186 2810 tem,
212 2725 272 2794 sed
291 2726 568 2798 commonebant
581 2727 686 2796 etiam
704 2729 747 2796 de
763 2725 885 2796 multis
905 2723 1030 2811 rebui,
1055 2737 1089 2793 et
1138 2737 1207 2796 tem
1228 2746 1301 2795 esse
1327 2721 1424 2792 nasci
1447 2720 1486 2789 in
1510 2721 1573 2792 tali
1594 2723 1699 2810 urbe,
1731 2724 1861 2818 inqua
1877 2749 1957 2796 cum
1976 2729 2128 2822 optima-

94 2825 198 2922 quasi
234 2826 378 2916 vestigia
407 2829 631 2918 superiorum
658 2827 885 2922 aspicientes,
923 2827 1017 2896 viam
1043 2828 1086 2896 ad
1138 2851 1218 2897 rum
1236 2825 1366 2896 artium
1382 2824 1498 2894 studia
1515 2824 1684 2912 floreant,
1710 2839 1745 2896 et
1767 2849 1893 2917 magna
1909 2828 1955 2900 sit
1969 2833 2125 2903 erudito·
2183 2918 2188 2926 ‚

94 2929 280 3002 doctrinae
293 2951 408 2998 arcem
428 2930 581 3003 discunt.
771 2935 775 2944 '
1137 2952 1217 3000 rum
1240 2926 1459 3022 frequentia,
1496 2925 1652 2996 inveniri
1683 2930 1844 3000 doctores
1871 2930 2128 3005 adolescentiae

201 3026 254 3101 Ac
276 3025 367 3100 mihi
389 3032 533 3124 quidem
555 3025 623 3101 hoc
645 3031 761 3124 ipsum
777 3033 864 3103 anni
880 3049 1019 3126 tempus
1033 3055 1090 3102 re·
1139 3031 1378 3115 commodius,
1403 3052 1509 3123 quam
1523 3028 1611 3098 alibi
1627 3044 1786 3121 possunt.

95 3146 207 3205 novat
228 3133 434 3202 memoriam
462 3133 567 3203 amici
595 3133 710 3204 nostri
731 3131 877 3226 Caspari
898 3135 1091 3224 Crucigeri,
1241 3129 1320 3205 Etsi
1340 3145 1456 3203 autem
1479 3131 1551 3199 vim
1573 3131 1730 3222 ingenii,
1762 3157 1853 3228 quac
1869 3136 1939 3207 fuit
1958 3135 1996 3204 in
2014 3159 2055 3206 eo
2070 3162 2130 3207 ex-

97 3237 200 3308 cuius
220 3235 367 3304 morbus
387 3229 457 3304 hoc
478 3251 599 3304 mense
623 3259 719 3304 anno
734 3237 915 3328 superiore
929 3238 1091 3327 ingravr·
1140 3236 1270 3308 cellens
1292 3248 1327 3305 et
1350 3233 1515 3314 mirifica,
1546 3256 1621 3304 non
1644 3236 1759 3306 solum
1775 3237 1820 3306 ad
1835 3259 1955 3308 causas
1970 3233 2130 3333 physicas

97 3361 194 3409 scere
209 3349 380 3428 coeperat.
432 3335 555 3430 ltaque
571 3360 652 3407 cum
668 3332 757 3407 mibi
774 3339 922 3408 adsidue
937 3340 1007 3407 iam
1025 3339 1092 3408 ob-
1139 3339 1276 3417 refero,
1301 3336 1362 3406 sed
1378 3332 1629 3425 singulareDei
1645 3339 1781 3408 donum
1793 3338 1901 3408 luisse
1917 3353 2050 3411 statuo:
2077 3353 2130 3410 ta-

98 3453 259 3511 versetur
281 3439 357 3508 eius
378 3438 513 3528 imago,
546 3452 580 3509 et
601 3439 777 3509 desiderio
793 3441 868 3510 eius
884 3465 958 3511 non
975 3441 1092 3512 solum
1122 3451 1274 3510 menet
1291 3463 1310 3506 a
1330 3449 1517 3528 parentum
1535 3449 1683 3524 natura,
1708 3455 1743 3509 et
1758 3463 1778 3509 a
1793 3439 1907 3509 causis
1922 3443 2131 3513 coelestibus

98 3555 245 3635 propter
277 3539 467 3610 amicitiam
501 3555 535 3610 et
568 3540 768 3611 studiorum
794 3542 1093 3626 coniunctionem,
1141 3542 1258 3635 aliqua
1281 3552 1427 3610 naturae
1447 3539 1663 3630 praestantia
1683 3555 1822 3634 sumpta
1836 3542 1987 3613 videtur.
2047 3543 2130 3614 Fuit

98 3647 160 3715 sed
175 3644 281 3713 etiam
297 3653 442 3733 propter
454 3636 630 3712 Ecclesiae
646 3643 834 3714 orbitatem
852 3644 988 3733 ingenti
1004 3645 1093 3714 adli·
1141 3641 1299 3714 enimin
1322 3653 1434 3710 matre
1457 3639 1569 3709 virtus
1592 3640 1730 3715 eximia.
1781 3639 1829 3714 Et
1843 3644 1888 3712 de
1903 3644 2020 3736 positu
2037 3647 2132 3716 side-

1 3753 2 3761 ’
99 3747 192 3826 eiar,
220 3743 327 3814 etiam
343 3743 381 3811 in
396 3738 493 3813 hunc
504 3744 622 3814 locum
638 3747 1008 3818 commemorationem
1019 3761 1094 3818 stu·
1142 3769 1220 3816 rum
1237 3742 1384 3813 memini
1399 3739 1595 3826 Gouricum
1611 3743 1843 3829 itaiudicare,
1869 3746 2005 3836 ingenii
2019 3739 2142 3819 excel-⁸

99 3849 246 3920 diorum
281 3857 317 3916 ιι
346 3844 519 3916 virtutum
548 3846 622 3916 eius
645 3845 873 3918 adferendam
898 3871 970 3918 esse
999 3848 1094 3918 duxi.
1142 3846 1287 3918 lentiam
1304 3845 1503 3915 mirandam
1520 3843 1726 3933 significari,
1752 3848 1812 3916 sed
1826 3846 1933 3918 simul
1950 3849 2055 3919 etiam
2071 3875 2134 3920 va-

99 3949 235 4022 Notum
260 3961 312 4018 est
334 3947 431 4018 enim
454 3947 546 4020 illud
567 3947 754 4034 omnibus,
780 3945 875 4022 ὅπου
898 3975 954 4030 τις
977 3945 1093 4049 ἀλγεῖ,
1143 3949 1214 4020 rios
1228 3949 1372 4019 morbos
1390 3946 1611 4020 denunciari.
1633 3954 1637 3964 '
1661 3944 1714 4017 Ac
1730 3948 1759 4017 si
1776 3949 1854 4042 quis
1869 3951 2020 4044 requirit
2037 3954 2133 4044 posi-

100 4051 198 4124 κεῖσε
212 4041 359 4142 naizin(
370 4043 466 4144 χεῖρ’
485 4046 580 4142 ἔχει·
611 4047 684 4120 Νιι
699 4064 837 4123 tanturn
851 4067 892 4125 ut
905 4053 962 4122 vel
977 4053 1094 4122 dolori
1144 4067 1219 4124 tum
1244 4051 1421 4133 siderum,
1453 4061 1493 4119 ut
1513 4061 1630 4118 extare
1657 4049 1770 4120 multa
1792 4053 1949 4144 exempla
1972 4055 2135 4146 optarim,
2167 4095 2172 4108 ·

101 4177 183 4224 meo
217 4151 441 4241 indulgeam,
481 4151 539 4220 vel
572 4152 731 4222 debitum
757 4154 930 4226 amicitiae
955 4168 1096 4225 nostrae
1144 4155 1174 4222 is
1194 4167 1351 4242 tempore
1376 4149 1531 4222 indicato
1554 4145 1672 4220 thema
1694 4152 1896 4226 constituat.
1954 4153 2067 4226 Natus
2083 4171 2135 4228 est

101 4274 235 4325 munus
263 4265 455 4344 praestem,
489 4247 559 4323 hoc
575 4267 833 4344 ‚argumentum
863 4255 995 4346 delegi,
1034 4258 1095 4327 sed
1145 4254 1239 4326 enim
1256 4248 1389 4345 Caspsr
1407 4275 1503 4323 anno
1518 4249 1633 4325 1504.
1657 4251 1715 4324 die
1730 4254 1843 4346 prima
1861 4253 2017 4338 Ianuarii
2032 4259 2135 4330 circi-

102 4357 217 4428 multo
227 4354 337 4446 magis
351 4353 614 4426 adolescentum
624 4378 739 4442 causa,
758 4359 888 4450 quibus
896 4359 1095 4451 exemplum
1146 4373 1198 4429 ter
1219 4351 1343 4425 horam
1367 4353 1537 4446 primam,
1570 4361 1650 4446 p'ost
1670 4357 1822 4426 mediam
1847 4371 2007 4444 noctem,
2033 4360 2137 4432 itaut

86 4479 227 4530 *recens
251 4470 287 4527 et
306 4456 444 4526 illustre
467 4479 646 4550 propono,
678 4457 780 4528 cuius
801 4460 1035 4531 consideratio
1052 4461 1096 4530 de
1145 4463 1216 4531 duo
1237 4469 1375 4528 tantum
1407 4457 1479 4526 sint
1507 4456 1686 4527 domicilia
1717 4458 1878 4529 omnium
1900 4461 2137 4551 planetarum,

103 4557 161 4632 bis
183 4557 269 4651 ipsis
288 4557 432 4638 studiis,
461 4557 648 4652 inquibus
669 4573 872 4646 versantur,
906 4563 1016 4633 multa
1037 4584 1097 4632 eos
1145 4561 1228 4644 Sol,
1261 4555 1382 4628 Venus
1407 4571 1443 4628 ct
1462 4555 1664 4630 Mercurius
1689 4559 1728 4627 in
1754 4557 1972 4652 Capricorno
1992 4567 2136 4636 tertium

103 4683 250 4734 monere
265 4659 406 4752 poterit.
447 4657 529 4748 ¹Nec
551 4659 732 4732 instituam
754 4657 892 4734 Graeco
910 4687 1011 4735 more
1032 4687 1095 4756 pa·
1146 4665 1262 4734 locum
1282 4661 1331 4731 ab
1352 4656 1550 4752 horoscopo
1572 4673 1756 4754 occupent.
1806 4659 1946 4734 Caeteri
1961 4689 2083 4737 omnes
2097 4667 2137 4737 in

104 4762 308 4858 ncgyricam
328 4761 585 4847 laudationem,
619 4763 679 4832 sed
698 4761 854 4834 breviter
877 4765 970 4836 vitae
984 4767 1098 4858 ipsius
1146 4763 1301 4848 Cancro,
1342 4758 1536 4849 Saturnus,
1570 4759 1724 4854 Iupiter,
1744 4760 1855 4834 'Mars
1883 4779 1917 4837 et
1937 4763 2040 4838 Luna
2059 4769 2136 4837 vol-

104 4863 312 4950 historiam,
345 4863 461 4934 studia
492 4877 527 4934 et
562 4866 612 4934 de*
636 4865 799 4934 maximis
826 4867 934 4938 rebus
966 4867 1097 4938 iudicia
1147 4880 1281 4938 vuntur
1304 4864 1343 4933 in
1361 4887 1458 4934 nono
1481 4864 1579 4949 loco,
1605 4877 1767 4958 extatque
1783 4878 1921 4938 tantum
1937 4870 2138 4959 supralini-

105 4965 282 5046 narrabo,
314 4989 468 5059 quorum
496 4965 669 5036 memoria
700 4967 896 5058 posteritati
917 4968 1017 5040 utilis
1038 4982 1099 5040 est.
1147 4985 1260 5042 torem
1273 4958 1454 5062 (στάχυς)
1468 4966 1561 5058 spica
1573 4963 1746 5056 Virginis,
1771 4981 1944 5061 quantum
1960 4970 2053 5041 inira
2074 4975 2138 5042 ad-

107 5069 228 5164 Atque
250 5065 387 5138 utinam
409 5067 605 5138 multorum
629 5069 849 5140 eruditorum
878 5095 919 5140 ex
944 5069 1006 5140 illa
1024 5071 1099 5140 sin·
1148 5067 1218 5142 buc
1235 5070 1365 5140 absunt
1379 5091 1400 5138 a
1414 5069 1508 5136 linea
1524 5063 1819 5139 horizontisduae
1834 5071 1992 5142 lucentes
2006 5075 2043 5143 in
2058 5089 2137 5146 utra

107 5171 245 5244 ceriore
272 5167 481 5262 antiquitate
503 5168 722 5251 testimonia,
759 5195 840 5240 rere
862 5185 904 5242 et·
917 5173 1099 5265 perspicue
1148 5168 1266 5258 chele,
1291 5193 1381 5264 quae
1402 5169 1545 5262 quidem
1567 5170 1672 5239 nobis
1693 5170 1800 5240 simul
1815 5173 1992 5244 oriuntur.
2042 5173 2138 5247 Con-

107 5274 239 5364 scripta
261 5282 432 5345 extarent.
489 5267 579 5340 Nam
602 5263 671 5339 hoc
693 5271 770 5362 ipso
784 5269 881 5346 Deus
903 5274 1041 5368 aliquos
1060 5274 1100 5343 in
1148 5275 1244 5366 gruit
1270 5274 1375 5344 etiam
1405 5283 1500 5343 totus
1520 5272 1723 5344 asterismus
1744 5272 1875 5344 Leonis
1903 5299 1983 5346 cum
2003 5278 2138 5350 decimo

109 5372 269 5448 Ecclesia
291 5370 542 5443 excellentibus
566 5371 670 5440 donis
689 5386 814 5461 ornat,
844 5390 884 5447 ut
906 5389 1010 5447 testes
1027 5376 1100 5448 sint
1148 5379 1227 5448 loco
1250 5377 1295 5446 ab
1316 5371 1523 5464 horoscopo.
1580 5369 1646 5444 Est
1666 5375 1813 5447 omnino
1830 5401 2035 5470 congressus
2057 5383 2140 5453 stel-

109 5501 214 5550 verae
229 5474 442 5554 sententiae,
469 5485 501 5542 et
527 5471 615 5542 alios
633 5475 815 5563 erudiant,
840 5503 879 5550 ac
894 5501 957 5550 sua
973 5478 1100 5551 suffra·
1123 5551 1127 5559 ,
1149 5479 1265 5550 larum
1280 5501 1353 5551 non
1376 5475 1548 5566 vulgaris,
1573 5477 1618 5544 de
1634 5499 1705 5568 quo
1721 5477 1766 5549 ab
1783 5481 1931 5554 eruditis
1942 5483 2052 5555 multa
2069 5483 2143 5554 dis-

159 5583 338 5652 llixxrsrn.
355 5580 460 5646 Orru.
474 5578 556 5646 Vox.
572 5576 635 5647 xl.
815 5603 819 5612 ·
837 5621 839 5626 ·
1628 5655 1634 5662 ι
1653 5576 1704 5652 55

86 1153 220 1226 Oratio
243 1147 292 1224 de
325 1149 527 1244 casparo
554 1151 832 1248 Grucipero,
864 1147 911 1221 ab
932 1153 1087 1222 tumme

265 1251 438 1326 Ιιιίιιιοιι
462 1251 705 1326 Satvetdems
731 1257 911 1326 recitato.
