<?xml version="1.0" encoding="UTF-8"?>
<!DOCTYPE html PUBLIC "-//W3C//DTD XHTML 1.0 Transitional//EN"
    "http://www.w3.org/TR/xhtml1/DTD/xhtml1-transitional.dtd">
<html xmlns="http://www.w3.org/1999/xhtml" xml:lang="en" lang="en">
 <head>
  <title>
</title>
<meta http-equiv="Content-Type" content="text/html;charset=utf-8" />
  <meta name='ocr-system' content='tesseract 3.04.00' />
  <meta name='ocr-capabilities' content='ocr_page ocr_carea ocr_par ocr_line ocrx_word'/>
</head>
<body>
  <div class='ocr_page' id='page_1' title='image "./corpusreformato23melagoog/corpusreformato23melagoog_0229.png"; bbox 0 0 4616 5816; ppageno 0'>
   <div class='ocr_carea' id='block_1_1' title="bbox 235 201 2237 290">
    <p class='ocr_par' dir='ltr' id='par_1_1' title="bbox 235 201 2237 290">
     <span class='ocr_line' id='line_1_1' title="bbox 235 201 2237 290; baseline 0.002 -5"><span class='ocrx_word' id='word_1_1' title='bbox 235 205 312 286; x_wconf 73' lang='grc'><strong>’485</strong></span> <span class='ocrx_word' id='word_1_2' title='bbox 780 201 943 281; x_wconf 75' lang='lat' dir='ltr'><strong>unct.</strong></span> <span class='ocrx_word' id='word_1_3' title='bbox 978 205 1053 282; x_wconf 80' lang='lat' dir='ltr'><strong>DE</strong></span> <span class='ocrx_word' id='word_1_4' title='bbox 1090 202 1340 284; x_wconf 67' lang='lat' dir='ltr'><strong>nasseto</strong></span> <span class='ocrx_word' id='word_1_5' title='bbox 1367 203 1709 284; x_wconf 72' lang='lat' dir='ltr'><strong>aasumensi.</strong></span> <span class='ocrx_word' id='word_1_6' title='bbox 2173 215 2237 290; x_wconf 68' lang='lat' dir='ltr'><strong>lit</strong></span> 
     </span>
    </p>
   </div>
   <div class='ocr_carea' id='block_1_2' title="bbox 111 373 2300 5424">
    <p class='ocr_par' dir='ltr' id='par_1_2' title="bbox 189 361 2300 1081">
     <span class='ocr_line' id='line_1_2' title="bbox 189 373 2240 474; baseline 0 -20"><span class='ocrx_word' id='word_1_7' title='bbox 189 460 192 468; x_wconf 64' lang='grc'><em>,</em></span> <span class='ocrx_word' id='word_1_8' title='bbox 232 385 293 455; x_wconf 86' lang='lat' dir='ltr'><strong>sed</strong></span> <span class='ocrx_word' id='word_1_9' title='bbox 314 379 408 474; x_wconf 87' lang='lat' dir='ltr'><strong>pacis</strong></span> <span class='ocrx_word' id='word_1_10' title='bbox 423 377 504 450; x_wconf 88' lang='lat' dir='ltr'><strong>linis</strong></span> <span class='ocrx_word' id='word_1_11' title='bbox 520 389 612 464; x_wconf 90' lang='lat' dir='ltr'><strong>erat,</strong></span> <span class='ocrx_word' id='word_1_12' title='bbox 643 391 684 450; x_wconf 94' lang='lat' dir='ltr'><strong>ut</strong></span> <span class='ocrx_word' id='word_1_13' title='bbox 699 391 793 449; x_wconf 90' lang='lat' dir='ltr'><strong>certa</strong></span> <span class='ocrx_word' id='word_1_14' title='bbox 809 380 908 450; x_wconf 83' lang='lat' dir='ltr'><strong>sedes</strong></span> <span class='ocrx_word' id='word_1_15' title='bbox 923 395 1083 452; x_wconf 87' lang='lat' dir='ltr'><strong>maneret</strong></span> <span class='ocrx_word' id='word_1_16' title='bbox 1098 373 1220 450; x_wconf 82' lang='lat' dir='ltr'><strong>Eccle-</strong></span> <span class='ocrx_word' id='word_1_17' title='bbox 1271 375 1497 464; x_wconf 89' lang='lat' dir='ltr'><strong>Pulcheriac,</strong></span> <span class='ocrx_word' id='word_1_18' title='bbox 1528 405 1620 474; x_wconf 86' lang='lat' dir='ltr'><strong>quae</strong></span> <span class='ocrx_word' id='word_1_19' title='bbox 1642 405 1723 452; x_wconf 91' lang='lat' dir='ltr'><strong>cum</strong></span> <span class='ocrx_word' id='word_1_20' title='bbox 1744 393 1833 452; x_wconf 87' lang='lat' dir='ltr'><strong>esset</strong></span> <span class='ocrx_word' id='word_1_21' title='bbox 1854 405 1956 456; x_wconf 90' lang='lat' dir='ltr'><strong>soror</strong></span> <span class='ocrx_word' id='word_1_22' title='bbox 1975 379 2183 468; x_wconf 73' lang='lat' dir='ltr'>Theodosii,</span> <span class='ocrx_word' id='word_1_23' title='bbox 2211 399 2240 458; x_wconf 89' lang='lat' dir='ltr'><strong>et</strong></span> 
     </span>
     <span class='ocr_line' id='line_1_3' title="bbox 233 477 2241 576; baseline 0 -21"><span class='ocrx_word' id='word_1_24' title='bbox 233 486 325 568; x_wconf 86' lang='lat' dir='ltr'><strong>siae,</strong></span> <span class='ocrx_word' id='word_1_25' title='bbox 351 481 415 553; x_wconf 92' lang='lat' dir='ltr'><strong>ubi</strong></span> <span class='ocrx_word' id='word_1_26' title='bbox 436 492 688 572; x_wconf 76' lang='lat' dir='ltr'><strong>propagaretur</strong></span> <span class='ocrx_word' id='word_1_27' title='bbox 710 480 870 551; x_wconf 90' lang='lat' dir='ltr'><strong>doctrina</strong></span> <span class='ocrx_word' id='word_1_28' title='bbox 894 482 1065 554; x_wconf 88' lang='lat' dir='ltr'><strong>coelestis.</strong></span> <span class='ocrx_word' id='word_1_29' title='bbox 1117 477 1221 572; x_wconf 89' lang='lat' dir='ltr'><strong>Opus</strong></span> <span class='ocrx_word' id='word_1_30' title='bbox 1272 496 1391 574; x_wconf 88' lang='lat' dir='ltr'><strong>postca</strong></span> <span class='ocrx_word' id='word_1_31' title='bbox 1409 479 1579 552; x_wconf 88' lang='lat' dir='ltr'><strong>Martiaui</strong></span> <span class='ocrx_word' id='word_1_32' title='bbox 1593 485 1766 568; x_wconf 86' lang='lat' dir='ltr'><strong>coniunx,</strong></span> <span class='ocrx_word' id='word_1_33' title='bbox 1791 498 1825 554; x_wconf 89' lang='lat' dir='ltr'><strong>et</strong></span> <span class='ocrx_word' id='word_1_34' title='bbox 1843 499 1986 576; x_wconf 91' lang='lat' dir='ltr'><strong>propter</strong></span> <span class='ocrx_word' id='word_1_35' title='bbox 2000 487 2156 554; x_wconf 79' lang='lat' dir='ltr'>eximiam</span> <span class='ocrx_word' id='word_1_36' title='bbox 2168 511 2241 576; x_wconf 91' lang='lat' dir='ltr'><strong>pru-</strong></span> 
     </span>
     <span class='ocr_line' id='line_1_4' title="bbox 234 583 2242 678; baseline 0 -22"><span class='ocrx_word' id='word_1_37' title='bbox 234 601 285 656; x_wconf 88' lang='lat' dir='ltr'><strong>est</strong></span> <span class='ocrx_word' id='word_1_38' title='bbox 306 609 388 676; x_wconf 89' lang='lat' dir='ltr'><strong>pace</strong></span> <span class='ocrx_word' id='word_1_39' title='bbox 410 605 483 652; x_wconf 91' lang='lat' dir='ltr'><strong>non</strong></span> <span class='ocrx_word' id='word_1_40' title='bbox 506 583 620 651; x_wconf 89' lang='lat' dir='ltr'><strong>solum</strong></span> <span class='ocrx_word' id='word_1_41' title='bbox 642 583 687 652; x_wconf 89' lang='lat' dir='ltr'><strong>ad</strong></span> <span class='ocrx_word' id='word_1_42' title='bbox 708 583 927 652; x_wconf 77' lang='lat' dir='ltr'><strong>educandam</strong></span> <span class='ocrx_word' id='word_1_43' title='bbox 950 583 1127 666; x_wconf 87' lang='lat' dir='ltr'><strong>sobolem,</strong></span> <span class='ocrx_word' id='word_1_44' title='bbox 1158 584 1219 652; x_wconf 88' lang='lat' dir='ltr'><strong>sed</strong></span> <span class='ocrx_word' id='word_1_45' title='bbox 1272 585 1428 654; x_wconf 79' lang='lat' dir='ltr'>dentiam</span> <span class='ocrx_word' id='word_1_46' title='bbox 1453 596 1486 652; x_wconf 90' lang='lat' dir='ltr'><strong>et</strong></span> <span class='ocrx_word' id='word_1_47' title='bbox 1510 585 1716 670; x_wconf 89' lang='lat' dir='ltr'><strong>gravitatem</strong></span> <span class='ocrx_word' id='word_1_48' title='bbox 1741 587 1934 676; x_wconf 88' lang='lat' dir='ltr'><strong>plurimum</strong></span> <span class='ocrx_word' id='word_1_49' title='bbox 1957 587 2105 678; x_wconf 91' lang='lat' dir='ltr'><strong>polleret</strong></span> <span class='ocrx_word' id='word_1_50' title='bbox 2123 589 2242 656; x_wconf 88' lang='lat' dir='ltr'><strong>autori-</strong></span> 
     </span>
     <span class='ocr_line' id='line_1_5' title="bbox 232 682 2244 778; baseline -0.001 -19"><span class='ocrx_word' id='word_1_51' title='bbox 232 689 337 760; x_wconf 85' lang='lat' dir='ltr'><strong>etiam</strong></span> <span class='ocrx_word' id='word_1_52' title='bbox 353 685 609 754; x_wconf 88' lang='lat' dir='ltr'><strong>adducendam</strong></span> <span class='ocrx_word' id='word_1_53' title='bbox 625 682 863 768; x_wconf 88' lang='lat' dir='ltr'><strong>iuventutem,</strong></span> <span class='ocrx_word' id='word_1_54' title='bbox 887 697 921 752; x_wconf 90' lang='lat' dir='ltr'><strong>et</strong></span> <span class='ocrx_word' id='word_1_55' title='bbox 937 683 1110 776; x_wconf 89' lang='lat' dir='ltr'><strong>reliquam</strong></span> <span class='ocrx_word' id='word_1_56' title='bbox 1126 685 1220 754; x_wconf 91' lang='lat' dir='ltr'><strong>mul·</strong></span> <span class='ocrx_word' id='word_1_57' title='bbox 1272 697 1363 766; x_wconf 87' lang='lat' dir='ltr'><strong>tate,</strong></span> <span class='ocrx_word' id='word_1_58' title='bbox 1389 705 1443 756; x_wconf 88' lang='lat' dir='ltr'><strong>res</strong></span> <span class='ocrx_word' id='word_1_59' title='bbox 1457 707 1498 752; x_wconf 92' lang='lat' dir='ltr'><strong>eo</strong></span> <span class='ocrx_word' id='word_1_60' title='bbox 1520 699 1677 776; x_wconf 89' lang='lat' dir='ltr'><strong>tempore</strong></span> <span class='ocrx_word' id='word_1_61' title='bbox 1699 688 1868 756; x_wconf 81' lang='lat' dir='ltr'><strong>maximas</strong></span> <span class='ocrx_word' id='word_1_62' title='bbox 1883 689 1980 758; x_wconf 91' lang='lat' dir='ltr'><strong>domi</strong></span> <span class='ocrx_word' id='word_1_63' title='bbox 2002 689 2168 778; x_wconf 80' lang='lat' dir='ltr'><strong>singulari</strong></span> <span class='ocrx_word' id='word_1_64' title='bbox 2182 690 2244 758; x_wconf 86' lang='lat' dir='ltr'><strong>vir-</strong></span> 
     </span>
     <span class='ocr_line' id='line_1_6' title="bbox 232 785 1590 875; baseline -0.005 -13"><span class='ocrx_word' id='word_1_65' title='bbox 232 789 440 866; x_wconf 89' lang='lat' dir='ltr'><strong>titudinem,</strong></span> <span class='ocrx_word' id='word_1_66' title='bbox 466 798 501 852; x_wconf 88' lang='lat' dir='ltr'><strong>et</strong></span> <span class='ocrx_word' id='word_1_67' title='bbox 520 786 566 852; x_wconf 92' lang='lat' dir='ltr'><strong>ad</strong></span> <span class='ocrx_word' id='word_1_68' title='bbox 588 785 796 874; x_wconf 80' lang='lat' dir='ltr'><strong>disciplinae</strong></span> <span class='ocrx_word' id='word_1_69' title='bbox 812 807 852 857; x_wconf 88' lang='lat' dir='ltr'><strong>ac</strong></span> <span class='ocrx_word' id='word_1_70' title='bbox 871 785 1054 875; x_wconf 82' lang='lat' dir='ltr'><strong>religionis</strong></span> <span class='ocrx_word' id='word_1_71' title='bbox 1077 809 1219 855; x_wconf 79' lang='lat' dir='ltr'><strong>conser—</strong></span> <span class='ocrx_word' id='word_1_72' title='bbox 1272 799 1345 857; x_wconf 90' lang='lat' dir='ltr'><strong>tute</strong></span> <span class='ocrx_word' id='word_1_73' title='bbox 1369 785 1590 874; x_wconf 81' lang='lat' dir='ltr'><strong>gubernavit.</strong></span> 
     </span>
     <span class='ocr_line' id='line_1_7' title="bbox 232 883 2298 984; baseline 0 -22"><span class='ocrx_word' id='word_1_74' title='bbox 232 892 420 962; x_wconf 74' lang='lat' dir='ltr'><strong>sationem.</strong></span> <span class='ocrx_word' id='word_1_75' title='bbox 471 885 547 956; x_wconf 91' lang='lat' dir='ltr'><strong>Hos</strong></span> <span class='ocrx_word' id='word_1_76' title='bbox 566 909 639 954; x_wconf 89' lang='lat' dir='ltr'><strong>esse</strong></span> <span class='ocrx_word' id='word_1_77' title='bbox 657 887 742 954; x_wconf 88' lang='lat' dir='ltr'><strong>lines</strong></span> <span class='ocrx_word' id='word_1_78' title='bbox 761 885 967 976; x_wconf 89' lang='lat' dir='ltr'><strong>praecipuos</strong></span> <span class='ocrx_word' id='word_1_79' title='bbox 988 887 1219 975; x_wconf 89' lang='lat' dir='ltr'><strong>gubernatio·</strong></span> <span class='ocrx_word' id='word_1_80' title='bbox 1375 883 1592 954; x_wconf 89' lang='lat' dir='ltr'><strong>Iustinianus</strong></span> <span class='ocrx_word' id='word_1_81' title='bbox 1611 887 1941 982; x_wconf 86' lang='lat' dir='ltr'><strong>deindeSynodum</strong></span> <span class='ocrx_word' id='word_1_82' title='bbox 1958 891 2104 960; x_wconf 90' lang='lat' dir='ltr'><strong>alteram</strong></span> <span class='ocrx_word' id='word_1_83' title='bbox 2119 887 2243 984; x_wconf 87' lang='lat' dir='ltr'><strong>Byzan·</strong></span> <span class='ocrx_word' id='word_1_84' title='bbox 2297 959 2298 962; x_wconf 74' lang='grc'>,</span> 
     </span>
     <span class='ocr_line' id='line_1_8' title="bbox 231 982 2245 1081; baseline -0.001 -18"><span class='ocrx_word' id='word_1_85' title='bbox 231 990 342 1066; x_wconf 79' lang='lat' dir='ltr'><strong>nisin</strong></span> <span class='ocrx_word' id='word_1_86' title='bbox 360 987 538 1080; x_wconf 88' lang='lat' dir='ltr'><strong>imperiis,</strong></span> <span class='ocrx_word' id='word_1_87' title='bbox 564 982 656 1054; x_wconf 92' lang='lat' dir='ltr'><strong>nibil</strong></span> <span class='ocrx_word' id='word_1_88' title='bbox 670 987 820 1056; x_wconf 90' lang='lat' dir='ltr'><strong>dubium</strong></span> <span class='ocrx_word' id='word_1_89' title='bbox 834 1001 896 1057; x_wconf 86' lang='lat' dir='ltr'><strong>est.</strong></span> <span class='ocrx_word' id='word_1_90' title='bbox 1271 987 1361 1058; x_wconf 91' lang='lat' dir='ltr'><strong>tium</strong></span> <span class='ocrx_word' id='word_1_91' title='bbox 1375 987 1592 1060; x_wconf 86' lang='lat' dir='ltr'><strong>convocavit.</strong></span> <span class='ocrx_word' id='word_1_92' title='bbox 1644 987 1742 1060; x_wconf 87' lang='lat' dir='ltr'>Idem</span> <span class='ocrx_word' id='word_1_93' title='bbox 1759 1013 1835 1058; x_wconf 91' lang='lat' dir='ltr'><strong>mos</strong></span> <span class='ocrx_word' id='word_1_94' title='bbox 1849 991 1917 1060; x_wconf 84' lang='lat' dir='ltr'><strong>fuit</strong></span> <span class='ocrx_word' id='word_1_95' title='bbox 1939 993 2005 1080; x_wconf 89' lang='lat' dir='ltr'><strong>piis</strong></span> <span class='ocrx_word' id='word_1_96' title='bbox 2021 989 2175 1081; x_wconf 84' lang='lat' dir='ltr'><strong>Regibus</strong></span> <span class='ocrx_word' id='word_1_97' title='bbox 2187 990 2245 1064; x_wconf 89' lang='lat' dir='ltr'><strong>Hi-</strong></span> 
     </span>
    </p>

    <p class='ocr_par' dir='ltr' id='par_1_3' title="bbox 231 1082 2245 1278">
     <span class='ocr_line' id='line_1_9' title="bbox 331 1082 2245 1185; baseline 0.001 -25"><span class='ocrx_word' id='word_1_98' title='bbox 331 1091 412 1162; x_wconf 90' lang='lat' dir='ltr'><strong>Siut</strong></span> <span class='ocrx_word' id='word_1_99' title='bbox 437 1113 521 1157; x_wconf 88' lang='lat' dir='ltr'><strong>sane</strong></span> <span class='ocrx_word' id='word_1_100' title='bbox 542 1089 661 1175; x_wconf 90' lang='lat' dir='ltr'><strong>magni</strong></span> <span class='ocrx_word' id='word_1_101' title='bbox 678 1102 710 1157; x_wconf 90' lang='lat' dir='ltr'><strong>et</strong></span> <span class='ocrx_word' id='word_1_102' title='bbox 730 1088 864 1157; x_wconf 89' lang='lat' dir='ltr'><strong>laudati</strong></span> <span class='ocrx_word' id='word_1_103' title='bbox 879 1086 992 1157; x_wconf 90' lang='lat' dir='ltr'><strong>Duces</strong></span> <span class='ocrx_word' id='word_1_104' title='bbox 1007 1082 1220 1171; x_wconf 81' lang='lat' dir='ltr'><strong>Alexander,</strong></span> <span class='ocrx_word' id='word_1_105' title='bbox 1272 1087 1424 1178; x_wconf 88' lang='lat' dir='ltr'><strong>spanicis</strong></span> <span class='ocrx_word' id='word_1_106' title='bbox 1449 1103 1483 1158; x_wconf 88' lang='lat' dir='ltr'><strong>et</strong></span> <span class='ocrx_word' id='word_1_107' title='bbox 1510 1085 1674 1174; x_wconf 85' lang='lat' dir='ltr'><strong>Gallicis,</strong></span> <span class='ocrx_word' id='word_1_108' title='bbox 1706 1115 1900 1160; x_wconf 88' lang='lat' dir='ltr'><strong>convocare</strong></span> <span class='ocrx_word' id='word_1_109' title='bbox 1927 1091 2091 1185; x_wconf 85' lang='lat' dir='ltr'><strong>Synodos</strong></span> <span class='ocrx_word' id='word_1_110' title='bbox 2124 1094 2160 1160; x_wconf 92' lang='lat' dir='ltr'><strong>in</strong></span> <span class='ocrx_word' id='word_1_111' title='bbox 2184 1094 2245 1162; x_wconf 89' lang='lat' dir='ltr'><strong>suis</strong></span> 
     </span>
     <span class='ocr_line' id='line_1_10' title="bbox 231 1189 2244 1278; baseline -0.001 -13"><span class='ocrx_word' id='word_1_112' title='bbox 231 1193 364 1277; x_wconf 91' lang='lat' dir='ltr'><strong>lulius,</strong></span> <span class='ocrx_word' id='word_1_113' title='bbox 395 1204 430 1260; x_wconf 90' lang='lat' dir='ltr'><strong>et</strong></span> <span class='ocrx_word' id='word_1_114' title='bbox 453 1191 527 1260; x_wconf 89' lang='lat' dir='ltr'><strong>alii.</strong></span> <span class='ocrx_word' id='word_1_115' title='bbox 579 1189 660 1258; x_wconf 88' lang='lat' dir='ltr'><strong>Sint</strong></span> <span class='ocrx_word' id='word_1_116' title='bbox 682 1189 933 1277; x_wconf 78' lang='lat' dir='ltr'><strong>gubernatores</strong></span> <span class='ocrx_word' id='word_1_117' title='bbox 955 1189 1139 1259; x_wconf 83' lang='lat' dir='ltr'><strong>domestici</strong></span> <span class='ocrx_word' id='word_1_118' title='bbox 1160 1213 1220 1258; x_wconf 82' lang='lat' dir='ltr'><strong>ex·</strong></span> <span class='ocrx_word' id='word_1_119' title='bbox 1272 1189 1406 1278; x_wconf 88' lang='lat' dir='ltr'><strong>regnis,</strong></span> <span class='ocrx_word' id='word_1_120' title='bbox 1439 1189 1544 1256; x_wconf 90' lang='lat' dir='ltr'><strong>etiam</strong></span> <span class='ocrx_word' id='word_1_121' title='bbox 1577 1213 1651 1258; x_wconf 89' lang='lat' dir='ltr'><strong>non</strong></span> <span class='ocrx_word' id='word_1_122' title='bbox 1686 1193 1848 1262; x_wconf 88' lang='lat' dir='ltr'><strong>consulto</strong></span> <span class='ocrx_word' id='word_1_123' title='bbox 1880 1190 2045 1264; x_wconf 89' lang='lat' dir='ltr'><strong>Romano</strong></span> <span class='ocrx_word' id='word_1_124' title='bbox 2079 1193 2244 1266; x_wconf 81' lang='lat' dir='ltr'><strong>Pontifice.</strong></span> 
     </span>
    </p>

    <p class='ocr_par' dir='ltr' id='par_1_4' title="bbox 123 1287 2246 1384">
     <span class='ocr_line' id='line_1_11' title="bbox 123 1287 2246 1384; baseline -0.003 -17"><span class='ocrx_word' id='word_1_125' title='bbox 123 1313 132 1342; x_wconf 66' lang='lat' dir='ltr'><strong>t</strong></span> <span class='ocrx_word' id='word_1_126' title='bbox 230 1297 396 1367; x_wconf 84' lang='lat' dir='ltr'><strong>callentes</strong></span> <span class='ocrx_word' id='word_1_127' title='bbox 410 1291 617 1384; x_wconf 91' lang='lat' dir='ltr'><strong>prudentia,</strong></span> <span class='ocrx_word' id='word_1_128' title='bbox 642 1288 773 1374; x_wconf 91' lang='lat' dir='ltr'><strong>Solon,</strong></span> <span class='ocrx_word' id='word_1_129' title='bbox 799 1287 997 1378; x_wconf 85' lang='lat' dir='ltr'><strong>Augustus3</strong></span> <span class='ocrx_word' id='word_1_130' title='bbox 1022 1291 1083 1359; x_wconf 89' lang='lat' dir='ltr'><strong>sed</strong></span> <span class='ocrx_word' id='word_1_131' title='bbox 1107 1291 1219 1360; x_wconf 92' lang='lat' dir='ltr'><strong>multo</strong></span> <span class='ocrx_word' id='word_1_132' title='bbox 1271 1289 1409 1358; x_wconf 89' lang='lat' dir='ltr'><strong>Norant</strong></span> <span class='ocrx_word' id='word_1_133' title='bbox 1432 1289 1527 1357; x_wconf 90' lang='lat' dir='ltr'><strong>euim</strong></span> <span class='ocrx_word' id='word_1_134' title='bbox 1559 1291 1705 1382; x_wconf 90' lang='lat' dir='ltr'><strong>imperia</strong></span> <span class='ocrx_word' id='word_1_135' title='bbox 1731 1293 1862 1362; x_wconf 87' lang='lat' dir='ltr'><strong>imitari</strong></span> <span class='ocrx_word' id='word_1_136' title='bbox 1887 1295 2015 1362; x_wconf 92' lang='lat' dir='ltr'><strong>debere</strong></span> <span class='ocrx_word' id='word_1_137' title='bbox 2037 1293 2246 1382; x_wconf 88' lang='lat' dir='ltr'><strong>Decalogum,</strong></span> 
     </span>
    </p>

    <p class='ocr_par' dir='ltr' id='par_1_5' title="bbox 130 1389 2246 1788">
     <span class='ocr_line' id='line_1_12' title="bbox 130 1389 2244 1486; baseline -0.003 -18"><span class='ocrx_word' id='word_1_138' title='bbox 130 1411 132 1419; x_wconf 90' lang='lat'>&#39;</span> <span class='ocrx_word' id='word_1_139' title='bbox 230 1408 346 1468; x_wconf 88' lang='lat' dir='ltr'><strong>essent</strong></span> <span class='ocrx_word' id='word_1_140' title='bbox 359 1394 414 1462; x_wconf 93' lang='lat' dir='ltr'><strong>illi</strong></span> <span class='ocrx_word' id='word_1_141' title='bbox 429 1392 497 1482; x_wconf 92' lang='lat' dir='ltr'><strong>ipsi</strong></span> <span class='ocrx_word' id='word_1_142' title='bbox 519 1389 686 1474; x_wconf 90' lang='lat' dir='ltr'><strong>maiores,</strong></span> <span class='ocrx_word' id='word_1_143' title='bbox 712 1391 743 1460; x_wconf 90' lang='lat' dir='ltr'><strong>si</strong></span> <span class='ocrx_word' id='word_1_144' title='bbox 761 1390 872 1482; x_wconf 91' lang='lat' dir='ltr'><strong>partis</strong></span> <span class='ocrx_word' id='word_1_145' title='bbox 885 1389 1062 1472; x_wconf 90' lang='lat' dir='ltr'><strong>victoriis,</strong></span> <span class='ocrx_word' id='word_1_146' title='bbox 1087 1390 1220 1460; x_wconf 87' lang='lat' dir='ltr'><strong>consti·</strong></span> <span class='ocrx_word' id='word_1_147' title='bbox 1272 1392 1333 1483; x_wconf 89' lang='lat' dir='ltr'><strong>qui</strong></span> <span class='ocrx_word' id='word_1_148' title='bbox 1357 1405 1397 1460; x_wconf 92' lang='lat' dir='ltr'><strong>ut</strong></span> <span class='ocrx_word' id='word_1_149' title='bbox 1418 1391 1574 1480; x_wconf 88' lang='lat' dir='ltr'><strong>primum</strong></span> <span class='ocrx_word' id='word_1_150' title='bbox 1595 1393 1826 1466; x_wconf 88' lang='lat' dir='ltr'><strong>concionatur</strong></span> <span class='ocrx_word' id='word_1_151' title='bbox 1842 1397 1886 1463; x_wconf 92' lang='lat' dir='ltr'><strong>de</strong></span> <span class='ocrx_word' id='word_1_152' title='bbox 1902 1398 2142 1464; x_wconf 88' lang='lat' dir='ltr'><strong>conservanda</strong></span> <span class='ocrx_word' id='word_1_153' title='bbox 2159 1395 2244 1486; x_wconf 89' lang='lat' dir='ltr'><strong>puri-</strong></span> 
     </span>
     <span class='ocr_line' id='line_1_13' title="bbox 229 1488 2244 1587; baseline -0.004 -16"><span class='ocrx_word' id='word_1_154' title='bbox 229 1499 316 1570; x_wconf 90' lang='lat' dir='ltr'><strong>tutis</strong></span> <span class='ocrx_word' id='word_1_155' title='bbox 339 1494 497 1586; x_wconf 89' lang='lat' dir='ltr'><strong>imperiis</strong></span> <span class='ocrx_word' id='word_1_156' title='bbox 519 1503 698 1562; x_wconf 88' lang='lat' dir='ltr'><strong>curassent</strong></span> <span class='ocrx_word' id='word_1_157' title='bbox 712 1488 827 1560; x_wconf 90' lang='lat' dir='ltr'><strong>Deum</strong></span> <span class='ocrx_word' id='word_1_158' title='bbox 851 1505 944 1560; x_wconf 89' lang='lat' dir='ltr'><strong>recte</strong></span> <span class='ocrx_word' id='word_1_159' title='bbox 959 1490 1139 1576; x_wconf 87' lang='lat' dir='ltr'><strong>invocari,</strong></span> <span class='ocrx_word' id='word_1_160' title='bbox 1162 1515 1219 1560; x_wconf 92' lang='lat' dir='ltr'><strong>ce·</strong></span> <span class='ocrx_word' id='word_1_161' title='bbox 1272 1505 1342 1562; x_wconf 88' lang='lat' dir='ltr'><strong>tate</strong></span> <span class='ocrx_word' id='word_1_162' title='bbox 1363 1490 1566 1580; x_wconf 84' lang='lat' dir='ltr'><strong>religionis,</strong></span> <span class='ocrx_word' id='word_1_163' title='bbox 1599 1493 1647 1568; x_wconf 86' lang='lat' dir='ltr'><strong>ita</strong></span> <span class='ocrx_word' id='word_1_164' title='bbox 1672 1492 1879 1586; x_wconf 85' lang='lat' dir='ltr'><strong>Principum</strong></span> <span class='ocrx_word' id='word_1_165' title='bbox 1903 1491 1994 1566; x_wconf 88' lang='lat' dir='ltr'><strong>banc</strong></span> <span class='ocrx_word' id='word_1_166' title='bbox 2013 1513 2086 1566; x_wconf 83' lang='lat' dir='ltr'><strong>esse</strong></span> <span class='ocrx_word' id='word_1_167' title='bbox 2109 1499 2244 1587; x_wconf 84' lang='lat' dir='ltr'><strong>primam</strong></span> 
     </span>
     <span class='ocr_line' id='line_1_14' title="bbox 228 1591 2246 1688; baseline -0.002 -17"><span class='ocrx_word' id='word_1_168' title='bbox 228 1597 379 1676; x_wconf 79' lang='lat' dir='ltr'><strong>lebrari,</strong></span> <span class='ocrx_word' id='word_1_169' title='bbox 405 1595 484 1667; x_wconf 92' lang='lat' dir='ltr'><strong>coli.</strong></span> <span class='ocrx_word' id='word_1_170' title='bbox 538 1592 579 1662; x_wconf 95' lang='lat' dir='ltr'><strong>ld</strong></span> <span class='ocrx_word' id='word_1_171' title='bbox 596 1593 780 1684; x_wconf 87' lang='lat' dir='ltr'><strong>praecipue</strong></span> <span class='ocrx_word' id='word_1_172' title='bbox 795 1591 930 1660; x_wconf 85' lang='lat' dir='ltr'><strong>efficere</strong></span> <span class='ocrx_word' id='word_1_173' title='bbox 951 1593 1067 1661; x_wconf 88' lang='lat' dir='ltr'><strong>bonus</strong></span> <span class='ocrx_word' id='word_1_174' title='bbox 1089 1593 1219 1681; x_wconf 85' lang='lat' dir='ltr'><strong>guber·</strong></span> <span class='ocrx_word' id='word_1_175' title='bbox 1271 1615 1391 1660; x_wconf 89' lang='lat' dir='ltr'><strong>curam</strong></span> <span class='ocrx_word' id='word_1_176' title='bbox 1406 1605 1556 1684; x_wconf 86' lang='lat' dir='ltr'><strong>oportet.</strong></span> <span class='ocrx_word' id='word_1_177' title='bbox 1605 1593 1800 1684; x_wconf 88' lang='lat' dir='ltr'><strong>Decalogus</strong></span> <span class='ocrx_word' id='word_1_178' title='bbox 1820 1597 1914 1664; x_wconf 89' lang='lat' dir='ltr'><strong>enim</strong></span> <span class='ocrx_word' id='word_1_179' title='bbox 1935 1613 1987 1667; x_wconf 91' lang='lat' dir='ltr'><strong>est</strong></span> <span class='ocrx_word' id='word_1_180' title='bbox 2002 1599 2116 1666; x_wconf 87' lang='lat' dir='ltr'><strong>forma</strong></span> <span class='ocrx_word' id='word_1_181' title='bbox 2133 1597 2205 1688; x_wconf 92' lang='lat' dir='ltr'><strong>piae</strong></span> <span class='ocrx_word' id='word_1_182' title='bbox 2219 1608 2246 1666; x_wconf 85' lang='lat' dir='ltr'><strong>et</strong></span> 
     </span>
     <span class='ocr_line' id='line_1_15' title="bbox 229 1687 2245 1788; baseline -0.003 -16"><span class='ocrx_word' id='word_1_183' title='bbox 229 1715 335 1772; x_wconf 89' lang='lat' dir='ltr'><strong>nator</strong></span> <span class='ocrx_word' id='word_1_184' title='bbox 349 1699 465 1776; x_wconf 90' lang='lat' dir='ltr'><strong>dehet,</strong></span> <span class='ocrx_word' id='word_1_185' title='bbox 491 1695 581 1764; x_wconf 89' lang='lat' dir='ltr'><strong>sicut</strong></span> <span class='ocrx_word' id='word_1_186' title='bbox 596 1695 712 1762; x_wconf 91' lang='lat' dir='ltr'><strong>bonus</strong></span> <span class='ocrx_word' id='word_1_187' title='bbox 728 1693 977 1783; x_wconf 85' lang='lat' dir='ltr'><strong>paterfamilias</strong></span> <span class='ocrx_word' id='word_1_188' title='bbox 992 1717 1066 1762; x_wconf 91' lang='lat' dir='ltr'><strong>nou</strong></span> <span class='ocrx_word' id='word_1_189' title='bbox 1081 1707 1218 1764; x_wconf 90' lang='lat' dir='ltr'><strong>tautum</strong></span> <span class='ocrx_word' id='word_1_190' title='bbox 1272 1687 1439 1762; x_wconf 82' lang='lat' dir='ltr'><strong>honestae</strong></span> <span class='ocrx_word' id='word_1_191' title='bbox 1465 1695 1742 1781; x_wconf 87' lang='lat' dir='ltr'><strong>gubernationis.</strong></span> <span class='ocrx_word' id='word_1_192' title='bbox 1794 1693 1900 1766; x_wconf 82' lang='lat' dir='ltr'><strong>Extat</strong></span> <span class='ocrx_word' id='word_1_193' title='bbox 1920 1700 2014 1788; x_wconf 88' lang='lat' dir='ltr'><strong>apud</strong></span> <span class='ocrx_word' id='word_1_194' title='bbox 2032 1695 2245 1768; x_wconf 87' lang='lat' dir='ltr'><strong>Aristotelem</strong></span> 
     </span>
    </p>

    <p class='ocr_par' dir='ltr' id='par_1_6' title="bbox 111 1791 2248 3105">
     <span class='ocr_line' id='line_1_16' title="bbox 111 1791 2246 1898; baseline -0.003 -26"><span class='ocrx_word' id='word_1_195' title='bbox 111 1800 112 1804; x_wconf 61' lang='grc'>’</span> <span class='ocrx_word' id='word_1_196' title='bbox 229 1823 398 1898; x_wconf 87' lang='lat' dir='ltr'><strong>quaerere</strong></span> <span class='ocrx_word' id='word_1_197' title='bbox 412 1795 666 1888; x_wconf 91' lang='lat' dir='ltr'><strong>patrimonium</strong></span> <span class='ocrx_word' id='word_1_198' title='bbox 681 1793 803 1864; x_wconf 91' lang='lat' dir='ltr'><strong>liberis</strong></span> <span class='ocrx_word' id='word_1_199' title='bbox 816 1795 932 1878; x_wconf 88' lang='lat' dir='ltr'><strong>debet,</strong></span> <span class='ocrx_word' id='word_1_200' title='bbox 951 1794 1129 1863; x_wconf 88' lang='lat' dir='ltr'><strong>sedetiam</strong></span> <span class='ocrx_word' id='word_1_201' title='bbox 1146 1809 1217 1865; x_wconf 86' lang='lat' dir='ltr'><strong>tra·</strong></span> <span class='ocrx_word' id='word_1_202' title='bbox 1271 1793 1429 1862; x_wconf 87' lang='lat' dir='ltr'><strong>definitio</strong></span> <span class='ocrx_word' id='word_1_203' title='bbox 1446 1791 1674 1884; x_wconf 88' lang='lat' dir='ltr'><strong>Magistratus</strong></span> <span class='ocrx_word' id='word_1_204' title='bbox 1688 1797 1922 1866; x_wconf 88' lang='lat' dir='ltr'><strong>eruditissime</strong></span> <span class='ocrx_word' id='word_1_205' title='bbox 1938 1801 2100 1888; x_wconf 89' lang='lat' dir='ltr'><strong>cogitata,</strong></span> <span class='ocrx_word' id='word_1_206' title='bbox 2124 1813 2157 1868; x_wconf 90' lang='lat' dir='ltr'><strong>et</strong></span> <span class='ocrx_word' id='word_1_207' title='bbox 2170 1799 2246 1866; x_wconf 92' lang='lat' dir='ltr'><strong>mira</strong></span> 
     </span>
     <span class='ocr_line' id='line_1_17' title="bbox 229 1894 2246 1988; baseline -0.001 -14"><span class='ocrx_word' id='word_1_208' title='bbox 229 1908 311 1974; x_wconf 89' lang='lat' dir='ltr'><strong>dere</strong></span> <span class='ocrx_word' id='word_1_209' title='bbox 332 1899 401 1970; x_wconf 87' lang='lat' dir='ltr'><strong>Dei</strong></span> <span class='ocrx_word' id='word_1_210' title='bbox 423 1897 610 1976; x_wconf 89' lang='lat' dir='ltr'><strong>noticiam,</strong></span> <span class='ocrx_word' id='word_1_211' title='bbox 643 1909 678 1964; x_wconf 90' lang='lat' dir='ltr'><strong>et</strong></span> <span class='ocrx_word' id='word_1_212' title='bbox 700 1917 817 1964; x_wconf 91' lang='lat' dir='ltr'><strong>mores</strong></span> <span class='ocrx_word' id='word_1_213' title='bbox 841 1917 964 1963; x_wconf 92' lang='lat' dir='ltr'><strong>eorum</strong></span> <span class='ocrx_word' id='word_1_214' title='bbox 987 1917 1118 1983; x_wconf 89' lang='lat' dir='ltr'><strong>regere.</strong></span> <span class='ocrx_word' id='word_1_215' title='bbox 1168 1894 1219 1967; x_wconf 88' lang='lat' dir='ltr'><strong>Ut</strong></span> <span class='ocrx_word' id='word_1_216' title='bbox 1270 1895 1483 1986; x_wconf 88' lang='lat' dir='ltr'><strong>proprietate</strong></span> <span class='ocrx_word' id='word_1_217' title='bbox 1498 1919 1538 1963; x_wconf 91' lang='lat' dir='ltr'><strong>ac</strong></span> <span class='ocrx_word' id='word_1_218' title='bbox 1554 1897 1724 1967; x_wconf 87' lang='lat' dir='ltr'><strong>brevitate</strong></span> <span class='ocrx_word' id='word_1_219' title='bbox 1741 1901 1975 1988; x_wconf 89' lang='lat' dir='ltr'><strong>complectens</strong></span> <span class='ocrx_word' id='word_1_220' title='bbox 1989 1901 2107 1969; x_wconf 88' lang='lat' dir='ltr'><strong>officia</strong></span> <span class='ocrx_word' id='word_1_221' title='bbox 2129 1899 2246 1972; x_wconf 89' lang='lat' dir='ltr'><strong>omnia.</strong></span> 
     </span>
     <span class='ocr_line' id='line_1_18' title="bbox 228 1995 2246 2092; baseline -0.004 -16"><span class='ocrx_word' id='word_1_222' title='bbox 228 2019 346 2076; x_wconf 82' lang='lat' dir='ltr'><strong>autem</strong></span> <span class='ocrx_word' id='word_1_223' title='bbox 369 2000 472 2092; x_wconf 91' lang='lat' dir='ltr'><strong>pauci</strong></span> <span class='ocrx_word' id='word_1_224' title='bbox 490 1996 754 2088; x_wconf 91' lang='lat' dir='ltr'><strong>patresfamilias</strong></span> <span class='ocrx_word' id='word_1_225' title='bbox 769 1996 888 2065; x_wconf 89' lang='lat' dir='ltr'><strong>omnia</strong></span> <span class='ocrx_word' id='word_1_226' title='bbox 906 2018 968 2063; x_wconf 89' lang='lat' dir='ltr'><strong>sua</strong></span> <span class='ocrx_word' id='word_1_227' title='bbox 991 1997 1105 2066; x_wconf 89' lang='lat' dir='ltr'><strong>officia</strong></span> <span class='ocrx_word' id='word_1_228' title='bbox 1121 2020 1218 2066; x_wconf 89' lang='lat' dir='ltr'><strong>com·</strong></span> <span class='ocrx_word' id='word_1_229' title='bbox 1272 1995 1393 2087; x_wconf 86' lang='lat' dir='ltr'><strong>lnquit</strong></span> <span class='ocrx_word' id='word_1_230' title='bbox 1427 1996 1521 2063; x_wconf 90' lang='lat' dir='ltr'><strong>enim</strong></span> <span class='ocrx_word' id='word_1_231' title='bbox 1558 1995 1802 2085; x_wconf 82' lang='lat' dir='ltr'><strong>Magistratum</strong></span> <span class='ocrx_word' id='word_1_232' title='bbox 1838 2023 1909 2068; x_wconf 88' lang='lat' dir='ltr'><strong>esse</strong></span> <span class='ocrx_word' id='word_1_233' title='bbox 1942 2003 2126 2070; x_wconf 89' lang='lat' dir='ltr'><strong>custodem</strong></span> <span class='ocrx_word' id='word_1_234' title='bbox 2161 2001 2246 2088; x_wconf 87' lang='lat' dir='ltr'><strong>legis.</strong></span> 
     </span>
     <span class='ocr_line' id='line_1_19' title="bbox 228 2092 2246 2200; baseline -0.004 -25"><span class='ocrx_word' id='word_1_235' title='bbox 228 2107 450 2200; x_wconf 88' lang='lat' dir='ltr'><strong>plectuntur,</strong></span> <span class='ocrx_word' id='word_1_236' title='bbox 482 2100 530 2168; x_wconf 89' lang='lat' dir='ltr'><strong>ita</strong></span> <span class='ocrx_word' id='word_1_237' title='bbox 563 2097 668 2190; x_wconf 92' lang='lat' dir='ltr'><strong>pauci</strong></span> <span class='ocrx_word' id='word_1_238' title='bbox 699 2095 882 2186; x_wconf 88' lang='lat' dir='ltr'><strong>Principes</strong></span> <span class='ocrx_word' id='word_1_239' title='bbox 912 2096 951 2164; x_wconf 91' lang='lat' dir='ltr'><strong>in</strong></span> <span class='ocrx_word' id='word_1_240' title='bbox 985 2092 1054 2166; x_wconf 89' lang='lat' dir='ltr'><strong>hoc</strong></span> <span class='ocrx_word' id='word_1_241' title='bbox 1077 2121 1217 2167; x_wconf 89' lang='lat' dir='ltr'><strong>summo</strong></span> <span class='ocrx_word' id='word_1_242' title='bbox 1269 2092 1364 2186; x_wconf 85' lang='lat' dir='ltr'><strong>Ergo</strong></span> <span class='ocrx_word' id='word_1_243' title='bbox 1384 2119 1464 2164; x_wconf 91' lang='lat' dir='ltr'><strong>cum</strong></span> <span class='ocrx_word' id='word_1_244' title='bbox 1489 2097 1596 2166; x_wconf 92' lang='lat' dir='ltr'><strong>totius</strong></span> <span class='ocrx_word' id='word_1_245' title='bbox 1618 2099 1704 2186; x_wconf 90' lang='lat' dir='ltr'><strong>legis</strong></span> <span class='ocrx_word' id='word_1_246' title='bbox 1723 2115 1839 2168; x_wconf 90' lang='lat' dir='ltr'><strong>custos</strong></span> <span class='ocrx_word' id='word_1_247' title='bbox 1860 2100 1923 2182; x_wconf 87' lang='lat' dir='ltr'><strong>sit,</strong></span> <span class='ocrx_word' id='word_1_248' title='bbox 1951 2102 2162 2170; x_wconf 89' lang='lat' dir='ltr'><strong>tuerietiam</strong></span> <span class='ocrx_word' id='word_1_249' title='bbox 2183 2101 2246 2190; x_wconf 90' lang='lat' dir='ltr'><strong>pri-</strong></span> 
     </span>
     <span class='ocr_line' id='line_1_20' title="bbox 228 2191 2246 2299; baseline -0.005 -19"><span class='ocrx_word' id='word_1_250' title='bbox 228 2231 334 2299; x_wconf 84' lang='lat' dir='ltr'><strong>opere</strong></span> <span class='ocrx_word' id='word_1_251' title='bbox 350 2205 543 2273; x_wconf 87' lang='lat' dir='ltr'><strong>elaborant.</strong></span> <span class='ocrx_word' id='word_1_252' title='bbox 594 2195 690 2270; x_wconf 88' lang='lat' dir='ltr'><strong>Rara</strong></span> <span class='ocrx_word' id='word_1_253' title='bbox 708 2210 759 2266; x_wconf 86' lang='lat' dir='ltr'><strong>est</strong></span> <span class='ocrx_word' id='word_1_254' title='bbox 781 2191 867 2266; x_wconf 90' lang='lat' dir='ltr'><strong>haec</strong></span> <span class='ocrx_word' id='word_1_255' title='bbox 886 2197 1072 2288; x_wconf 83' lang='lat' dir='ltr'><strong>perfectio,</strong></span> <span class='ocrx_word' id='word_1_256' title='bbox 1098 2213 1139 2270; x_wconf 86' lang='lat' dir='ltr'><strong>ut</strong></span> <span class='ocrx_word' id='word_1_257' title='bbox 1159 2222 1217 2268; x_wconf 90' lang='lat' dir='ltr'><strong>ra-</strong></span> <span class='ocrx_word' id='word_1_258' title='bbox 1269 2221 1364 2266; x_wconf 91' lang='lat' dir='ltr'><strong>mam</strong></span> <span class='ocrx_word' id='word_1_259' title='bbox 1381 2193 1547 2287; x_wconf 86' lang='lat' dir='ltr'><strong>Decologi</strong></span> <span class='ocrx_word' id='word_1_260' title='bbox 1562 2199 1717 2268; x_wconf 91' lang='lat' dir='ltr'><strong>tabulam</strong></span> <span class='ocrx_word' id='word_1_261' title='bbox 1734 2201 1888 2272; x_wconf 90' lang='lat' dir='ltr'><strong>debebit.</strong></span> <span class='ocrx_word' id='word_1_262' title='bbox 1942 2199 2016 2270; x_wconf 91' lang='lat' dir='ltr'><strong>lam</strong></span> <span class='ocrx_word' id='word_1_263' title='bbox 2036 2226 2119 2271; x_wconf 91' lang='lat' dir='ltr'><strong>cum</strong></span> <span class='ocrx_word' id='word_1_264' title='bbox 2141 2203 2246 2272; x_wconf 78' lang='lat' dir='ltr'><strong>&#39;extent</strong></span> 
     </span>
     <span class='ocr_line' id='line_1_21' title="bbox 229 2297 2246 2393; baseline -0.005 -12"><span class='ocrx_word' id='word_1_265' title='bbox 229 2333 289 2382; x_wconf 88' lang='lat' dir='ltr'><strong>rae</strong></span> <span class='ocrx_word' id='word_1_266' title='bbox 304 2319 387 2378; x_wconf 89' lang='lat' dir='ltr'><strong>sunt</strong></span> <span class='ocrx_word' id='word_1_267' title='bbox 400 2325 555 2393; x_wconf 89' lang='lat' dir='ltr'><strong>gemmae</strong></span> <span class='ocrx_word' id='word_1_268' title='bbox 571 2301 665 2368; x_wconf 90' lang='lat' dir='ltr'><strong>inter</strong></span> <span class='ocrx_word' id='word_1_269' title='bbox 681 2313 834 2369; x_wconf 86' lang='lat' dir='ltr'><strong>caeteros</strong></span> <span class='ocrx_word' id='word_1_270' title='bbox 855 2297 1002 2390; x_wconf 92' lang='lat' dir='ltr'><strong>lapides.</strong></span> <span class='ocrx_word' id='word_1_271' title='bbox 1056 2299 1216 2372; x_wconf 89' lang='lat' dir='ltr'><strong>Subinde</strong></span> <span class='ocrx_word' id='word_1_272' title='bbox 1269 2298 1425 2388; x_wconf 83' lang='lat' dir='ltr'><strong>exempla</strong></span> <span class='ocrx_word' id='word_1_273' title='bbox 1449 2299 1589 2388; x_wconf 90' lang='lat' dir='ltr'><strong>piorum</strong></span> <span class='ocrx_word' id='word_1_274' title='bbox 1606 2297 1763 2390; x_wconf 85' lang='lat' dir='ltr'><strong>Regum,</strong></span> <span class='ocrx_word' id='word_1_275' title='bbox 1787 2325 1867 2372; x_wconf 91' lang='lat' dir='ltr'><strong>cum</strong></span> <span class='ocrx_word' id='word_1_276' title='bbox 1888 2315 2100 2391; x_wconf 84' lang='lat' dir='ltr'><strong>argumenta</strong></span> <span class='ocrx_word' id='word_1_277' title='bbox 2122 2303 2246 2391; x_wconf 85' lang='lat' dir='ltr'><strong>gravis-</strong></span> 
     </span>
     <span class='ocr_line' id='line_1_22' title="bbox 227 2397 2248 2498; baseline -0.006 -16"><span class='ocrx_word' id='word_1_278' title='bbox 227 2427 347 2482; x_wconf 87' lang='lat' dir='ltr'><strong>tamen</strong></span> <span class='ocrx_word' id='word_1_279' title='bbox 372 2406 510 2498; x_wconf 88' lang='lat' dir='ltr'><strong>aliquos</strong></span> <span class='ocrx_word' id='word_1_280' title='bbox 542 2402 669 2472; x_wconf 83' lang='lat' dir='ltr'><strong>excitat</strong></span> <span class='ocrx_word' id='word_1_281' title='bbox 691 2399 787 2470; x_wconf 90' lang='lat' dir='ltr'><strong>Deus</strong></span> <span class='ocrx_word' id='word_1_282' title='bbox 809 2397 941 2485; x_wconf 86' lang='lat' dir='ltr'><strong>Duces,</strong></span> <span class='ocrx_word' id='word_1_283' title='bbox 973 2413 1034 2470; x_wconf 93' lang='lat' dir='ltr'><strong>aut</strong></span> <span class='ocrx_word' id='word_1_284' title='bbox 1052 2401 1217 2492; x_wconf 88' lang='lat' dir='ltr'><strong>politicos</strong></span> <span class='ocrx_word' id='word_1_285' title='bbox 1268 2399 1356 2470; x_wconf 90' lang='lat' dir='ltr'><strong>sima</strong></span> <span class='ocrx_word' id='word_1_286' title='bbox 1380 2401 1598 2490; x_wconf 87' lang='lat' dir='ltr'><strong>praecipiant</strong></span> <span class='ocrx_word' id='word_1_287' title='bbox 1618 2399 1777 2492; x_wconf 89' lang='lat' dir='ltr'><strong>Regibus</strong></span> <span class='ocrx_word' id='word_1_288' title='bbox 1805 2427 1997 2472; x_wconf 86' lang='lat' dir='ltr'><strong>convocare</strong></span> <span class='ocrx_word' id='word_1_289' title='bbox 2017 2402 2197 2498; x_wconf 89' lang='lat' dir='ltr'><strong>Synodos‚</strong></span> <span class='ocrx_word' id='word_1_290' title='bbox 2220 2413 2248 2471; x_wconf 87' lang='lat' dir='ltr'><strong>et</strong></span> 
     </span>
     <span class='ocr_line' id='line_1_23' title="bbox 227 2499 2247 2600; baseline -0.005 -19"><span class='ocrx_word' id='word_1_291' title='bbox 227 2515 341 2592; x_wconf 88' lang='lat' dir='ltr'><strong>viros,</strong></span> <span class='ocrx_word' id='word_1_292' title='bbox 367 2507 523 2600; x_wconf 89' lang='lat' dir='ltr'><strong>quisuas</strong></span> <span class='ocrx_word' id='word_1_293' title='bbox 543 2503 698 2570; x_wconf 89' lang='lat' dir='ltr'><strong>actiones</strong></span> <span class='ocrx_word' id='word_1_294' title='bbox 718 2504 763 2570; x_wconf 90' lang='lat' dir='ltr'><strong>ad</strong></span> <span class='ocrx_word' id='word_1_295' title='bbox 782 2523 904 2569; x_wconf 89' lang='lat' dir='ltr'><strong>verum</strong></span> <span class='ocrx_word' id='word_1_296' title='bbox 921 2502 1026 2570; x_wconf 90' lang='lat' dir='ltr'><strong>linem</strong></span> <span class='ocrx_word' id='word_1_297' title='bbox 1050 2503 1216 2574; x_wconf 84' lang='lat' dir='ltr'><strong>referunt.</strong></span> <span class='ocrx_word' id='word_1_298' title='bbox 1269 2499 1480 2570; x_wconf 88' lang='lat' dir='ltr'><strong>constituere</strong></span> <span class='ocrx_word' id='word_1_299' title='bbox 1522 2502 1654 2572; x_wconf 85' lang='lat' dir='ltr'><strong>iudicia</strong></span> <span class='ocrx_word' id='word_1_300' title='bbox 1695 2503 1942 2588; x_wconf 89' lang='lat' dir='ltr'><strong>ecclesiastica,</strong></span> <span class='ocrx_word' id='word_1_301' title='bbox 1987 2527 2062 2572; x_wconf 89' lang='lat' dir='ltr'><strong>non</strong></span> <span class='ocrx_word' id='word_1_302' title='bbox 2101 2502 2247 2574; x_wconf 85' lang='lat' dir='ltr'><strong>dubitari</strong></span> 
     </span>
     <span class='ocr_line' id='line_1_24' title="bbox 229 2598 2247 2696; baseline -0.005 -12"><span class='ocrx_word' id='word_1_303' title='bbox 229 2613 336 2684; x_wconf 84' lang='lat' dir='ltr'><strong>Tales</strong></span> <span class='ocrx_word' id='word_1_304' title='bbox 349 2611 495 2678; x_wconf 85' lang='lat' dir='ltr'><strong>fuerunt</strong></span> <span class='ocrx_word' id='word_1_305' title='bbox 510 2598 649 2694; x_wconf 86' lang='lat' dir='ltr'><strong>loseph,</strong></span> <span class='ocrx_word' id='word_1_306' title='bbox 676 2601 805 2683; x_wconf 90' lang='lat' dir='ltr'><strong>David,</strong></span> <span class='ocrx_word' id='word_1_307' title='bbox 832 2599 959 2686; x_wconf 78' lang='lat' dir='ltr'><strong>loaisa,</strong></span> <span class='ocrx_word' id='word_1_308' title='bbox 983 2616 1017 2673; x_wconf 88' lang='lat' dir='ltr'><strong>et</strong></span> <span class='ocrx_word' id='word_1_309' title='bbox 1031 2603 1125 2672; x_wconf 88' lang='lat' dir='ltr'><strong>inter</strong></span> <span class='ocrx_word' id='word_1_310' title='bbox 1137 2625 1216 2671; x_wconf 87' lang='lat' dir='ltr'><strong>mo·</strong></span> <span class='ocrx_word' id='word_1_311' title='bbox 1269 2614 1401 2692; x_wconf 89' lang='lat' dir='ltr'><strong>potest,</strong></span> <span class='ocrx_word' id='word_1_312' title='bbox 1427 2603 1522 2694; x_wconf 92' lang='lat' dir='ltr'><strong>quod</strong></span> <span class='ocrx_word' id='word_1_313' title='bbox 1538 2603 1584 2672; x_wconf 88' lang='lat' dir='ltr'><strong>sit</strong></span> <span class='ocrx_word' id='word_1_314' title='bbox 1601 2601 1757 2674; x_wconf 91' lang='lat' dir='ltr'><strong>Romani</strong></span> <span class='ocrx_word' id='word_1_315' title='bbox 1773 2602 1999 2694; x_wconf 89' lang='lat' dir='ltr'><strong>Imperatoris</strong></span> <span class='ocrx_word' id='word_1_316' title='bbox 2015 2599 2085 2674; x_wconf 91' lang='lat' dir='ltr'><strong>hoc</strong></span> <span class='ocrx_word' id='word_1_317' title='bbox 2100 2620 2247 2696; x_wconf 88' lang='lat' dir='ltr'><strong>tempore</strong></span> 
     </span>
     <span class='ocr_line' id='line_1_25' title="bbox 226 2697 2247 2800; baseline -0.005 -17"><span class='ocrx_word' id='word_1_318' title='bbox 226 2709 377 2796; x_wconf 70' lang='lat' dir='ltr'><strong>marchas</strong></span> <span class='ocrx_word' id='word_1_319' title='bbox 392 2705 518 2800; x_wconf 88' lang='lat' dir='ltr'><strong>Cyrus,</strong></span> <span class='ocrx_word' id='word_1_320' title='bbox 543 2701 810 2786; x_wconf 83' lang='lat' dir='ltr'><strong>Constantinus,</strong></span> <span class='ocrx_word' id='word_1_321' title='bbox 836 2697 1074 2789; x_wconf 87' lang='lat' dir='ltr'><strong>Theodosius,</strong></span> <span class='ocrx_word' id='word_1_322' title='bbox 1099 2717 1134 2774; x_wconf 90' lang='lat' dir='ltr'><strong>et</strong></span> <span class='ocrx_word' id='word_1_323' title='bbox 1153 2703 1216 2772; x_wconf 92' lang='lat' dir='ltr'><strong>alii</strong></span> <span class='ocrx_word' id='word_1_324' title='bbox 1268 2703 1435 2772; x_wconf 85' lang='lat' dir='ltr'><strong>officium.</strong></span> <span class='ocrx_word' id='word_1_325' title='bbox 1486 2703 1624 2774; x_wconf 87' lang='lat' dir='ltr'><strong>Sentiat</strong></span> <span class='ocrx_word' id='word_1_326' title='bbox 1648 2703 1757 2792; x_wconf 84' lang='lat' dir='ltr'><strong>igitur</strong></span> <span class='ocrx_word' id='word_1_327' title='bbox 1779 2700 1847 2773; x_wconf 90' lang='lat' dir='ltr'><strong>hoc</strong></span> <span class='ocrx_word' id='word_1_328' title='bbox 1868 2719 2005 2794; x_wconf 88' lang='lat' dir='ltr'><strong>gratum</strong></span> <span class='ocrx_word' id='word_1_329' title='bbox 2021 2703 2100 2775; x_wconf 88' lang='lat' dir='ltr'><strong>Deo</strong></span> <span class='ocrx_word' id='word_1_330' title='bbox 2126 2705 2247 2775; x_wconf 87' lang='lat' dir='ltr'><strong>sacrifi-</strong></span> 
     </span>
     <span class='ocr_line' id='line_1_26' title="bbox 226 2803 2247 2908; baseline -0.005 -23"><span class='ocrx_word' id='word_1_331' title='bbox 226 2817 384 2908; x_wconf 88' lang='lat' dir='ltr'><strong>quidam.</strong></span> <span class='ocrx_word' id='word_1_332' title='bbox 422 2806 561 2878; x_wconf 87' lang='lat' dir='ltr'><strong>Horum</strong></span> <span class='ocrx_word' id='word_1_333' title='bbox 579 2805 945 2895; x_wconf 81' lang='lat' dir='ltr'><strong>exemplanotasunt.</strong></span> <span class='ocrx_word' id='word_1_334' title='bbox 989 2803 1132 2892; x_wconf 89' lang='lat' dir='ltr'><strong>Quanta</strong></span> <span class='ocrx_word' id='word_1_335' title='bbox 1148 2805 1216 2874; x_wconf 84' lang='lat' dir='ltr'><strong>tuis</strong></span> <span class='ocrx_word' id='word_1_336' title='bbox 1268 2803 1475 2887; x_wconf 86' lang='lat' dir='ltr'><strong>ciumlore,</strong></span> <span class='ocrx_word' id='word_1_337' title='bbox 1500 2804 1531 2874; x_wconf 88' lang='lat' dir='ltr'><strong>si</strong></span> <span class='ocrx_word' id='word_1_338' title='bbox 1549 2828 1644 2872; x_wconf 91' lang='lat' dir='ltr'><strong>nunc</strong></span> <span class='ocrx_word' id='word_1_339' title='bbox 1671 2819 1763 2877; x_wconf 89' lang='lat' dir='ltr'><strong>recte</strong></span> <span class='ocrx_word' id='word_1_340' title='bbox 1789 2807 1977 2876; x_wconf 91' lang='lat' dir='ltr'><strong>diiudicari</strong></span> <span class='ocrx_word' id='word_1_341' title='bbox 1999 2807 2247 2877; x_wconf 88' lang='lat' dir='ltr'><strong>controversias</strong></span> 
     </span>
     <span class='ocr_line' id='line_1_27' title="bbox 227 2901 2248 3000; baseline -0.006 -13"><span class='ocrx_word' id='word_1_342' title='bbox 227 2915 337 2987; x_wconf 88' lang='lat' dir='ltr'><strong>animi</strong></span> <span class='ocrx_word' id='word_1_343' title='bbox 356 2910 527 2982; x_wconf 90' lang='lat' dir='ltr'><strong>celsitudo</strong></span> <span class='ocrx_word' id='word_1_344' title='bbox 551 2909 589 2976; x_wconf 92' lang='lat' dir='ltr'><strong>in</strong></span> <span class='ocrx_word' id='word_1_345' title='bbox 606 2905 859 2986; x_wconf 89' lang='lat' dir='ltr'><strong>Constantino,</strong></span> <span class='ocrx_word' id='word_1_346' title='bbox 886 2905 949 2998; x_wconf 92' lang='lat' dir='ltr'><strong>qui</strong></span> <span class='ocrx_word' id='word_1_347' title='bbox 968 2930 1049 2975; x_wconf 91' lang='lat' dir='ltr'><strong>cum</strong></span> <span class='ocrx_word' id='word_1_348' title='bbox 1068 2901 1216 2976; x_wconf 89' lang='lat' dir='ltr'><strong>haberet</strong></span> <span class='ocrx_word' id='word_1_349' title='bbox 1267 2904 1532 2990; x_wconf 78' lang='lat' dir='ltr'><strong>ecclesiasticas,</strong></span> <span class='ocrx_word' id='word_1_350' title='bbox 1557 2919 1592 2975; x_wconf 92' lang='lat' dir='ltr'><strong>et</strong></span> <span class='ocrx_word' id='word_1_351' title='bbox 1607 2905 1735 2974; x_wconf 89' lang='lat' dir='ltr'><strong>sanciri</strong></span> <span class='ocrx_word' id='word_1_352' title='bbox 1752 2905 1976 3000; x_wconf 90' lang='lat' dir='ltr'><strong>disciplinam</strong></span> <span class='ocrx_word' id='word_1_353' title='bbox 1993 2923 2107 2980; x_wconf 89' lang='lat' dir='ltr'><strong>curet.</strong></span> <span class='ocrx_word' id='word_1_354' title='bbox 2145 2907 2248 3000; x_wconf 91' lang='lat' dir='ltr'><strong>ldque</strong></span> 
     </span>
     <span class='ocr_line' id='line_1_28' title="bbox 226 3003 2247 3105; baseline -0.006 -16"><span class='ocrx_word' id='word_1_355' title='bbox 226 3019 377 3105; x_wconf 88' lang='lat' dir='ltr'><strong>collegas</strong></span> <span class='ocrx_word' id='word_1_356' title='bbox 393 3011 556 3080; x_wconf 90' lang='lat' dir='ltr'><strong>inimicos</strong></span> <span class='ocrx_word' id='word_1_357' title='bbox 569 3003 773 3078; x_wconf 89' lang='lat' dir='ltr'><strong>Christiano</strong></span> <span class='ocrx_word' id='word_1_358' title='bbox 790 3007 948 3092; x_wconf 90' lang='lat' dir='ltr'><strong>nomini,</strong></span> <span class='ocrx_word' id='word_1_359' title='bbox 973 3007 1068 3076; x_wconf 85' lang='lat' dir='ltr'><strong>viros</strong></span> <span class='ocrx_word' id='word_1_360' title='bbox 1083 3007 1215 3076; x_wconf 86' lang='lat' dir='ltr'><strong>acerri-</strong></span> <span class='ocrx_word' id='word_1_361' title='bbox 1266 3005 1297 3076; x_wconf 91' lang='lat' dir='ltr'><strong>si</strong></span> <span class='ocrx_word' id='word_1_362' title='bbox 1320 3029 1393 3072; x_wconf 92' lang='lat' dir='ltr'><strong>non</strong></span> <span class='ocrx_word' id='word_1_363' title='bbox 1422 3007 1564 3091; x_wconf 89' lang='lat' dir='ltr'><strong>fecerit,</strong></span> <span class='ocrx_word' id='word_1_364' title='bbox 1598 3007 1751 3096; x_wconf 87' lang='lat' dir='ltr'><strong>graviter</strong></span> <span class='ocrx_word' id='word_1_365' title='bbox 1773 3007 1907 3076; x_wconf 79' lang='lat' dir='ltr'><strong>offendi</strong></span> <span class='ocrx_word' id='word_1_366' title='bbox 1929 3010 2148 3078; x_wconf 89' lang='lat' dir='ltr'><strong>voluntatem</strong></span> <span class='ocrx_word' id='word_1_367' title='bbox 2171 3007 2247 3078; x_wconf 79' lang='lat' dir='ltr'><strong>Deis</strong></span> 
     </span>
    </p>

    <p class='ocr_par' dir='ltr' id='par_1_7' title="bbox 143 3103 2249 3504">
     <span class='ocr_line' id='line_1_29' title="bbox 143 3103 2249 3204; baseline -0.002 -21"><span class='ocrx_word' id='word_1_368' title='bbox 143 3179 145 3183; x_wconf 87' lang='lat'><strong>.</strong></span> <span class='ocrx_word' id='word_1_369' title='bbox 225 3143 323 3202; x_wconf 91' lang='lat' dir='ltr'><strong>mos,</strong></span> <span class='ocrx_word' id='word_1_370' title='bbox 353 3128 389 3184; x_wconf 91' lang='lat' dir='ltr'><strong>et</strong></span> <span class='ocrx_word' id='word_1_371' title='bbox 410 3113 599 3182; x_wconf 89' lang='lat' dir='ltr'><strong>instructos</strong></span> <span class='ocrx_word' id='word_1_372' title='bbox 620 3109 796 3199; x_wconf 88' lang='lat' dir='ltr'><strong>potentia,</strong></span> <span class='ocrx_word' id='word_1_373' title='bbox 821 3103 925 3202; x_wconf 90' lang='lat' dir='ltr'><strong>(nam</strong></span> <span class='ocrx_word' id='word_1_374' title='bbox 942 3107 1057 3176; x_wconf 90' lang='lat' dir='ltr'><strong>maior</strong></span> <span class='ocrx_word' id='word_1_375' title='bbox 1074 3107 1215 3199; x_wconf 86' lang='lat' dir='ltr'><strong>imperii</strong></span> <span class='ocrx_word' id='word_1_376' title='bbox 1267 3107 1472 3196; x_wconf 87' lang='lat' dir='ltr'><strong>praesertim</strong></span> <span class='ocrx_word' id='word_1_377' title='bbox 1488 3131 1567 3176; x_wconf 90' lang='lat' dir='ltr'><strong>cum</strong></span> <span class='ocrx_word' id='word_1_378' title='bbox 1583 3109 1746 3178; x_wconf 88' lang='lat' dir='ltr'><strong>videatur</strong></span> <span class='ocrx_word' id='word_1_379' title='bbox 1767 3123 1926 3178; x_wconf 90' lang='lat' dir='ltr'><strong>secutura</strong></span> <span class='ocrx_word' id='word_1_380' title='bbox 1948 3110 2088 3178; x_wconf 89' lang='lat' dir='ltr'><strong>infinita</strong></span> <span class='ocrx_word' id='word_1_381' title='bbox 2104 3111 2249 3204; x_wconf 51' lang='lat' dir='ltr'><strong>dissipa-¹</strong></span> 
     </span>
     <span class='ocr_line' id='line_1_30' title="bbox 225 3203 2246 3312; baseline -0.005 -22"><span class='ocrx_word' id='word_1_382' title='bbox 225 3241 307 3312; x_wconf 90' lang='lat' dir='ltr'><strong>pars</strong></span> <span class='ocrx_word' id='word_1_383' title='bbox 330 3210 447 3286; x_wconf 92' lang='lat' dir='ltr'><strong>adhuc</strong></span> <span class='ocrx_word' id='word_1_384' title='bbox 471 3207 725 3288; x_wconf 79' lang='lat' dir='ltr'><strong>adhorrebata</strong></span> <span class='ocrx_word' id='word_1_385' title='bbox 745 3204 879 3278; x_wconf 90' lang='lat' dir='ltr'><strong>Christi</strong></span> <span class='ocrx_word' id='word_1_386' title='bbox 898 3205 1098 3303; x_wconf 86' lang='lat' dir='ltr'><strong>doctrina),</strong></span> <span class='ocrx_word' id='word_1_387' title='bbox 1120 3230 1214 3280; x_wconf 91' lang='lat' dir='ltr'><strong>unus</strong></span> <span class='ocrx_word' id='word_1_388' title='bbox 1266 3209 1315 3278; x_wconf 92' lang='lat' dir='ltr'><strong>tio</strong></span> <span class='ocrx_word' id='word_1_389' title='bbox 1336 3221 1370 3276; x_wconf 87' lang='lat' dir='ltr'><strong>ct</strong></span> <span class='ocrx_word' id='word_1_390' title='bbox 1388 3207 1528 3276; x_wconf 88' lang='lat' dir='ltr'><strong>vastitas</strong></span> <span class='ocrx_word' id='word_1_391' title='bbox 1548 3203 1744 3294; x_wconf 85' lang='lat' dir='ltr'><strong>Ecclesiae,</strong></span> <span class='ocrx_word' id='word_1_392' title='bbox 1769 3223 1803 3278; x_wconf 88' lang='lat' dir='ltr'><strong>et</strong></span> <span class='ocrx_word' id='word_1_393' title='bbox 1826 3233 1964 3280; x_wconf 92' lang='lat' dir='ltr'><strong>morum</strong></span> <span class='ocrx_word' id='word_1_394' title='bbox 1979 3211 2160 3295; x_wconf 87' lang='lat' dir='ltr'><strong>confusio,</strong></span> <span class='ocrx_word' id='word_1_395' title='bbox 2183 3209 2246 3279; x_wconf 90' lang='lat' dir='ltr'><strong>nisi</strong></span> 
     </span>
     <span class='ocr_line' id='line_1_31' title="bbox 225 3308 2222 3410; baseline -0.005 -19"><span class='ocrx_word' id='word_1_396' title='bbox 225 3347 262 3391; x_wconf 89' lang='lat' dir='ltr'><strong>se</strong></span> <span class='ocrx_word' id='word_1_397' title='bbox 287 3316 452 3410; x_wconf 91' lang='lat' dir='ltr'><strong>opposuit</strong></span> <span class='ocrx_word' id='word_1_398' title='bbox 473 3313 545 3380; x_wconf 91' lang='lat' dir='ltr'><strong>illis</strong></span> <span class='ocrx_word' id='word_1_399' title='bbox 566 3311 803 3400; x_wconf 84' lang='lat' dir='ltr'><strong>grassantibus</strong></span> <span class='ocrx_word' id='word_1_400' title='bbox 825 3311 864 3377; x_wconf 92' lang='lat' dir='ltr'><strong>in</strong></span> <span class='ocrx_word' id='word_1_401' title='bbox 880 3310 975 3400; x_wconf 91' lang='lat' dir='ltr'><strong>pios,</strong></span> <span class='ocrx_word' id='word_1_402' title='bbox 1001 3311 1215 3399; x_wconf 87' lang='lat' dir='ltr'><strong>compescuit</strong></span> <span class='ocrx_word' id='word_1_403' title='bbox 1266 3332 1347 3378; x_wconf 86' lang='lat' dir='ltr'><strong>vera</strong></span> <span class='ocrx_word' id='word_1_404' title='bbox 1363 3323 1396 3377; x_wconf 91' lang='lat' dir='ltr'><strong>et</strong></span> <span class='ocrx_word' id='word_1_405' title='bbox 1411 3308 1576 3376; x_wconf 90' lang='lat' dir='ltr'><strong>salutaria</strong></span> <span class='ocrx_word' id='word_1_406' title='bbox 1598 3311 1752 3378; x_wconf 85' lang='lat' dir='ltr'><strong>remedia</strong></span> <span class='ocrx_word' id='word_1_407' title='bbox 1769 3311 1808 3378; x_wconf 92' lang='lat' dir='ltr'><strong>in</strong></span> <span class='ocrx_word' id='word_1_408' title='bbox 1826 3325 1983 3402; x_wconf 89' lang='lat' dir='ltr'><strong>tempore</strong></span> <span class='ocrx_word' id='word_1_409' title='bbox 1998 3325 2222 3404; x_wconf 87' lang='lat' dir='ltr'><strong>quaerantur.</strong></span> 
     </span>
     <span class='ocr_line' id='line_1_32' title="bbox 224 3407 2245 3504; baseline -0.006 -10"><span class='ocrx_word' id='word_1_410' title='bbox 224 3411 424 3498; x_wconf 84' lang='lat' dir='ltr'><strong>saeviciam,</strong></span> <span class='ocrx_word' id='word_1_411' title='bbox 440 3428 558 3504; x_wconf 88' lang='lat' dir='ltr'><strong>postea</strong></span> <span class='ocrx_word' id='word_1_412' title='bbox 576 3412 699 3481; x_wconf 88' lang='lat' dir='ltr'><strong>deletis</strong></span> <span class='ocrx_word' id='word_1_413' title='bbox 715 3411 886 3504; x_wconf 89' lang='lat' dir='ltr'><strong>tyrannis,</strong></span> <span class='ocrx_word' id='word_1_414' title='bbox 900 3411 1013 3480; x_wconf 87' lang='lat' dir='ltr'><strong>vetuit</strong></span> <span class='ocrx_word' id='word_1_415' title='bbox 1026 3411 1213 3480; x_wconf 88' lang='lat' dir='ltr'><strong>sacrificari</strong></span> <span class='ocrx_word' id='word_1_416' title='bbox 1366 3407 1523 3478; x_wconf 89' lang='lat' dir='ltr'><strong>Haerent</strong></span> <span class='ocrx_word' id='word_1_417' title='bbox 1534 3422 1667 3479; x_wconf 88' lang='lat' dir='ltr'><strong>veteres</strong></span> <span class='ocrx_word' id='word_1_418' title='bbox 1685 3413 1801 3480; x_wconf 90' lang='lat' dir='ltr'><strong>morbi</strong></span> <span class='ocrx_word' id='word_1_419' title='bbox 1822 3412 1861 3478; x_wconf 93' lang='lat' dir='ltr'><strong>in</strong></span> <span class='ocrx_word' id='word_1_420' title='bbox 1878 3409 2033 3482; x_wconf 87' lang='lat' dir='ltr'><strong>Ecclesia</strong></span> <span class='ocrx_word' id='word_1_421' title='bbox 2059 3414 2182 3497; x_wconf 91' lang='lat' dir='ltr'><strong>multi,</strong></span> <span class='ocrx_word' id='word_1_422' title='bbox 2205 3413 2245 3482; x_wconf 92' lang='lat' dir='ltr'><strong>ad</strong></span> 
     </span>
    </p>

    <p class='ocr_par' dir='ltr' id='par_1_8' title="bbox 171 3505 2246 3799">
     <span class='ocr_line' id='line_1_33' title="bbox 171 3505 2246 3606; baseline -0.005 -11"><span class='ocrx_word' id='word_1_423' title='bbox 171 3525 183 3582; x_wconf 76' lang='lat' dir='ltr'><strong>l</strong></span> <span class='ocrx_word' id='word_1_424' title='bbox 223 3523 347 3606; x_wconf 82' lang='lat' dir='ltr'><strong>idolis,</strong></span> <span class='ocrx_word' id='word_1_425' title='bbox 377 3514 471 3588; x_wconf 90' lang='lat' dir='ltr'><strong>nibil</strong></span> <span class='ocrx_word' id='word_1_426' title='bbox 504 3529 664 3584; x_wconf 88' lang='lat' dir='ltr'><strong>metuens</strong></span> <span class='ocrx_word' id='word_1_427' title='bbox 698 3512 779 3581; x_wconf 89' lang='lat' dir='ltr'><strong>odia</strong></span> <span class='ocrx_word' id='word_1_428' title='bbox 812 3525 930 3582; x_wconf 84' lang='lat' dir='ltr'><strong>tantae</strong></span> <span class='ocrx_word' id='word_1_429' title='bbox 963 3512 1214 3597; x_wconf 90' lang='lat' dir='ltr'><strong>multitudinis,</strong></span> <span class='ocrx_word' id='word_1_430' title='bbox 1265 3505 1347 3595; x_wconf 89' lang='lat' dir='ltr'><strong>bos,</strong></span> <span class='ocrx_word' id='word_1_431' title='bbox 1375 3525 1414 3582; x_wconf 93' lang='lat' dir='ltr'><strong>ut</strong></span> <span class='ocrx_word' id='word_1_432' title='bbox 1426 3509 1465 3579; x_wconf 87' lang='lat' dir='ltr'><strong>bt</strong></span> <span class='ocrx_word' id='word_1_433' title='bbox 1480 3509 1519 3578; x_wconf 89' lang='lat' dir='ltr'><strong>iu</strong></span> <span class='ocrx_word' id='word_1_434' title='bbox 1532 3511 1737 3592; x_wconf 90' lang='lat' dir='ltr'><strong>discordiis,</strong></span> <span class='ocrx_word' id='word_1_435' title='bbox 1764 3511 1868 3582; x_wconf 91' lang='lat' dir='ltr'><strong>etiam</strong></span> <span class='ocrx_word' id='word_1_436' title='bbox 1893 3511 1980 3582; x_wconf 88' lang='lat' dir='ltr'><strong>novi</strong></span> <span class='ocrx_word' id='word_1_437' title='bbox 1994 3513 2142 3606; x_wconf 91' lang='lat' dir='ltr'><strong>quidam</strong></span> <span class='ocrx_word' id='word_1_438' title='bbox 2157 3537 2246 3584; x_wconf 90' lang='lat' dir='ltr'><strong>accc·</strong></span> 
     </span>
     <span class='ocr_line' id='line_1_34' title="bbox 224 3607 2244 3720; baseline -0.007 -25"><span class='ocrx_word' id='word_1_439' title='bbox 224 3649 315 3720; x_wconf 89' lang='lat' dir='ltr'><strong>quae</strong></span> <span class='ocrx_word' id='word_1_440' title='bbox 333 3617 567 3708; x_wconf 88' lang='lat' dir='ltr'><strong>Evangelium</strong></span> <span class='ocrx_word' id='word_1_441' title='bbox 584 3615 820 3686; x_wconf 89' lang='lat' dir='ltr'><strong>aversabatur.</strong></span> <span class='ocrx_word' id='word_1_442' title='bbox 867 3611 1213 3704; x_wconf 88' lang='lat' dir='ltr'><strong>ldemposteaseda·</strong></span> <span class='ocrx_word' id='word_1_443' title='bbox 1265 3614 1366 3682; x_wconf 92' lang='lat' dir='ltr'><strong>dunt.</strong></span> <span class='ocrx_word' id='word_1_444' title='bbox 1413 3607 1508 3698; x_wconf 88' lang='lat' dir='ltr'><strong>Ergo</strong></span> <span class='ocrx_word' id='word_1_445' title='bbox 1533 3611 1571 3678; x_wconf 91' lang='lat' dir='ltr'><strong>in</strong></span> <span class='ocrx_word' id='word_1_446' title='bbox 1592 3611 1775 3704; x_wconf 90' lang='lat' dir='ltr'><strong>utriusque</strong></span> <span class='ocrx_word' id='word_1_447' title='bbox 1797 3613 1907 3704; x_wconf 89' lang='lat' dir='ltr'><strong>partis</strong></span> <span class='ocrx_word' id='word_1_448' title='bbox 1930 3616 2081 3704; x_wconf 88' lang='lat' dir='ltr'><strong>negotiis</strong></span> <span class='ocrx_word' id='word_1_449' title='bbox 2099 3617 2244 3685; x_wconf 89' lang='lat' dir='ltr'><strong>delectus</strong></span> 
     </span>
     <span class='ocr_line' id='line_1_35' title="bbox 225 3710 2244 3799; baseline -0.007 -1"><span class='ocrx_word' id='word_1_450' title='bbox 225 3729 271 3798; x_wconf 88' lang='lat' dir='ltr'><strong>tis</strong></span> <span class='ocrx_word' id='word_1_451' title='bbox 294 3723 459 3795; x_wconf 87' lang='lat' dir='ltr'><strong>civilibus</strong></span> <span class='ocrx_word' id='word_1_452' title='bbox 474 3717 598 3799; x_wconf 89' lang='lat' dir='ltr'><strong>bellis,</strong></span> <span class='ocrx_word' id='word_1_453' title='bbox 624 3716 729 3783; x_wconf 91' lang='lat' dir='ltr'><strong>etiam</strong></span> <span class='ocrx_word' id='word_1_454' title='bbox 743 3713 886 3782; x_wconf 88' lang='lat' dir='ltr'><strong>sustulit</strong></span> <span class='ocrx_word' id='word_1_455' title='bbox 901 3714 1135 3784; x_wconf 90' lang='lat' dir='ltr'><strong>dissensiones</strong></span> <span class='ocrx_word' id='word_1_456' title='bbox 1155 3739 1212 3784; x_wconf 87' lang='lat' dir='ltr'><strong>ec-</strong></span> <span class='ocrx_word' id='word_1_457' title='bbox 1263 3710 1488 3782; x_wconf 88' lang='lat' dir='ltr'><strong>adhibendus</strong></span> <span class='ocrx_word' id='word_1_458' title='bbox 1506 3725 1565 3782; x_wconf 89' lang='lat' dir='ltr'><strong>est.</strong></span> <span class='ocrx_word' id='word_1_459' title='bbox 1616 3711 1690 3782; x_wconf 90' lang='lat' dir='ltr'><strong>Nec</strong></span> <span class='ocrx_word' id='word_1_460' title='bbox 1705 3728 1787 3785; x_wconf 86' lang='lat' dir='ltr'><strong>sunt</strong></span> <span class='ocrx_word' id='word_1_461' title='bbox 1809 3715 1916 3784; x_wconf 90' lang='lat' dir='ltr'><strong>armis</strong></span> <span class='ocrx_word' id='word_1_462' title='bbox 1934 3716 2143 3786; x_wconf 88' lang='lat' dir='ltr'><strong>stabiliendi</strong></span> <span class='ocrx_word' id='word_1_463' title='bbox 2156 3729 2244 3786; x_wconf 89' lang='lat' dir='ltr'><strong>vete-</strong></span> 
     </span>
    </p>

    <p class='ocr_par' dir='ltr' id='par_1_9' title="bbox 191 3813 2300 5424">
     <span class='ocr_line' id='line_1_36' title="bbox 191 3813 2243 3911; baseline -0.007 -12"><span class='ocrx_word' id='word_1_464' title='bbox 191 3817 193 3821; x_wconf 26' lang='lat'>*</span> <span class='ocrx_word' id='word_1_465' title='bbox 222 3824 442 3902; x_wconf 87' lang='lat' dir='ltr'><strong>clesiasticas,</strong></span> <span class='ocrx_word' id='word_1_466' title='bbox 468 3829 657 3887; x_wconf 89' lang='lat' dir='ltr'><strong>convocata</strong></span> <span class='ocrx_word' id='word_1_467' title='bbox 673 3813 833 3907; x_wconf 89' lang='lat' dir='ltr'><strong>Synodo,</strong></span> <span class='ocrx_word' id='word_1_468' title='bbox 858 3816 1213 3901; x_wconf 85' lang='lat' dir='ltr'><strong>necadsuittantum,</strong></span> <span class='ocrx_word' id='word_1_469' title='bbox 1264 3838 1319 3882; x_wconf 90' lang='lat' dir='ltr'><strong>res</strong></span> <span class='ocrx_word' id='word_1_470' title='bbox 1342 3815 1491 3892; x_wconf 90' lang='lat' dir='ltr'><strong>abusus,</strong></span> <span class='ocrx_word' id='word_1_471' title='bbox 1518 3815 1578 3882; x_wconf 86' lang='lat' dir='ltr'><strong>sed</strong></span> <span class='ocrx_word' id='word_1_472' title='bbox 1602 3816 1787 3903; x_wconf 90' lang='lat' dir='ltr'><strong>praecedat</strong></span> <span class='ocrx_word' id='word_1_473' title='bbox 1800 3839 1883 3884; x_wconf 88' lang='lat' dir='ltr'><strong>vera</strong></span> <span class='ocrx_word' id='word_1_474' title='bbox 1898 3817 2125 3902; x_wconf 89' lang='lat' dir='ltr'><strong>diiudicatio,</strong></span> <span class='ocrx_word' id='word_1_475' title='bbox 2151 3839 2243 3911; x_wconf 88' lang='lat' dir='ltr'><strong>qnae,</strong></span> 
     </span>
     <span class='ocr_line' id='line_1_37' title="bbox 223 3913 2300 4014; baseline -0.004 -17"><span class='ocrx_word' id='word_1_476' title='bbox 223 3943 264 3998; x_wconf 90' lang='lat' dir='ltr'><strong>ut</strong></span> <span class='ocrx_word' id='word_1_477' title='bbox 279 3929 352 3994; x_wconf 90' lang='lat' dir='ltr'><strong>vim</strong></span> <span class='ocrx_word' id='word_1_478' title='bbox 367 3917 570 4014; x_wconf 88' lang='lat' dir='ltr'><strong>prohiberet</strong></span> <span class='ocrx_word' id='word_1_479' title='bbox 586 3917 679 3986; x_wconf 87' lang='lat' dir='ltr'><strong>inter</strong></span> <span class='ocrx_word' id='word_1_480' title='bbox 692 3929 819 4005; x_wconf 89' lang='lat' dir='ltr'><strong>partes,</strong></span> <span class='ocrx_word' id='word_1_481' title='bbox 840 3916 900 3982; x_wconf 91' lang='lat' dir='ltr'><strong>sed</strong></span> <span class='ocrx_word' id='word_1_482' title='bbox 916 3915 1107 4006; x_wconf 89' lang='lat' dir='ltr'><strong>disputavit</strong></span> <span class='ocrx_word' id='word_1_483' title='bbox 1124 3915 1212 4006; x_wconf 88' lang='lat' dir='ltr'><strong>ipse,</strong></span> <span class='ocrx_word' id='word_1_484' title='bbox 1264 3915 1423 3984; x_wconf 89' lang='lat' dir='ltr'><strong>simodo</strong></span> <span class='ocrx_word' id='word_1_485' title='bbox 1448 3915 1532 3984; x_wconf 87' lang='lat' dir='ltr'><strong>velit</strong></span> <span class='ocrx_word' id='word_1_486' title='bbox 1557 3913 1768 4004; x_wconf 90' lang='lat' dir='ltr'><strong>Imperator,</strong></span> <span class='ocrx_word' id='word_1_487' title='bbox 1794 3917 2041 4004; x_wconf 42' lang='lat' dir='ltr'><strong>nondillicilis,</strong></span> <span class='ocrx_word' id='word_1_488' title='bbox 2060 3935 2123 3990; x_wconf 87' lang='lat' dir='ltr'><strong>est.</strong></span> <span class='ocrx_word' id='word_1_489' title='bbox 2172 3915 2243 3989; x_wconf 87' lang='lat' dir='ltr'><strong>Ad·</strong></span> <span class='ocrx_word' id='word_1_490' title='bbox 2299 3915 2300 3980; x_wconf 75' lang='lat' dir='ltr'><strong>l</strong></span> 
     </span>
     <span class='ocr_line' id='line_1_38' title="bbox 225 4011 2243 4112; baseline -0.006 -12"><span class='ocrx_word' id='word_1_491' title='bbox 225 4045 260 4100; x_wconf 87' lang='lat' dir='ltr'><strong>et</strong></span> <span class='ocrx_word' id='word_1_492' title='bbox 276 4028 457 4097; x_wconf 87' lang='lat' dir='ltr'><strong>veritatem</strong></span> <span class='ocrx_word' id='word_1_493' title='bbox 473 4019 607 4112; x_wconf 92' lang='lat' dir='ltr'><strong>inquiri</strong></span> <span class='ocrx_word' id='word_1_494' title='bbox 624 4017 746 4089; x_wconf 90' lang='lat' dir='ltr'><strong>voluit.</strong></span> <span class='ocrx_word' id='word_1_495' title='bbox 795 4014 885 4084; x_wconf 91' lang='lat' dir='ltr'><strong>Nam</strong></span> <span class='ocrx_word' id='word_1_496' title='bbox 901 4040 980 4086; x_wconf 92' lang='lat' dir='ltr'><strong>cum</strong></span> <span class='ocrx_word' id='word_1_497' title='bbox 997 4015 1135 4108; x_wconf 89' lang='lat' dir='ltr'><strong>Synodi</strong></span> <span class='ocrx_word' id='word_1_498' title='bbox 1158 4029 1212 4086; x_wconf 90' lang='lat' dir='ltr'><strong>to-</strong></span> <span class='ocrx_word' id='word_1_499' title='bbox 1263 4015 1608 4086; x_wconf 88' lang='lat' dir='ltr'><strong>liciaturmiscrrima</strong></span> <span class='ocrx_word' id='word_1_500' title='bbox 1621 4011 1799 4088; x_wconf 89' lang='lat' dir='ltr'><strong>Ecclesiae</strong></span> <span class='ocrx_word' id='word_1_501' title='bbox 1814 4018 1945 4108; x_wconf 79' lang='lat' dir='ltr'><strong>specie:</strong></span> <span class='ocrx_word' id='word_1_502' title='bbox 1968 4020 2145 4090; x_wconf 88' lang='lat' dir='ltr'><strong>discordia</strong></span> <span class='ocrx_word' id='word_1_503' title='bbox 2158 4019 2243 4112; x_wconf 89' lang='lat' dir='ltr'><strong>parit</strong></span> 
     </span>
     <span class='ocr_line' id='line_1_39' title="bbox 224 4114 2242 4210; baseline -0.007 -8"><span class='ocrx_word' id='word_1_504' title='bbox 224 4133 295 4202; x_wconf 91' lang='lat' dir='ltr'><strong>tius</strong></span> <span class='ocrx_word' id='word_1_505' title='bbox 312 4125 486 4197; x_wconf 89' lang='lat' dir='ltr'><strong>Ecclesiae</strong></span> <span class='ocrx_word' id='word_1_506' title='bbox 505 4119 634 4190; x_wconf 91' lang='lat' dir='ltr'><strong>iudicia</strong></span> <span class='ocrx_word' id='word_1_507' title='bbox 650 4119 739 4198; x_wconf 88' lang='lat' dir='ltr'><strong>sint,</strong></span> <span class='ocrx_word' id='word_1_508' title='bbox 765 4141 839 4185; x_wconf 90' lang='lat' dir='ltr'><strong>nou</strong></span> <span class='ocrx_word' id='word_1_509' title='bbox 859 4129 997 4187; x_wconf 88' lang='lat' dir='ltr'><strong>tantum</strong></span> <span class='ocrx_word' id='word_1_510' title='bbox 1016 4114 1211 4208; x_wconf 88' lang='lat' dir='ltr'><strong>Episcopo·</strong></span> <span class='ocrx_word' id='word_1_511' title='bbox 1262 4117 1302 4185; x_wconf 93' lang='lat' dir='ltr'><strong>in</strong></span> <span class='ocrx_word' id='word_1_512' title='bbox 1322 4131 1471 4210; x_wconf 85' lang='lat' dir='ltr'><strong>utraque</strong></span> <span class='ocrx_word' id='word_1_513' title='bbox 1496 4131 1594 4208; x_wconf 88' lang='lat' dir='ltr'><strong>parte</strong></span> <span class='ocrx_word' id='word_1_514' title='bbox 1627 4117 1821 4210; x_wconf 91' lang='lat' dir='ltr'><strong>plurimum</strong></span> <span class='ocrx_word' id='word_1_515' title='bbox 1846 4117 2031 4206; x_wconf 85' lang='lat' dir='ltr'><strong>vitiorum,</strong></span> <span class='ocrx_word' id='word_1_516' title='bbox 2065 4123 2242 4192; x_wconf 85' lang='lat' dir='ltr'><strong>confirmat</strong></span> 
     </span>
     <span class='ocr_line' id='line_1_40' title="bbox 224 4215 2242 4313; baseline -0.005 -14"><span class='ocrx_word' id='word_1_517' title='bbox 224 4256 323 4310; x_wconf 86' lang='lat' dir='ltr'><strong>rum,</strong></span> <span class='ocrx_word' id='word_1_518' title='bbox 345 4224 568 4298; x_wconf 88' lang='lat' dir='ltr'><strong>concedenda</strong></span> <span class='ocrx_word' id='word_1_519' title='bbox 583 4233 665 4290; x_wconf 89' lang='lat' dir='ltr'><strong>sunt</strong></span> <span class='ocrx_word' id='word_1_520' title='bbox 679 4219 846 4313; x_wconf 81' lang='lat' dir='ltr'><strong>suffragia</strong></span> <span class='ocrx_word' id='word_1_521' title='bbox 862 4219 966 4287; x_wconf 92' lang='lat' dir='ltr'><strong>etiam</strong></span> <span class='ocrx_word' id='word_1_522' title='bbox 983 4218 1062 4287; x_wconf 89' lang='lat' dir='ltr'><strong>aliis</strong></span> <span class='ocrx_word' id='word_1_523' title='bbox 1086 4221 1154 4310; x_wconf 89' lang='lat' dir='ltr'><strong>piis</strong></span> <span class='ocrx_word' id='word_1_524' title='bbox 1177 4233 1211 4290; x_wconf 90' lang='lat' dir='ltr'><strong>ct</strong></span> <span class='ocrx_word' id='word_1_525' title='bbox 1262 4221 1445 4289; x_wconf 90' lang='lat' dir='ltr'><strong>andaciam</strong></span> <span class='ocrx_word' id='word_1_526' title='bbox 1463 4217 1502 4286; x_wconf 92' lang='lat' dir='ltr'><strong>in</strong></span> <span class='ocrx_word' id='word_1_527' title='bbox 1518 4219 1629 4288; x_wconf 89' lang='lat' dir='ltr'><strong>malis.</strong></span> <span class='ocrx_word' id='word_1_528' title='bbox 1681 4215 1782 4288; x_wconf 92' lang='lat' dir='ltr'><strong>Alibi</strong></span> <span class='ocrx_word' id='word_1_529' title='bbox 1798 4219 2021 4290; x_wconf 89' lang='lat' dir='ltr'><strong>trucidantur</strong></span> <span class='ocrx_word' id='word_1_530' title='bbox 2038 4221 2091 4312; x_wconf 93' lang='lat' dir='ltr'><strong>pii</strong></span> <span class='ocrx_word' id='word_1_531' title='bbox 2114 4236 2148 4294; x_wconf 90' lang='lat' dir='ltr'><strong>et</strong></span> <span class='ocrx_word' id='word_1_532' title='bbox 2168 4243 2242 4290; x_wconf 81' lang='lat' dir='ltr'><strong>eru·</strong></span> 
     </span>
     <span class='ocr_line' id='line_1_41' title="bbox 224 4319 2241 4419; baseline -0.005 -17"><span class='ocrx_word' id='word_1_533' title='bbox 224 4333 355 4412; x_wconf 91' lang='lat' dir='ltr'><strong>doctis,</strong></span> <span class='ocrx_word' id='word_1_534' title='bbox 383 4326 445 4419; x_wconf 90' lang='lat' dir='ltr'><strong>qui</strong></span> <span class='ocrx_word' id='word_1_535' title='bbox 466 4347 540 4392; x_wconf 92' lang='lat' dir='ltr'><strong>non</strong></span> <span class='ocrx_word' id='word_1_536' title='bbox 558 4323 756 4410; x_wconf 76' lang='lat' dir='ltr'><strong>funguntur</strong></span> <span class='ocrx_word' id='word_1_537' title='bbox 772 4320 978 4388; x_wconf 88' lang='lat' dir='ltr'><strong>ministeriis</strong></span> <span class='ocrx_word' id='word_1_538' title='bbox 1001 4321 1211 4392; x_wconf 88' lang='lat' dir='ltr'><strong>ecclesiasti·</strong></span> <span class='ocrx_word' id='word_1_539' title='bbox 1263 4320 1347 4405; x_wconf 86' lang='lat' dir='ltr'><strong>diti,</strong></span> <span class='ocrx_word' id='word_1_540' title='bbox 1373 4319 1573 4390; x_wconf 90' lang='lat' dir='ltr'><strong>retinentur</strong></span> <span class='ocrx_word' id='word_1_541' title='bbox 1586 4319 1764 4390; x_wconf 90' lang='lat' dir='ltr'><strong>idolorum</strong></span> <span class='ocrx_word' id='word_1_542' title='bbox 1784 4321 1918 4405; x_wconf 89' lang='lat' dir='ltr'><strong>cultus,</strong></span> <span class='ocrx_word' id='word_1_543' title='bbox 1939 4323 2171 4394; x_wconf 88' lang='lat' dir='ltr'><strong>stabiliuntur</strong></span> <span class='ocrx_word' id='word_1_544' title='bbox 2183 4323 2241 4390; x_wconf 84' lang='lat' dir='ltr'><strong>ila·</strong></span> 
     </span>
     <span class='ocr_line' id='line_1_42' title="bbox 225 4415 2300 4514; baseline -0.005 -11"><span class='ocrx_word' id='word_1_545' title='bbox 225 4438 286 4507; x_wconf 88' lang='lat' dir='ltr'><strong>cis.</strong></span> <span class='ocrx_word' id='word_1_546' title='bbox 345 4423 571 4514; x_wconf 84' lang='lat' dir='ltr'><strong>Constantini</strong></span> <span class='ocrx_word' id='word_1_547' title='bbox 605 4421 802 4510; x_wconf 86' lang='lat' dir='ltr'><strong>exemplum</strong></span> <span class='ocrx_word' id='word_1_548' title='bbox 834 4435 953 4510; x_wconf 88' lang='lat' dir='ltr'><strong>postea</strong></span> <span class='ocrx_word' id='word_1_549' title='bbox 986 4415 1210 4491; x_wconf 88' lang='lat' dir='ltr'><strong>Theodosius</strong></span> <span class='ocrx_word' id='word_1_550' title='bbox 1261 4421 1407 4509; x_wconf 88' lang='lat' dir='ltr'><strong>gitiosae</strong></span> <span class='ocrx_word' id='word_1_551' title='bbox 1427 4419 1612 4506; x_wconf 89' lang='lat' dir='ltr'><strong>libidines,</strong></span> <span class='ocrx_word' id='word_1_552' title='bbox 1638 4421 1769 4512; x_wconf 88' lang='lat' dir='ltr'><strong>templa</strong></span> <span class='ocrx_word' id='word_1_553' title='bbox 1788 4436 1884 4492; x_wconf 88' lang='lat' dir='ltr'><strong>muta</strong></span> <span class='ocrx_word' id='word_1_554' title='bbox 1900 4437 2001 4504; x_wconf 88' lang='lat' dir='ltr'><strong>sunt,</strong></span> <span class='ocrx_word' id='word_1_555' title='bbox 2026 4447 2092 4494; x_wconf 90' lang='lat' dir='ltr'><strong>nec</strong></span> <span class='ocrx_word' id='word_1_556' title='bbox 2114 4421 2241 4495; x_wconf 88' lang='lat' dir='ltr'><strong>habeut</strong></span> <span class='ocrx_word' id='word_1_557' title='bbox 2299 4431 2300 4496; x_wconf 68' lang='lat' dir='ltr'><strong>l</strong></span> 
     </span>
     <span class='ocr_line' id='line_1_43' title="bbox 224 4521 2240 4616; baseline -0.008 -9"><span class='ocrx_word' id='word_1_558' title='bbox 224 4536 383 4607; x_wconf 88' lang='lat' dir='ltr'><strong>imitatus</strong></span> <span class='ocrx_word' id='word_1_559' title='bbox 398 4541 464 4598; x_wconf 88' lang='lat' dir='ltr'><strong>est:</strong></span> <span class='ocrx_word' id='word_1_560' title='bbox 489 4540 529 4595; x_wconf 91' lang='lat' dir='ltr'><strong>ut</strong></span> <span class='ocrx_word' id='word_1_561' title='bbox 544 4547 686 4612; x_wconf 88' lang='lat' dir='ltr'><strong>prorsus</strong></span> <span class='ocrx_word' id='word_1_562' title='bbox 700 4521 831 4590; x_wconf 88' lang='lat' dir='ltr'><strong>deleret</strong></span> <span class='ocrx_word' id='word_1_563' title='bbox 846 4521 959 4602; x_wconf 91' lang='lat' dir='ltr'><strong>idola,</strong></span> <span class='ocrx_word' id='word_1_564' title='bbox 983 4543 1106 4591; x_wconf 90' lang='lat' dir='ltr'><strong>eorum</strong></span> <span class='ocrx_word' id='word_1_565' title='bbox 1120 4537 1210 4594; x_wconf 90' lang='lat' dir='ltr'><strong>tem·</strong></span> <span class='ocrx_word' id='word_1_566' title='bbox 1262 4524 1409 4594; x_wconf 90' lang='lat' dir='ltr'><strong>idoneos</strong></span> <span class='ocrx_word' id='word_1_567' title='bbox 1443 4521 1724 4592; x_wconf 87' lang='lat' dir='ltr'><strong>concionatores:</strong></span> <span class='ocrx_word' id='word_1_568' title='bbox 1764 4535 1798 4592; x_wconf 86' lang='lat' dir='ltr'><strong>et</strong></span> <span class='ocrx_word' id='word_1_569' title='bbox 1826 4524 1909 4616; x_wconf 90' lang='lat' dir='ltr'><strong>quia</strong></span> <span class='ocrx_word' id='word_1_570' title='bbox 1934 4525 2097 4596; x_wconf 90' lang='lat' dir='ltr'><strong>doctrina</strong></span> <span class='ocrx_word' id='word_1_571' title='bbox 2131 4523 2240 4597; x_wconf 91' lang='lat' dir='ltr'><strong>consi-</strong></span> 
     </span>
     <span class='ocr_line' id='line_1_44' title="bbox 224 4620 2300 4733; baseline -0.007 -24"><span class='ocrx_word' id='word_1_572' title='bbox 224 4641 281 4733; x_wconf 94' lang='lat' dir='ltr'><strong>pla</strong></span> <span class='ocrx_word' id='word_1_573' title='bbox 298 4637 372 4706; x_wconf 92' lang='lat' dir='ltr'><strong>solo</strong></span> <span class='ocrx_word' id='word_1_574' title='bbox 389 4627 569 4722; x_wconf 89' lang='lat' dir='ltr'><strong>aequavit,</strong></span> <span class='ocrx_word' id='word_1_575' title='bbox 595 4623 724 4692; x_wconf 86' lang='lat' dir='ltr'><strong>indixit</strong></span> <span class='ocrx_word' id='word_1_576' title='bbox 737 4621 942 4714; x_wconf 87' lang='lat' dir='ltr'><strong>Synodum,</strong></span> <span class='ocrx_word' id='word_1_577' title='bbox 968 4625 1121 4693; x_wconf 89' lang='lat' dir='ltr'><strong>ostendit</strong></span> <span class='ocrx_word' id='word_1_578' title='bbox 1135 4624 1210 4692; x_wconf 82' lang='lat' dir='ltr'><strong>for·</strong></span> <span class='ocrx_word' id='word_1_579' title='bbox 1261 4625 1378 4706; x_wconf 91' lang='lat' dir='ltr'><strong>lescit,</strong></span> <span class='ocrx_word' id='word_1_580' title='bbox 1404 4624 1508 4693; x_wconf 88' lang='lat' dir='ltr'><strong>multi</strong></span> <span class='ocrx_word' id='word_1_581' title='bbox 1529 4624 1705 4710; x_wconf 88' lang='lat' dir='ltr'><strong>incipiunt</strong></span> <span class='ocrx_word' id='word_1_582' title='bbox 1722 4647 1839 4694; x_wconf 88' lang='lat' dir='ltr'><strong>amare</strong></span> <span class='ocrx_word' id='word_1_583' title='bbox 1861 4620 2112 4716; x_wconf 79' lang='lat' dir='ltr'><strong>prophanaret</strong></span> <span class='ocrx_word' id='word_1_584' title='bbox 2130 4628 2241 4720; x_wconf 88' lang='lat' dir='ltr'><strong>epicu-</strong></span> <span class='ocrx_word' id='word_1_585' title='bbox 2299 4681 2300 4694; x_wconf 34' lang='grc' dir='ltr'><strong>ι</strong></span> 
     </span>
     <span class='ocr_line' id='line_1_45' title="bbox 223 4722 2240 4820; baseline -0.008 -9"><span class='ocrx_word' id='word_1_586' title='bbox 223 4763 318 4810; x_wconf 92' lang='lat' dir='ltr'><strong>mam</strong></span> <span class='ocrx_word' id='word_1_587' title='bbox 341 4729 534 4806; x_wconf 88' lang='lat' dir='ltr'><strong>dirimendi</strong></span> <span class='ocrx_word' id='word_1_588' title='bbox 556 4723 774 4806; x_wconf 90' lang='lat' dir='ltr'><strong>certaminis,</strong></span> <span class='ocrx_word' id='word_1_589' title='bbox 798 4722 984 4808; x_wconf 86' lang='lat' dir='ltr'><strong>videlicet,</strong></span> <span class='ocrx_word' id='word_1_590' title='bbox 1009 4739 1048 4796; x_wconf 91' lang='lat' dir='ltr'><strong>ut</strong></span> <span class='ocrx_word' id='word_1_591' title='bbox 1069 4727 1209 4820; x_wconf 85' lang='lat' dir='ltr'><strong>profer·</strong></span> <span class='ocrx_word' id='word_1_592' title='bbox 1261 4750 1337 4795; x_wconf 88' lang='lat' dir='ltr'><strong>reas</strong></span> <span class='ocrx_word' id='word_1_593' title='bbox 1352 4725 1549 4816; x_wconf 89' lang='lat' dir='ltr'><strong>opiniones.</strong></span> <span class='ocrx_word' id='word_1_594' title='bbox 1599 4723 1695 4798; x_wconf 89' lang='lat' dir='ltr'><strong>Haec</strong></span> <span class='ocrx_word' id='word_1_595' title='bbox 1720 4725 1826 4817; x_wconf 88' lang='lat' dir='ltr'><strong>pestis</strong></span> <span class='ocrx_word' id='word_1_596' title='bbox 1841 4727 1903 4796; x_wconf 89' lang='lat' dir='ltr'><strong>diu</strong></span> <span class='ocrx_word' id='word_1_597' title='bbox 1922 4727 1959 4795; x_wconf 93' lang='lat' dir='ltr'><strong>in</strong></span> <span class='ocrx_word' id='word_1_598' title='bbox 1978 4725 2078 4798; x_wconf 88' lang='lat' dir='ltr'><strong>ltalia</strong></span> <span class='ocrx_word' id='word_1_599' title='bbox 2096 4741 2240 4818; x_wconf 88' lang='lat' dir='ltr'><strong>grassata</strong></span> 
     </span>
     <span class='ocr_line' id='line_1_46' title="bbox 223 4826 2300 4917; baseline -0.007 -4"><span class='ocrx_word' id='word_1_600' title='bbox 223 4856 349 4913; x_wconf 88' lang='lat' dir='ltr'><strong>rentur</strong></span> <span class='ocrx_word' id='word_1_601' title='bbox 364 4847 457 4906; x_wconf 86' lang='lat' dir='ltr'><strong>certa</strong></span> <span class='ocrx_word' id='word_1_602' title='bbox 474 4827 673 4902; x_wconf 86' lang='lat' dir='ltr'><strong>testimonia</strong></span> <span class='ocrx_word' id='word_1_603' title='bbox 688 4826 919 4917; x_wconf 88' lang='lat' dir='ltr'><strong>probatorum</strong></span> <span class='ocrx_word' id='word_1_604' title='bbox 942 4839 1118 4912; x_wconf 89' lang='lat' dir='ltr'><strong>autorum,</strong></span> <span class='ocrx_word' id='word_1_605' title='bbox 1144 4851 1209 4898; x_wconf 91' lang='lat' dir='ltr'><strong>nec</strong></span> <span class='ocrx_word' id='word_1_606' title='bbox 1262 4841 1331 4912; x_wconf 91' lang='lat' dir='ltr'><strong>est,</strong></span> <span class='ocrx_word' id='word_1_607' title='bbox 1353 4851 1449 4898; x_wconf 90' lang='lat' dir='ltr'><strong>nunc</strong></span> <span class='ocrx_word' id='word_1_608' title='bbox 1473 4829 1576 4898; x_wconf 87' lang='lat' dir='ltr'><strong>etiam</strong></span> <span class='ocrx_word' id='word_1_609' title='bbox 1599 4843 1750 4898; x_wconf 88' lang='lat' dir='ltr'><strong>caeteras</strong></span> <span class='ocrx_word' id='word_1_610' title='bbox 1772 4827 1934 4898; x_wconf 89' lang='lat' dir='ltr'><strong>nationes</strong></span> <span class='ocrx_word' id='word_1_611' title='bbox 1948 4829 2096 4900; x_wconf 88' lang='lat' dir='ltr'><strong>invadit.</strong></span> <span class='ocrx_word' id='word_1_612' title='bbox 2150 4826 2240 4904; x_wconf 81' lang='lat' dir='ltr'><strong>Alibi</strong></span> <span class='ocrx_word' id='word_1_613' title='bbox 2299 4885 2300 4908; x_wconf 64' lang='lat'><strong>,</strong></span> 
     </span>
     <span class='ocr_line' id='line_1_47' title="bbox 223 4917 2300 5034; baseline -0.008 -21"><span class='ocrx_word' id='word_1_614' title='bbox 223 4944 484 5034; x_wconf 85' lang='lat' dir='ltr'><strong>permitteretur</strong></span> <span class='ocrx_word' id='word_1_615' title='bbox 499 4930 565 5002; x_wconf 91' lang='lat' dir='ltr'><strong>ulli</strong></span> <span class='ocrx_word' id='word_1_616' title='bbox 579 4954 620 4998; x_wconf 85' lang='lat' dir='ltr'><strong>ex</strong></span> <span class='ocrx_word' id='word_1_617' title='bbox 635 4951 707 4998; x_wconf 88' lang='lat' dir='ltr'><strong>sese</strong></span> <span class='ocrx_word' id='word_1_618' title='bbox 722 4928 852 5015; x_wconf 85' lang='lat' dir='ltr'><strong>lingere</strong></span> <span class='ocrx_word' id='word_1_619' title='bbox 867 4951 977 4998; x_wconf 90' lang='lat' dir='ltr'><strong>novas</strong></span> <span class='ocrx_word' id='word_1_620' title='bbox 999 4928 1207 5018; x_wconf 85' lang='lat' dir='ltr'><strong>interpreta·</strong></span> <span class='ocrx_word' id='word_1_621' title='bbox 1261 4931 1454 4999; x_wconf 89' lang='lat' dir='ltr'><strong>emendatis</strong></span> <span class='ocrx_word' id='word_1_622' title='bbox 1464 4929 1632 4998; x_wconf 91' lang='lat' dir='ltr'><strong>abusibus</strong></span> <span class='ocrx_word' id='word_1_623' title='bbox 1643 4931 1833 5000; x_wconf 90' lang='lat' dir='ltr'><strong>succedunt</strong></span> <span class='ocrx_word' id='word_1_624' title='bbox 1846 4953 1937 4998; x_wconf 88' lang='lat' dir='ltr'><strong>nova</strong></span> <span class='ocrx_word' id='word_1_625' title='bbox 1947 4931 2057 5015; x_wconf 89' lang='lat' dir='ltr'><strong>mala,</strong></span> <span class='ocrx_word' id='word_1_626' title='bbox 2083 4944 2239 5022; x_wconf 88' lang='lat' dir='ltr'><strong>propter·</strong></span> <span class='ocrx_word' id='word_1_627' title='bbox 2299 4917 2300 4924; x_wconf 7' lang='grc' dir='ltr'>ἵ</span> 
     </span>
     <span class='ocr_line' id='line_1_48' title="bbox 223 5026 2240 5128; baseline -0.005 -20"><span class='ocrx_word' id='word_1_628' title='bbox 223 5047 346 5116; x_wconf 77' lang='lat' dir='ltr'><strong>tiones.</strong></span> <span class='ocrx_word' id='word_1_629' title='bbox 378 5037 572 5128; x_wconf 85' lang='lat' dir='ltr'><strong>Aliquanto</strong></span> <span class='ocrx_word' id='word_1_630' title='bbox 587 5044 665 5121; x_wconf 90' lang='lat' dir='ltr'><strong>post</strong></span> <span class='ocrx_word' id='word_1_631' title='bbox 680 5042 816 5104; x_wconf 87' lang='lat' dir='ltr'><strong>secutae</strong></span> <span class='ocrx_word' id='word_1_632' title='bbox 827 5043 912 5100; x_wconf 90' lang='lat' dir='ltr'><strong>sunt</strong></span> <span class='ocrx_word' id='word_1_633' title='bbox 923 5027 1071 5124; x_wconf 77' lang='lat' dir='ltr'><strong>Synodi,</strong></span> <span class='ocrx_word' id='word_1_634' title='bbox 1087 5026 1209 5121; x_wconf 88' lang='lat' dir='ltr'><strong>Ephe·</strong></span> <span class='ocrx_word' id='word_1_635' title='bbox 1260 5056 1319 5115; x_wconf 92' lang='lat' dir='ltr'><strong>ea,</strong></span> <span class='ocrx_word' id='word_1_636' title='bbox 1344 5031 1426 5124; x_wconf 90' lang='lat' dir='ltr'><strong>quia</strong></span> <span class='ocrx_word' id='word_1_637' title='bbox 1441 5031 1526 5101; x_wconf 91' lang='lat' dir='ltr'><strong>boni</strong></span> <span class='ocrx_word' id='word_1_638' title='bbox 1544 5032 1705 5102; x_wconf 85' lang='lat' dir='ltr'><strong>doctores</strong></span> <span class='ocrx_word' id='word_1_639' title='bbox 1720 5054 1794 5100; x_wconf 89' lang='lat' dir='ltr'><strong>non</strong></span> <span class='ocrx_word' id='word_1_640' title='bbox 1809 5032 2023 5100; x_wconf 87' lang='lat' dir='ltr'><strong>adiuvantur</strong></span> <span class='ocrx_word' id='word_1_641' title='bbox 2034 5034 2079 5102; x_wconf 91' lang='lat' dir='ltr'><strong>ab</strong></span> <span class='ocrx_word' id='word_1_642' title='bbox 2095 5033 2157 5116; x_wconf 89' lang='lat' dir='ltr'><strong>iis,</strong></span> <span class='ocrx_word' id='word_1_643' title='bbox 2182 5028 2240 5124; x_wconf 91' lang='lat' dir='ltr'><strong>qui</strong></span> 
     </span>
     <span class='ocr_line' id='line_1_49' title="bbox 222 5125 2238 5225; baseline -0.007 -12"><span class='ocrx_word' id='word_1_644' title='bbox 222 5147 299 5225; x_wconf 83' lang='lat' dir='ltr'><strong>sina</strong></span> <span class='ocrx_word' id='word_1_645' title='bbox 315 5151 504 5212; x_wconf 86' lang='lat' dir='ltr'><strong>convocata</strong></span> <span class='ocrx_word' id='word_1_646' title='bbox 520 5158 539 5203; x_wconf 88' lang='lat' dir='ltr'><strong>a</strong></span> <span class='ocrx_word' id='word_1_647' title='bbox 561 5132 700 5202; x_wconf 91' lang='lat' dir='ltr'><strong>iuniore</strong></span> <span class='ocrx_word' id='word_1_648' title='bbox 714 5125 939 5210; x_wconf 90' lang='lat' dir='ltr'><strong>Theodosio,</strong></span> <span class='ocrx_word' id='word_1_649' title='bbox 964 5145 999 5201; x_wconf 88' lang='lat' dir='ltr'><strong>et</strong></span> <span class='ocrx_word' id='word_1_650' title='bbox 1013 5127 1208 5202; x_wconf 85' lang='lat' dir='ltr'><strong>Chalcedo-</strong></span> <span class='ocrx_word' id='word_1_651' title='bbox 1260 5133 1480 5222; x_wconf 90' lang='lat' dir='ltr'><strong>disciplinam</strong></span> <span class='ocrx_word' id='word_1_652' title='bbox 1499 5131 1588 5202; x_wconf 89' lang='lat' dir='ltr'><strong>tueri</strong></span> <span class='ocrx_word' id='word_1_653' title='bbox 1604 5133 1790 5204; x_wconf 89' lang='lat' dir='ltr'><strong>debebant.</strong></span> <span class='ocrx_word' id='word_1_654' title='bbox 1829 5129 1962 5204; x_wconf 88' lang='lat' dir='ltr'><strong>Crescit</strong></span> <span class='ocrx_word' id='word_1_655' title='bbox 1977 5131 2085 5222; x_wconf 88' lang='lat' dir='ltr'><strong>igitur</strong></span> <span class='ocrx_word' id='word_1_656' title='bbox 2101 5131 2238 5202; x_wconf 87' lang='lat' dir='ltr'><strong>licentia</strong></span> 
     </span>
     <span class='ocr_line' id='line_1_50' title="bbox 220 5229 2239 5328; baseline -0.007 -14"><span class='ocrx_word' id='word_1_657' title='bbox 220 5231 783 5315; x_wconf 84' lang='lat' dir='ltr'><strong>nensisconvocataaMartiano.</strong></span> <span class='ocrx_word' id='word_1_658' title='bbox 834 5229 905 5301; x_wconf 84' lang='lat' dir='ltr'><strong>Sed</strong></span> <span class='ocrx_word' id='word_1_659' title='bbox 920 5245 1095 5324; x_wconf 79' lang='lat' dir='ltr'><strong>utrunque</strong></span> <span class='ocrx_word' id='word_1_660' title='bbox 1110 5234 1207 5302; x_wconf 87' lang='lat' dir='ltr'><strong>arbi·</strong></span> <span class='ocrx_word' id='word_1_661' title='bbox 1257 5248 1293 5303; x_wconf 90' lang='lat' dir='ltr'><strong>et</strong></span> <span class='ocrx_word' id='word_1_662' title='bbox 1309 5236 1425 5324; x_wconf 86' lang='lat' dir='ltr'><strong>legum</strong></span> <span class='ocrx_word' id='word_1_663' title='bbox 1446 5247 1680 5324; x_wconf 89' lang='lat' dir='ltr'><strong>contemptus.</strong></span> <span class='ocrx_word' id='word_1_664' title='bbox 1731 5231 1940 5304; x_wconf 88' lang='lat' dir='ltr'><strong>Nonsrenat</strong></span> <span class='ocrx_word' id='word_1_665' title='bbox 1960 5235 2097 5304; x_wconf 90' lang='lat' dir='ltr'><strong>animos</strong></span> <span class='ocrx_word' id='word_1_666' title='bbox 2115 5237 2239 5328; x_wconf 89' lang='lat' dir='ltr'><strong>pudor,</strong></span> 
     </span>
     <span class='ocr_line' id='line_1_51' title="bbox 221 5332 2238 5424; baseline -0.008 -9"><span class='ocrx_word' id='word_1_667' title='bbox 221 5361 296 5416; x_wconf 88' lang='lat' dir='ltr'><strong>tror</strong></span> <span class='ocrx_word' id='word_1_668' title='bbox 310 5341 478 5409; x_wconf 89' lang='lat' dir='ltr'><strong>indictam</strong></span> <span class='ocrx_word' id='word_1_669' title='bbox 493 5359 566 5406; x_wconf 90' lang='lat' dir='ltr'><strong>csse</strong></span> <span class='ocrx_word' id='word_1_670' title='bbox 580 5333 728 5406; x_wconf 87' lang='lat' dir='ltr'><strong>consilio</strong></span> <span class='ocrx_word' id='word_1_671' title='bbox 741 5332 915 5402; x_wconf 80' lang='lat' dir='ltr'><strong>foeminae</strong></span> <span class='ocrx_word' id='word_1_672' title='bbox 930 5333 1208 5424; x_wconf 83' lang='lat' dir='ltr'><strong>sapientissimae</strong></span> <span class='ocrx_word' id='word_1_673' title='bbox 1258 5332 1553 5418; x_wconf 84' lang='lat' dir='ltr'><strong>non&#39;modestia,</strong></span> <span class='ocrx_word' id='word_1_674' title='bbox 1586 5359 1660 5405; x_wconf 90' lang='lat' dir='ltr'><strong>non</strong></span> <span class='ocrx_word' id='word_1_675' title='bbox 1688 5333 1776 5404; x_wconf 87' lang='lat' dir='ltr'><strong>iuris</strong></span> <span class='ocrx_word' id='word_1_676' title='bbox 1803 5335 2019 5421; x_wconf 90' lang='lat' dir='ltr'><strong>reverentia,</strong></span> <span class='ocrx_word' id='word_1_677' title='bbox 2050 5337 2109 5405; x_wconf 90' lang='lat' dir='ltr'><strong>sed</strong></span> <span class='ocrx_word' id='word_1_678' title='bbox 2134 5333 2238 5402; x_wconf 90' lang='lat' dir='ltr'><strong>vincit</strong></span> 
     </span>
    </p>
   </div>
   <div class='ocr_carea' id='block_1_3' title="bbox 0 0 2312 5816">
    <p class='ocr_par' dir='ltr' id='par_1_10' title="bbox 0 0 2312 5816">
     <span class='ocr_line' id='line_1_52' title="bbox 0 0 2312 5816; baseline 0 0"><span class='ocrx_word' id='word_1_679' title='bbox 0 0 2312 5816; x_wconf 95' lang='lat' dir='ltr'><strong> </strong></span> 
     </span>
    </p>
   </div>
  </div>
 </body>
</html>
