4718 5828
261 175 311 248 87
680 277 684 287 Ι
729 171 886 247 DECL.
921 169 1242 248 Darassa·
1264 171 1324 246 IN
1355 167 1598 245 ourtcta
1631 166 1819 251 ClCllR.
2240 177 2279 252 bd

312 355 359 423 lu
385 345 522 450 Officia
550 351 739 424 ciceronis
761 342 958 442 praefatio
985 343 1081 420 Phil.
1107 335 1202 419 Mel.
1306 357 1368 435 ego
1384 338 1445 414 hic
1462 345 1506 414 de
1521 341 1806 434 religione'dtco,
1832 347 2102 439 quaeexsacris
2115 345 2211 418 libris
2226 372 2277 440 pe·

371 514 457 596 Quid
476 511 625 599 conferat
645 509 741 577 leem
765 507 920 576 mmmm
941 507 1131 598 (18οῇῑὼ
1305 448 1411 516 tenda
1424 459 1486 520 est.
1535 443 1660 516 Civilis
1672 447 1766 516 vitae
1780 445 2212 522 consuetudoaCicerone
2226 452 2278 519 de-

531 559 534 566 '
1132 558 1140 575 ’
1305 548 1492 632 scribitur,
1518 571 1598 617 cum
1619 571 1687 642 qua
1703 549 1828 638 religio
1842 545 1937 618 nihil
1951 565 2096 641 pugnat.
2145 549 2279 642 Scripsit
2333 561 2334 652 l

139 653 152 668 ‘
263 639 578 744 Quemadmodum
610 660 730 717 vetant
759 647 798 714 in
828 649 1023 715 exercendo
1045 647 1157 717 sterili
1175 647 1252 716 solo
1306 651 1350 718 de
1366 645 1506 719 Officiis
1522 651 1627 720 etiam
1643 647 1979 736 divusAmhrosius,
2004 655 2110 722 credo
2122 665 2160 720 ut
2175 654 2278 742 pueris

262 768 326 825 aut
348 765 508 844 sumptus
528 752 661 834 facere,
689 763 750 819 aut
773 771 910 816 sumere
931 749 1105 832 laborem,
1131 750 1177 818 ita
1199 750 1253 818 le·
1304 752 1499 821 inculcaret
1519 752 1747 842 religionem,
1774 754 1818 822 de
1838 777 1906 846 qua
1928 753 2069 824 videbat
2092 752 2129 822 in
2152 751 2278 824 Cicero-

262 855 373 930 cturis
395 853 600 944 scriptorem
618 851 772 944 aliquem
787 851 824 917 in
841 849 965 940 primis
980 850 1172 921 ridendum
1191 865 1252 934 est,
1304 853 1421 922 nianis
1444 847 1536 921 nihil
1561 855 1726 946 praecipi.
1777 851 1912 925 Verum
1935 877 1998 944 ego
2021 856 2223 945 religionem
2245 879 2278 924 er

262 958 359 1053 quid
373 958 516 1035 doceat,
543 969 577 1026 et
599 977 704 1046 quarn
728 953 812 1020 inde
829 952 1060 1021 accessionem
1075 955 1118 1021 ad
1135 955 1250 1022 studia
1304 953 1438 1024 divinis
1458 954 1571 1024 literis
1592 979 1716 1025 censeo
1737 950 1973 1026 hauriendam
1995 979 2081 1028 esse.
2129 954 2181 1026 De
2204 957 2278 1025 civi-

261 1072 382 1128 nostra
402 1059 516 1126 iacere
539 1056 724 1148 possimus.
776 1052 889 1122 Porro
911 1055 970 1121 vix
993 1053 1095 1142 pauci
1109 1055 1147 1122 in
1162 1055 1253 1122 rele·
1304 1057 1399 1127 libus
1416 1057 1574 1128 moribus
1588 1058 1710 1126 malim
1727 1057 1851 1126 audire
1864 1055 2084 1144 Ciceronem,
2107 1059 2168 1150 qui
2182 1057 2279 1126 mari·

262 1161 386 1252 geudis
406 1159 640 1250 scriptoribus
654 1179 771 1226 secum
787 1155 855 1246 ipsi
871 1155 1087 1236 deliberant,
1115 1158 1251 1249 ecquod
1304 1159 1371 1228 mis
1390 1159 1496 1228 rebus
1510 1159 1615 1248 gestis
1633 1173 1790 1229 versatus
1805 1159 1844 1227 iu
1861 1157 2004 1251 Repuh.
2023 1161 2182 1252 principe
2195 1160 2279 1228 orbis
2333 1147 2334 1228 l

263 1285 390 1356 operae
412 1261 563 1352 pretium
579 1259 801 1328 iacturisint.
844 1253 892 1326 Et
908 1259 1000 1326 hona
1017 1281 1097 1350 pars
1112 1257 1251 1330 discen·
1304 1274 1496 1342 terrarum,
1535 1283 1603 1330 usu
1633 1261 1800 1353 pleraque
1831 1261 2020 1353 comperit,
2060 1262 2222 1354 pleraque
2245 1283 2279 1328 ex

262 1366 354 1436 tium
377 1364 417 1432 in
439 1363 643 1430 universum
665 1360 799 1443 nescit,
825 1361 868 1428 ad
892 1383 996 1451 quem
1015 1382 1159 1450 scopum
1176 1373 1252 1429 stu·
1306 1359 1526 1432 Graecorum
1543 1363 1701 1453 scriptis,
1728 1361 1790 1455 qui
1810 1362 1979 1432 maximas
1993 1363 2152 1434 civitates
2166 1364 2280 1450 guber·
2333 1361 2334 1452 l

263 1467 323 1538 dia
346 1464 466 1535 omnia
492 1461 677 1553 dirigenda
697 1462 778 1530 sint.
838 1459 994 1530 Proinde
1019 1461 1122 1530 initio
1145 1456 1251 1530 huius
1305 1476 1454 1546 narunt,
1479 1464 1594 1533 vertit.
1644 1461 1764 1532 Habes
1780 1463 1900 1557 itaque
1915 1465 2000 1557 quid
2019 1461 2077 1534 hic
2091 1465 2230 1534 libellus
2242 1463 2280 1532 ad

264 1568 378 1639 libelli
401 1581 435 1636 et
458 1577 704 1654 argumentum
728 1563 844 1655 operis
865 1564 1097 1631 iudicandum
1121 1576 1191 1647 est,
1218 1577 1250 1632 et
1303 1565 1536 1634 iudicandum
1568 1567 1741 1634 conserat:
1774 1561 1839 1636 Est
1868 1565 1964 1634 enim
1989 1567 2047 1634 vel
2071 1566 2186 1657 prima
2206 1587 2281 1656 pru-

262 1671 351 1765 quid
375 1668 532 1738 conferat
553 1666 680 1736 studiis
702 1665 842 1736 nostris.
894 1661 947 1733 Ea
965 1665 1105 1732 demum
1126 1679 1176 1734 cst
1194 1687 1251 1732 so·
1304 1667 1445 1736 dentiae
1465 1689 1565 1756 pars,
1591 1681 1710 1736 tenere
1733 1679 1916 1758 praecepta
1939 1669 1984 1736 de
2006 1668 2178 1740 moribus.
2225 1661 2280 1734 Est

264 1773 337 1842 lida
359 1769 513 1840 eruditio
537 1769 705 1836 derebus
727 1767 957 1858 moribusque
981 1781 1073 1835 recte
1095 1766 1250 1835 iudicare
1304 1781 1420 1838 autem
1443 1767 1567 1838 Cicero
1597 1791 1652 1838 res
1680 1769 1831 1859 partitus
1860 1769 1899 1836 in
1930 1764 2077 1839 honesta
2109 1781 2143 1838 et
2176 1766 2278 1838 utilia.
2333 1821 2334 1864 ,

262 1897 384 1968 posse,
417 1871 546 1941 deinde
577 1893 667 1963 quae
696 1869 816 1937 animo
840 1863 1149 1959 comprehenderis
1170 1891 1251 1960 per·
1303 1867 1508 1939 Honestatis
1529 1883 1645 1960 partes
1665 1871 1702 1936 in
1722 1871 1837 1960 primo
1854 1869 1947 1940 libro
1964 1883 2111 1955 tractat,
2135 1870 2198 1940 ubi
2213 1868 2281 1959 pri·
2333 1879 2334 1958 t

263 1977 383 2069 spicue
404 1988 438 2044 et
457 1973 640 2041 commode
655 1971 845 2061 explicare,
872 1983 976 2062 atque
994 1969 1124 2062 eloqui.
1175 1967 1251 2040 Re·
1303 1993 1400 2040 mum
1424 1972 1571 2040 virtutes
1591 1970 1918 2042 definitDialectica
1935 1974 2087 2065 quadam
2105 1983 2281 2042 consuetu·

261 2101 343 2148 rum
366 2073 522 2166 cognitio
538 2076 581 2142 ad
598 2073 827 2142 iudicandum
846 2085 879 2141 et
897 2075 940 2140 ad
956 2073 1148 2163 parandam
1165 2095 1251 2162 pru-
1303 2074 1399 2146 dine.
1450 2069 1590 2142 Deinde
1611 2073 1769 2162 congerit
1790 2073 1902 2143 multa
1920 2087 2102 2164 praerepta
2120 2075 2164 2144 de
2180 2069 2281 2140 mori·

263 2179 419 2250 dentiam
450 2190 502 2244 est
523 2175 727 2244 necessaria.
794 2171 926 2263 Magna
949 2173 989 2241 in
1014 2173 1136 2262 primis
1156 2173 1251 2262 opti·
1303 2174 1370 2244 hus
1384 2175 1480 2244 velut
1494 2171 1532 2242 in
1546 2197 1722 2248 acervum.
1766 2171 2283 2246 lnsecundolibroresomnes
2333 2175 2334 2198 ¹

262 2278 614 2350 morum'verborum
638 2277 738 2368 copia
761 2276 956 2368 requiritur
978 2276 1020 2342 ad
1044 2273 1249 2344 dicendum:
1303 2289 1503 2366 enumerat,
1550 2299 1637 2368 quas
1666 2288 1791 2345 natura
1819 2277 1863 2344 ad
1890 2276 2078 2346 utilitatem
2105 2301 2167 2346 seu
2189 2295 2282 2344 usum
2333 2303 2334 2334 2

260 2388 359 2453 Voco
375 2393 492 2450 autem
507 2401 626 2448 rerum
643 2377 843 2460 scientiam,
868 2372 1144 2469 physiologiam,
1168 2374 1250 2444 Ma·
1302 2371 1490 2445 hominum
1514 2377 1693 2456 condidit,
1720 2378 1891 2470 docetque
1915 2401 2021 2470 quem
2042 2403 2084 2448 er
2098 2400 2237 2472 quaque
2252 2397 2284 2442 re

259 2481 433 2566 themata,
458 2493 641 2572 praecepta
664 2480 707 2548 de
724 2477 889 2548 civilibus
905 2477 1080 2546 moribus:
1106 2499 1190 2546 nam
1206 2477 1249 2544 de
1294 2498 1405 2548 usum
1429 2479 1611 2568 percipere
1627 2477 1828 2549 debeamus.
1881 2476 2043 2552 lutertio
2060 2481 2282 2550 conlertcum

261 2586 433 2676 religione
455 2577 515 2650 hic
538 2576 633 2648 nihil
657 2580 818 2676 dicimus.
868 2577 1003 2671 Estque
1023 2581 1068 2648 ad
1090 2603 1248 2648 commu·
1302 2573 1484 2649 honestate
1498 2579 1700 2654 utilitatem.
2333 2601 2334 2634 1

262 2711 346 2757 nem
377 2685 486 2752 vitam
508 2683 547 2750 in
570 2681 693 2772 primis
712 2681 820 2763 utile,
855 2703 893 2748 ea
918 2694 1059 2763 tenere,
1093 2705 1183 2772 quae
1205 2681 1249 2748 de
1295 2720 1297 2729 ·

148 2859 152 2868 ,
261 2789 423 2859 moribus
450 2786 563 2876 deque
592 2783 688 2852 civili
719 2782 812 2852 vitae
840 2785 1096 2851 consuetudine
1118 2783 1248 2852 tradita
1298 2836 1303 2848 .
1360 2827 1447 2908 Quid
1468 2829 1512 2895 ad
1532 2827 1697 2896 ‘il-cenom
1719 2829 1869 2919 conferat
1890 2829 2014 2898 meum
2036 2831 2076 2900 de
2098 2831 2230 2920 omem

254 2903 355 2962 sunt.
405 2885 553 2956 Beluam
567 2885 673 2970 dicas,
696 2907 769 2954 non
783 2881 976 2968 homiuem,
1002 2885 1163 2978 quisquis
1175 2908 1247 2952 non
2231 2877 2238 2893 ’
2333 2885 2334 2934 ἕ

261 3007 314 3064 est
336 2990 493 3059 excultus
515 2982 583 3056 hoc
601 2988 781 3056 doctrinae
798 3009 944 3075 genere,
970 3001 1003 3054 et
1020 2989 1062 3054 ad
1083 2982 1248 3055 humani·
1404 2985 1652 3079 Praeterquam
1696 2989 1812 3081 quod,
1858 3002 1898 3059 ut
1939 3001 2073 3060 caetera
2109 2985 2286 3060 Ciceronis
2333 3039 2334 3050 ,

260 3107 367 3166 tatem
390 3105 424 3161 et
446 3089 564 3158 civilia
586 3089 700 3158 officia
722 3089 943 3160 assuefactus.
994 3087 1087 3156 Nam
1107 3087 1249 3157 virtutis
1302 3089 1443 3170 omnia,
1469 3111 1636 3178 magnum
1656 3112 1846 3159 numerum
1870 3091 2142 3161 lectissimorum
2165 3089 2288 3158 verbo·
2333 3083 2334 3090 '

245 3192 478 3265 incunabula
508 3204 613 3282 atque
644 3191 844 3259 rudimenta
876 3203 978 3268 sunt,
1019 3185 1086 3258 hae
1117 3191 1249 3272 literae,
1302 3213 1381 3257 rum
1405 3202 1441 3259 et
1465 3190 1658 3279 figurarum
1678 3192 1919 3281 suppeditabit
1942 3188 2001 3260 hic
2021 3192 2189 3270 libellus,
2213 3191 2286 3258 ideo

262 3297 392 3392 quibus
414 3296 458 3362 ad
481 3288 699 3361 honestatem
721 3293 834 3360 teneri
855 3291 965 3359 animi
982 3293 1128 3362 aluntur
1144 3305 1179 3360 et
1192 3292 1249 3358 in·
1303 3290 1407 3364 eliam
1433 3293 1477 3360 ad
1499 3292 1688 3360 dicendum
1710 3295 1791 3382 plus
1812 3293 2014 3384 aliquanto,
2047 3317 2155 3386 quarn
2178 3293 2287 3383 plera·
2333 3355 2334 3362 ,

229 3399 427 3470 .citantur.
479 3393 591 3462 Porro
613 3417 687 3461 non
704 3393 793 3461 alius
810 3405 903 3464 extat
917 3393 1059 3461 libellus
1077 3396 1120 3461 de
1138 3392 1249 3461 mori·
1303 3416 1370 3484 que
1400 3393 1468 3460 alia
1500 3392 1626 3482 scripta
1657 3395 1811 3477 confert,
1850 3394 1933 3486 quia
1965 3396 2124 3464 locorum
2157 3395 2287 3484 aliquot

262 3503 330 3571 bus
353 3496 549 3568 absolutior
570 3490 708 3565 Officiis
725 3491 921 3563 Ciceronis.
972 3489 1249 3583 Diligentissima
1302 3495 1544 3563 communium
1574 3495 1762 3578 formulas,
1796 3509 1830 3562 et
1859 3498 2117 3586 propemodum
2147 3495 2287 3566 simula-

263 3603 358 3672 enim
386 3597 562 3690 praecepit
585 3599 627 3664 de
651 3595 817 3664 omnibus
840 3597 930 3663 vitae
952 3597 1129 3684 partibus,
1162 3597 1247 3686 quid
1303 3589 1385 3662 chra
1400 3597 1569 3666 continet.
1621 3593 1736 3664 Porro
1751 3620 1831 3664 cum
1850 3591 1888 3664 hi
1903 3598 1972 3666 loci
1988 3598 2162 3667 virtutum
2182 3621 2222 3666 ac
2238 3595 2287 3660 vi-

264 3707 384 3774 deceat
415 3699 611 3793 quamlibet
639 3708 799 3765 aetatem.
859 3693 1006 3764 Accedit
1036 3699 1140 3766 etiam
1171 3693 1249 3780 hoc,
1303 3698 1433 3764 tiorum
1465 3696 1605 3784 regulae
1629 3697 1719 3781 sint,
1751 3699 1794 3764 ad
1820 3722 1907 3790 quas
1930 3699 2090 3770 omnium
2114 3721 2233 3768 mores
2258 3709 2289 3764 et
2333 3737 2334 3744 κ

262 3805 358 3899 quod
383 3801 475 3872 iusto
498 3800 623 3868 ordine
646 3799 776 3866 formas
796 3795 968 3864 virtutum
984 3797 1186 3888 proposuit,
1210 3813 1250 3868 ut
1301 3798 1390 3865 sacta
1413 3797 1582 3888 exigimus
1606 3798 1644 3866 in
1665 3799 1875 3880 iudicando,
1907 3801 2019 3870 oratio
2044 3803 2151 3872 etiam
2176 3799 2288 3868 omnis

263 3917 421 3976 extarent
448 3904 495 3972 ob
518 3901 640 3970 oculos
669 3899 878 3981 lectoribus,
911 3909 1080 3991 tanquam
1110 3899 1250 3987 regulae
1301 3899 1425 3966 referri
1449 3903 1493 3970 ad
1514 3921 1573 3967 eos
1595 3901 1716 3984 dehet,
1741 3899 1825 3968 inde
1846 3917 2070 3990 argumenta,
2098 3901 2289 3994 amplifica·

262 4007 423 4078 omnium
446 4003 674 4092 consiliorum
691 4013 725 4070 et
740 4001 927 4070 factorum:
954 4001 1250 4093 fecitenimqua-
1303 4000 1486 4093 tionesque
1516 4015 1703 4091 petuntur,
1733 4015 1773 4069 ut
1801 4001 1831 4068 si
1865 4003 1944 4096 quis
1977 4004 2156 4094 ingratum
2191 4002 2289 4080 dicat,

262 4125 345 4180 tuor
382 4105 522 4174 virtutis
557 4103 735 4186 membra,
775 4101 1021 4194 prudentiam,
1063 4103 1249 4186 iusticiam,
1303 4103 1412 4170 multa
1431 4103 1574 4170 illinon
1592 4105 1634 4172 de
1654 4125 1800 4191 persona
1819 4117 1974 4182 tantum,
2001 4109 2060 4174 sed
2080 4107 2124 4174 de
2143 4107 2223 4196 ipso
2241 4101 2290 4168 vi·
2333 4159 2334 4174 ,

261 4209 528 4288 fortitudinem,
561 4205 781 4274 modestiam.
834 4200 935 4291 Quae
961 4217 1128 4297 tanquam
1154 4205 1249 4272 locos
1302 4204 1342 4272 tii
1360 4226 1486 4292 genere
1504 4217 1607 4272 erunt
1622 4205 1789 4288 dicenda,
1816 4205 1951 4298 eritque
1966 4207 2082 4276 danda
2096 4231 2229 4298 opera,
2255 4215 2291 4270 ut

263 4332 466 4382 communes
493 4319 695 4398 proponant
717 4305 785 4374 sihi
801 4305 1054 4390 adolescentes,
1080 4321 1175 4374 uteo
1193 4330 1249 4373 re·
1303 4305 1503 4395 intelligant
1519 4305 1716 4388 auditores,
1742 4319 1871 4398 quanta
1891 4309 1990 4378 sitin
2008 4333 2049 4377 eo
2070 4309 2159 4378 vitio
2178 4307 2292 4396 turpi·

263 4417 379 4484 ferant
400 4411 519 4482 omnia
542 4409 584 4476 de
608 4407 767 4475 moribus
791 4407 959 4490 consilia,
987 4421 1021 4475 et
1042 4431 1130 4500 quos
1154 4408 1250 4476 iudi·
1303 4409 1408 4478 tudo:
1435 4407 1567 4475 Verum
1581 4407 1615 4475 id
1629 4431 1733 4475 nemo
1747 4422 1922 4498 praestare
1938 4412 2084 4499 poterit,
2108 4411 2182 4478 nisi
2199 4411 2294 4478 loco-

263 4516 396 4598 caturi,
421 4513 506 4605 quid
528 4511 666 4590 deceat,
692 4533 755 4577 ceu
780 4503 957 4576 Theseum
979 4510 1076 4576 filum
1098 4533 1249 4602 sequan-
1302 4533 1381 4579 rum
1404 4511 1548 4578 illorum
1571 4509 1743 4578 formulas
1763 4511 1854 4578 hene
1876 4511 2060 4582 meditatas
2081 4507 2234 4594 haheat,
2261 4521 2293 4576 et

263 4633 332 4689 tur.
385 4613 473 4684 Nam
498 4626 538 4684 ut
561 4609 703 4692 Zeusis,
735 4633 813 4678 cum
838 4607 1010 4678 Helenam
1034 4609 1249 4680 Crotoniatis
1303 4613 1459 4702 exempla
1482 4625 1640 4680 veterum
1663 4623 1797 4694 teneat,
1825 4615 1921 4681 unde
1944 4615 2070 4698 verba,
2096 4611 2293 4683 sententias

263 4723 440 4813 pingeret,
470 4715 642 4783 inclusam
672 4705 826 4780 habehat
850 4711 888 4778 in
910 4712 1029 4780 animo
1051 4708 1249 4802 pulcherri-
1303 4727 1336 4782 et
1359 4726 1565 4781 ornamenta
1587 4723 1779 4783 mutuetur.
1830 4709 1912 4782 Erit
1934 4714 2053 4808 itaque
2072 4710 2131 4784 hic
2146 4708 2295 4783 libellus

263 4845 357 4890 mam
380 4817 556 4910 quandam
582 4812 742 4882 mulieris
765 4813 930 4904 speciem,
957 4837 1035 4897 seu,
1062 4828 1101 4882 ut
1120 4811 1248 4883 Graeci
1302 4815 1400 4883 velut
1420 4839 1532 4906 penu,
1564 4827 1598 4882 et
1621 4813 1710 4882 sicut
1733 4813 1851 4906 inquit
1873 4811 2122 4910 Thucydides,
2153 4821 2294 4910 κτῆμα,

228 4909 231 4916 ’
263 4924 406 5004 dicunt,
432 4912 554 5014 side'etv
574 4915 756 4984 collectam
774 4939 815 4983 ex
831 4914 973 5006 optimis
989 4915 1172 5006 exemplis:
1200 4915 1246 4984 ita
1301 4917 1397 4984 unde
1420 4919 1630 5008 depromant
1649 4915 1846 4983 orationem
1871 4919 2041 5005 studiosi,
2067 4921 2110 4988 de
2132 4941 2299 5010 quacun-

262 5023 480 5093 iudicaturos
495 5021 538 5087 de
552 5020 722 5097 moribus,
749 5031 888 5109 oportet
902 5017 1020 5085 animo
1037 5031 1154 5086 tenere
1170 5033 1249 5088 tan·
1301 5043 1369 5112 que
1399 5042 1437 5087 re
1468 5019 1658 5088 dicendum
1681 5017 1806 5102 fuerit,
1842 5013 1926 5088 hinc
1951 5032 2180 5110 argumenta,
2216 5016 2302 5088 hine

263 5147 369 5219 quam
405 5123 535 5191 formas
573 5121 742 5212 quasdam
781 5119 951 5188 virtutum
971 5119 1248 5210 descriptiones,
1301 5122 1509 5203 sententias,
1542 5115 1626 5186 hinc
1654 5119 1798 5206 figuras,
1834 5115 1918 5190 hinc
1942 5137 2020 5212 apta
2045 5123 2152 5191 verba
2178 5145 2301 5190 excer-

263 5247 350 5320 quas
365 5225 567 5308 consulant,
590 5244 675 5314 quas
691 5221 913 5302 intueantur,
940 5221 978 5289 in
992 5245 1078 5312 quas
1096 5221 1248 5309 defigant
1300 5237 1397 5312 pant.
1438 5219 1491 5291 M.
1502 5217 1625 5289 Cicero
1640 5241 1806 5309 magnum
1824 5220 2102 5293 instrumentum
2119 5223 2300 5316 eloquen-

262 5327 401 5411 oculos,
433 5327 569 5418 quoties
593 5324 636 5392 de
662 5317 844 5394 honestate
866 5323 1075 5397 deliberant.
1124 5322 1247 5415 Neque
1299 5325 1368 5394 tiae
1398 5324 1434 5393 id
1467 5343 1539 5392 esse
1567 5322 1721 5412 putavit,
1755 5319 1884 5393 habere
1914 5325 2009 5394 locos
2039 5326 2078 5393 in
2101 5337 2299 5396 numerato
