4704 5826
424 243 587 330 neon
627 207 706 320 nn
737 239 939 318 mern:
974 242 1179 320 sunno
1213 243 1457 318 cunts'rt
1495 243 1763 320 arumna
1795 265 1879 320 nc
2095 247 2171 320 see

227 421 428 496 Disceinsen
455 417 564 510 igitur
586 419 682 491 inter
702 411 837 490 Christi
857 410 1056 490 sermonem
1089 432 1121 485 et
1279 413 1377 486 Haec
1397 441 1477 486 cum
1501 418 1604 504 fiant,
1629 418 1780 490 lectione
1803 433 1836 492 et
1858 418 2071 511 cogitatione
2094 445 2169 490 scr-

117 528 233 602 alissn
249 524 457 618 sapientiam
472 536 597 592 notum
621 520 683 601 sit,
710 533 744 590 et
765 519 946 613 propriam
972 520 1036 602 filii
1053 517 1121 590 Dei
1173 519 1290 588 monis
1305 519 1432 603 divini,
1457 521 1698 592 assiduitatem
1716 523 1753 590 in
1769 523 1919 614 legendo
1935 523 2169 592 necessariam

118 653 249 702 vocem
267 627 425 700 studiose
443 645 707 714 cognoscamus.
1174 643 1247 690 esse
1263 621 1503 690 confitendum
1520 637 1583 694 est.
1630 647 1634 654 ·

226 731 297 804 Sed
333 752 398 800 cur
428 751 513 798 usus
540 739 592 798 est
617 723 751 796 Paulus
773 723 882 793 verbo
906 717 1122 793 habitandi?
1273 721 1346 792 Sed
1361 718 1677 796 hicEnthusiastae
1694 725 1838 820 quidam
1857 725 2065 797 reclamant:
2089 721 2168 796 Ab·

117 833 287 906 Priorum
319 845 429 904 totam
456 825 651 900 Ecclesiam
684 826 762 897 vult
793 824 1017 894 domicilium
1047 847 1120 894 esse
1172 821 1235 905 sit,
1263 823 1453 920 inquiunt,
1479 839 1519 896 nt
1542 827 1685 896 lectioni
1707 829 1906 898 tribuamus
1930 823 2017 898 hacc
2042 829 2166 897 incen-

118 933 255 1008 horum
269 935 465 1012 librorum,
492 926 551 1000 hic
566 927 737 1000 custodiri
754 927 832 998 vult
854 922 951 997 hunc
974 920 1118 996 thesau-
1172 926 1250 1010 dia,
1275 951 1365 1019 quae
1387 927 1533 1019 proprie
1553 952 1572 996 a
1594 929 1732 1020 Spiritu
1753 943 1874 1000 sancto
1890 930 2077 1014 oriuntur,
2102 929 2166 1024 qui

118 1063 206 1110 rum
231 1033 475 1130 promissionis
502 1029 613 1102 sDeo
637 1029 806 1109 traditae,
831 1053 939 1122 quarn
963 1041 1119 1098 caeterae
1172 1052 1244 1098 nou
1261 1028 1420 1098 inclusus
1436 1047 1487 1098 est
1509 1029 1655 1124 syllabis
1677 1045 1712 1102 et
1731 1032 1851 1121 figuris
1873 1033 2075 1104 literarum:
2102 1035 2163 1102 sed

119 1155 247 1232 gentes
281 1138 486 1230 negligunt,
521 1147 556 1204 et
580 1129 636 1202 bis
658 1131 762 1202 libris
788 1131 926 1202 reiectis
951 1131 1119 1200 desinunt
1171 1155 1250 1199 cum
1276 1131 1343 1221 ipsi
1366 1132 1471 1216 libet,
1505 1133 1597 1224 rapit
1620 1157 1703 1203 suos
1726 1135 1919 1228 quosdam,
1952 1133 2103 1226 scriptos
2124 1133 2163 1202 in

120 253 201 326 SM

119 1265 200 1313 csse
215 1264 296 1334 pars
319 1239 444 1334 populi
459 1233 540 1310 Dei.
592 1232 691 1305 ldem
715 1233 755 1303 fit
775 1233 814 1300 in
834 1232 984 1322 singulis
1001 1227 1119 1301 homi·

120 1347 352 1514 mbu‘idonee
378 1455 479 1512 tunm
509 1452 638 1546 pectus
673 1449 724 1507 est
757 1434 978 1506 domicilium
1012 1427 1118 1504 huius

122 1548 332 1626 doctrinae,
373 1543 549 1634 tantisper
569 1564 606 1610 es
628 1535 806 1610 Ecclesiae
836 1537 923 1606 civis
950 1551 983 1606 et
1007 1559 1118 1605 mem-

120 1651 230 1720 brum
256 1646 377 1740 populi
400 1643 480 1714 Dei.
530 1641 761 1736 Nequaquam
783 1652 866 1710 sunt
887 1639 980 1710 cives
994 1633 1118 1708 Eccle-

121 1751 208 1843 siae,
235 1750 298 1844 qui
313 1771 378 1818 nec
393 1747 527 1836 legunt,
552 1767 618 1814 nec
632 1743 785 1814 audiunt
800 1735 892 1812 banc
907 1740 1117 1814 doctrinam.

227 1847 276 1922 Et
292 1849 498 1920 nouaclum
515 1859 683 1939 perpetua
703 1843 922 1914 conservatio
946 1844 985 1912 in
1007 1845 1116 1914 verbo
1170 1891 1173 1900 f

122 1953 361 2045 praecipitur,
407 1953 466 2020 sed
512 1949 633 2018 etiam.
654 1946 858 2016 dulcissima
896 1944 1117 2016 familiaritas

123 2056 354 2146 significatur.
407 2050 458 2122 lta
474 2049 697 2120 familiariter
719 2061 753 2118 et
776 2069 879 2138 saepe
895 2045 1117 2138 'colloquaris

122 2181 205 2228 cum
228 2153 390 2238 Christo,
424 2178 504 2224 cnm
528 2149 714 2234 Patribus,
746 2143 934 2240 Prophetis
959 2163 994 2219 et
1018 2145 1117 2240 Apo-

124 2259 245 2343 stolis,
268 2272 308 2328 ut
322 2254 536 2349 colloqueris
551 2277 633 2324 cum
648 2253 693 2321 iis
708 2251 745 2320 in
768 2249 903 2320 familia
924 2265 1002 2336 tua,
1027 2273 1118 2344 quos

124 2361 314 2453 praecipue
328 2379 444 2442 ansas,
471 2369 505 2427 et
520 2379 602 2426 cnm
617 2355 749 2448 quibus
766 2375 893 2422 omncs
915 2367 993 2423 tuas
1015 2375 1118 2423 curas

125 2461 390 2534 commonicare
406 2459 509 2528 soles.

229 2560 283 2634 Ac
296 2583 419 2632 revers
432 2558 530 2630 Deus
544 2559 582 2628 in
601 2557 666 2628 illo
684 2571 825 2651 pectore
841 2551 997 2638 habitat,
1020 2557 1115 2650 quod

126 2661 221 2736 hanc
258 2663 458 2734 doctrinam
492 2662 640 2750 cogitet,
687 2659 912 2751 amplectitur
945 2671 979 2727 et
1014 2672 1116 2728 amat

125 2765 236 2856 Quod
254 2777 307 2834 est
320 2779 437 2835 autem
451 2765 564 2834 mains
581 2763 735 2846 bonum,
758 2784 865 2854 quam
881 2755 967 2831 haec
980 2757 1048 2830 Dei
1064 2763 1118 2830 fa-

123 2867 338 2938 miliaritas?
368 2865 432 2958 qui
463 2861 532 2936 hoc
561 2863 784 2934 domicilium
810 2862 858 2932 ita
882 2861 1051 2948 custodit,
1079 2875 1119 2931 ut

123 2969 233 3042 simul
250 2968 430 3060 impertiat
444 2990 544 3036 suam
558 2965 788 3058 sapientiam,
813 2965 984 3036 iustitiam
1008 2978 1043 3035 et
1065 2963 1118 3033 vi-

124 3087 199 3144 tam
215 3085 410 3143 aeternam.

230 3171 341 3242 Multi
357 3183 441 3242 sunt
456 3183 573 3240 eutem
595 3169 726 3258 gradus
746 3168 1000 3258 negligentium
1026 3163 1119 3236 hanc

123 3274 413 3346 familiaritatem.

228 3374 415 3446 Notissimi
430 3382 514 3440 sunt
529 3365 717 3460 Epicurei,
741 3371 803 3464 qni
820 3363 886 3438 hos
907 3369 1020 3438 libros
1042 3384 1117 3440 tum

124 3479 308 3558 derident,
335 3491 412 3548 tum
429 3476 594 3543 oderunt

231 3577 392 3648 Proximi
415 3587 499 3646 sunt
525 3569 748 3667 hypocritae,
774 3572 835 3666 qui
854 3574 918 3641 etsi
942 3595 1004 3642 sua
1027 3573 1118 3654 deli:

126 3693 289 3754 ramenta
307 3695 342 3750 et
356 3678 451 3749 idola
469 3677 671 3747 anteferunt
684 3675 761 3746 Deo
779 3687 814 3744 et
832 3670 899 3744 his¹
916 3675 1036 3758 libris,
1063 3688 1118 3744 ta-

127 3809 211 3854 men
231 3796 273 3857 ut
296 3783 416 3852 fucum
433 3779 563 3848 faciant
586 3778 737 3868 populo,
758 3779 800 3846 ad
816 3799 895 3846 suas
909 3777 1119 3868 cupiditates

128 3887 239 3956 multa
256 3885 350 3954 dicta
364 3875 556 3973 sophistice
573 3879 772 3952 inflectunt.

229 3985 370 4056 Homm
388 4007 471 4054 cum
488 3982 561 4050 sint
578 3981 753 4078 manifesti
780 3982 938 4064 furores,
964 4003 1038 4049 non
1062 3980 1119 4048 di-

127 4114 204 4160 cam
221 4088 317 4158 utine
332 4089 377 4158 de
393 4087 444 4154 eis
459 4083 647 4174 prolixius:
674 4095 812 4154 tantum
828 4107 893 4152 oro
909 4083 1021 4154 filium
1039 4080 1119 4167 Dei,

126 4205 167 4261 ut
188 4191 358 4283 reprimat
380 4186 561 4269 diabolos,
593 4198 628 4254 et
649 4184 711 4254 illa
734 4185 870 4255 diaboli
891 4208 1040 4274 organa,
1074 4207 1119 4254 ne

126 4293 166 4362 in
180 4289 337 4364 Ecclesia
351 4289 473 4360 multis
490 4303 651 4358 noceant.
946 4301 949 4306 ’

230 4393 307 4464 Alii
322 4405 405 4462 sunt
420 4392 539 4460 minus
556 4389 659 4471 mali,
683 4389 744 4458 sed
762 4402 877 4457 tamen
892 4411 1032 4478 segnes,
1057 4388 1120 4481 qni

127 4519 202 4567 non
226 4497 381 4567 oderunt
402 4493 619 4576 doctrinam,
652 4493 714 4560 sed
748 4489 847 4560 velut
875 4491 988 4562 saturi
1021 4491 1120 4560 fasti-

127 4601 249 4669 diunt:
291 4611 477 4690 postquam
504 4594 614 4664 semel
645 4605 750 4684 atque
785 4593 912 4662 iterum
948 4595 1120 4684 legerunt,

127 4701 331 4771 existimant
348 4723 384 4769 se
400 4711 508 4767 totam
527 4693 593 4764 Dei
608 4694 820 4785 sapientiam
836 4690 1035 4764 exhausisse
1044 4743 1057 4789 ,Ι
1081 4719 1121 4764 ac

128 4803 357 4873 relectionem
388 4823 452 4870 nec
486 4799 737 4880 necessariam,
783 4819 849 4866 nec
881 4799 1006 4868 utilem
1037 4820 1121 4866 esse.

127 4903 268 4976 Horum
286 4903 426 4974 fastidia
442 4899 715 4970 valde-taxanda
731 4913 824 4968 sunt.

231 5006 321 5076 Nam
337 5007 459 5074 crebra
473 5002 577 5072 lectio
595 5025 667 5070 non
686 5015 823 5070 tantum
843 4995 912 5070 hoe
928 5002 1054 5084 adfert,
1081 5014 1121 5072 nt

127 5119 242 5180 totum
259 5106 444 5177 doctrinae
463 5127 593 5194 corpus
617 5104 678 5173 liat
703 5104 842 5186 notius,
864 5105 924 5172 sed
941 5103 1045 5174 etiarn
1062 5127 1120 5172 ac-

129 5210 248 5282 cendit
266 5221 385 5280 motus
408 5206 539 5290 animi,
565 5205 675 5274 flectit
698 5207 743 5274 ad
766 5203 1036 5296 poenitentiam,
1062 5205 1121 5274 in-

128 5312 217 5384 cutit
243 5315 414 5391 cerroto,
448 5307 618 5380 exuscitet
647 5307 930 5392 invocationem,
961 5309 1122 5379 medetur

129 5413 328 5486 doloribus.

178 5521 355 5585 Mesenen.
375 5520 479 5583 Ocra.
495 5517 577 5582 Vos.
593 5514 655 5582 xl.

1171 1233 1337 1304 fatalibus
1353 1234 1494 1307 tabulis.

1272 1333 1354 1406 Scio
1386 1337 1579 1406 multorum
1611 1337 1727 1407 studia
1758 1337 1965 1428 languefieri
1990 1332 2055 1406 lsac
2084 1335 2164 1428 opi-

1171 1435 1297 1521 nione,
1335 1452 1368 1508 et
1391 1439 1494 1506 valde
1517 1439 1622 1508 doleo
1641 1439 1745 1508 etiam
1769 1440 1891 1511 doctos
1906 1440 2078 1534 quosdam
2098 1432 2163 1508 has

1170 1539 1412 1629 persuasiones
1428 1555 1462 1610 et
1477 1563 1593 1610 amare
1609 1555 1643 1610 et
1657 1541 1877 1624 confirmare,
1902 1542 2032 1636 quibus
2043 1528 2162 1610 omni-

1171 1641 1237 1709 bus
1253 1665 1396 1734 oppono
1414 1641 1591 1712 luculente
1610 1643 1831 1730 testimonia,
1857 1667 1947 1737 quae
1961 1641 2162 1712 labefactari

1170 1743 1272 1816 nullo
1287 1745 1393 1813 modo
1412 1759 1569 1834 possunt.

1272 1842 1365 1916 Nota
1383 1871 1450 1915 vox
1470 1859 1521 1916 est
1535 1845 1656 1916 Pauli:
1681 1843 1917 1935 Evangelium
1934 1860 1986 1917 est
2001 1845 2160 1938 potentia

1170 1943 1236 2015 Dei
1259 1948 1301 2016 ad
1325 1947 1473 2018 salutem
1496 1949 1594 2018 mnni
1619 1949 1787 2018 credenti.
1854 1945 1957 2018 ltem:
1993 1947 2099 2020 Fides
2120 1971 2161 2018 ex
2224 2034 2226 2041 Ι

1170 2045 1295 2118 auditu
1326 2063 1386 2118 est.
1446 2047 1550 2119 ltem:
1585 2047 1821 2141 Evangelium
1847 2064 1899 2121 est
1924 2049 2160 2121 ministerium

1169 2149 1336 2240 Spiritus.

1272 2267 1355 2338 Non
1374 2263 1432 2338 hic
1458 2269 1602 2362 quidem
1625 2269 1734 2340 sentit
1757 2267 1935 2340 inclusum
1958 2291 2031 2339 esse
2046 2267 2163 2362 Spiri-

1170 2383 1245 2440 tum
1264 2384 1425 2442 sanctum
1440 2371 1478 2440 in
1492 2372 1674 2442 literarum
1688 2370 1827 2462 figuras,
1846 2373 1906 2442 sed
1923 2373 2077 2443 celebrat
2092 2372 2162 2440 im·

1108 2513 1111 2518 -
1171 2495 1326 2541 mensam
1342 2473 1536 2542 honitatem
1552 2473 1637 2555 Ilei,
1664 2474 1726 2568 qui
1751 2467 1847 2544 hunc
1867 2473 1984 2566 ipsum
1998 2474 2161 2543 ordinem
2262 2531 2264 2535 .

1170 2587 1204 2644 et
1220 2575 1349 2664 agendi
1365 2576 1509 2644 modum
1526 2575 1692 2646 instituit.

1272 2688 1483 2785 Alloquitur
1513 2716 1650 2763 summa
1678 2693 1864 2764 clementis
1895 2717 2005 2786 genus
2035 2688 2163 2763 huma-

1169 2815 1275 2879 num,
1301 2793 1379 2864 vult
1401 2795 1519 2864 audiri
1540 2819 1640 2864 suam
1667 2819 1809 2882 vocem,
1835 2794 1886 2866 ibi
1909 2799 1988 2868 vult
2008 2793 2165 2888 conspici

1169 2919 1269 2964 suam
1295 2895 1535 2982 voluntatem,
1569 2889 1635 2966 hac
1663 2921 1767 2983 voce,
1800 2923 1881 2968 cum
1907 2913 1942 2971 et
1969 2898 2163 2986 cogitamus

1171 3021 1265 3082 eam,
1299 3009 1335 3068 et
1356 2998 1535 3070 luctamur
1557 2997 1652 3068 inter
1676 2992 1949 3092 trepidationes,
1973 3015 2014 3072 ut
2034 3001 2164 3092 pavida

1170 3123 1270 3170 mens
1285 3099 1520 3186 adsentiatur,
1546 3113 1581 3171 et
1597 3123 1662 3170 nos
1678 3101 1764 3192 erigi
1787 3100 1957 3194 petimus,
1984 3103 2164 3184 verissime

1171 3200 1326 3292 Spiritus
1343 3215 1483 3272 sanctus
1499 3216 1551 3272 est
1564 3203 1696 3279 efficax.

1284 3319 1423 3412 Sepone
1440 3321 1510 3419 iam
1528 3323 1667 3391 tabulas
1685 3323 1764 3392 illas
1779 3324 1914 3411 fatales,
1940 3349 2026 3418 quas
2042 3323 2165 3416 inqui-

1170 3445 1248 3490 rere
1270 3446 1344 3490 non
1367 3437 1419 3492 est
1439 3437 1610 3495 nostrum.
1662 3423 1743 3494 Huc
1765 3425 1867 3496 flecte
1890 3441 2067 3516 mentem,
2093 3449 2163 3518 quo

1171 3537 1205 3612 te
1224 3537 1325 3593 vocat
1340 3521 1449 3598 Deus.
2138 3520 2142 3530 '

1275 3638 1448 3713 Universa
1472 3645 1632 3713 doctrina
1656 3645 1815 3716 coelestis
1839 3645 2016 3728 clamitat,
2049 3642 2164 3714 Deum

1171 3767 1212 3812 ex
1241 3765 1306 3812 suo
1335 3766 1497 3836 sermone
1525 3749 1806 3836 cognoscendum
1833 3771 1924 3818 esse:
1958 3748 2164 3819 mandatum

1171 3845 1330 3916 omnium
1347 3869 1524 3917 summum
1542 3873 1642 3942 lesse,
1668 3863 1709 3920 nt
1732 3844 1818 3920 haec
1835 3849 1910 3942 ipsa
1933 3849 2061 3940 scripta
2081 3857 2166 3939 pro'-

1172 3941 1313 4038 phetiea
1335 3963 1369 4020 et
1393 3951 1584 4041 apostolica
1606 3953 1813 4022 audiantur:
1850 3966 1889 4022 ut
1908 3951 1947 4020 in
1962 3949 2047 4022 Deo.
2062 3975 2165 4020 meu-

1171 4051 1482 4220 tessquffiescam'
1509 4053 1604 4124 iuxta
1628 4049 1714 4124 haec
1732 4053 1950 4137 testimonia,
1978 4077 2069 4148 quae
2089 4053 2165 4148 ipse

1171 4165 1225 4221 tra
1254 4177 1263 4219 ι
1292 4165 1331 4223 ιι.
1838 4171 1846 4180 “

1184 4323 1197 4338 .
1274 4269 1371 4340 Haec
1387 4295 1461 4342 non
1477 4273 1522 4344 ab
1539 4271 1687 4357 ociosis,
1712 4273 1843 4344 securis
1869 4285 1904 4342 et
1927 4273 2035 4342 ebriis
2050 4271 2164 4350 admi-

1172 4372 1309 4444 ratione
1326 4373 1380 4444 sui
1397 4373 1546 4444 iudicari
1563 4389 1727 4466 possunt:
1753 4377 1814 4445 sed
1837 4377 1883 4446 ab
1903 4373 1965 4461 iis,
1991 4374 2164 4468 quiveris

1172 4476 1358 4546 doloribus
1375 4477 1533 4568 oppressi
1551 4493 1646 4550 sunt.

1273 4589 1425 4664 Homini
1442 4607 1686 4679 consternato,
1712 4595 1774 4688 qui
1793 4597 1835 4664 ad
1859 4593 2073 4686 supplicium
2094 4595 2163 4662 du-

1172 4697 1283 4781 citur,
1317 4697 1403 4788 quid
1425 4697 1543 4766 dices?
1594 4696 1690 4767 Num
1712 4697 1852 4767 iubebis
1873 4711 1914 4767 ut
1938 4697 2093 4786 disputet
2119 4699 2162 4762 dc

1173 4799 1372 4870 electione?
1426 4795 1485 4867 An
1511 4823 1585 4869 non
1602 4799 1721 4891 potius
1737 4823 1857 4868 vocem
1874 4796 2063 4886 Evangelii
2078 4821 2162 4888 pro-

1172 4925 1300 4992 pones,
1326 4924 1415 4994 quac
1440 4915 1535 4972 certo
1559 4901 1886 4971 reconciliationem
1909 4899 2030 4970 offert:
2055 4907 2095 4968 et
2112 4899 2163 4967 si-

1173 5003 1264 5088 mul,
1290 5019 1330 5074 ut
1345 5001 1520 5095 Baptista,
1549 5005 1762 5074 monstrabis
1781 5025 1929 5094 agnum,
1951 5003 2064 5070 filium
2083 5001 2162 5083 Dei,

1172 5118 1207 5176 et
1233 5118 1370 5197 repetes
1396 5101 1490 5175 hanc
1519 5107 1745 5191 concionem,
1787 5129 1877 5200 qnae
1904 5105 2091 5195 praecipit,
2123 5118 2164 5174 ut

1172 5199 1269 5277 hunc
1285 5207 1497 5278 audiamus?
1527 5203 1587 5278 Ab
1601 5209 1768 5278 omnibus
1790 5209 1867 5278 vult
1887 5207 2028 5297 agnosci
2050 5206 2162 5274 lilium

1171 5320 1336 5380 aeternus
1360 5324 1475 5402 pater,
1501 5323 1535 5383 et
1556 5323 1701 5403 propter
1716 5333 1797 5382 eom
1813 5321 1908 5382 certo
1928 5333 1993 5379 nos
2005 5323 2039 5381 st
2056 5307 2163 5399 gratis

1173 5409 1309 5504 recipit.

1675 5511 1726 5589 67
