4614 5820
105 250 171 326 ccc
786 246 952 326 nucu.
1004 245 1079 324 un
1112 205 1438 324 cunnosro.
1586 205 1592 234 ¹
2023 261 2130 342 scr

37 495 38 500 ,
190 415 304 492 Porro
329 413 417 490 haec
437 417 564 500 merita
580 431 674 490 recte
697 417 900 492 docentium
918 435 953 494 et
975 422 1089 513 repri-
1137 431 1261 506 tuum,
1285 443 1366 489 curn
1384 417 1522 510 Spiritu
1539 434 1677 492 sancto:
1702 425 1838 518 suscipe
1855 451 1914 500 me
1935 443 1971 504 et
1996 433 2051 506 lac
2071 459 2129 506 me

100 523 263 595 ruentium
287 544 444 606 errores,
475 545 550 592 non
572 522 750 592 ducantur
770 545 844 592 esse
868 521 976 606 levia:
1004 549 1087 594 narn
1135 520 1269 592 socium
1285 521 1552 592 resurrectionis
1567 539 1768 598 sanctorum
1786 543 1948 618 tuorum,
1973 529 2103 612 Amen.
2229 593 2232 600 ,

99 629 141 698 ita
155 647 233 694 vere
251 637 479 714 conservatur
500 623 628 714 pignus
646 623 738 694 vitae
753 639 933 708 aeternae,
958 626 1088 696 videli-
1236 619 1333 692 Haec
1350 625 1435 692 dum
1450 624 1544 692 clara
1557 649 1643 694 voce
1658 628 1830 718 clamitat,
1855 633 1999 706 interim
2023 637 2126 710 llam-

98 743 144 800 cct
159 727 320 796 doctriua
346 725 523 810 coelestis,
549 723 723 796 retinetur
745 727 879 814 agnitio
904 753 987 798 vera
1005 725 1084 808 Dei,
1133 747 1189 794 ma
1203 745 1239 793 se
1252 725 1377 815 pandit
1393 737 1427 795 et
1443 726 1537 796 cedit
1550 730 1701 819 corpori.
1752 731 1831 804 Stat
1854 757 1958 806 senex
1976 738 1989 806 i
2018 751 2124 828 teger,

98 841 236 902 ornatur
260 827 375 918 gloria
396 824 485 914 Dei,
521 840 737 918 propagatur
766 823 946 916 Ecclesia,
980 829 1084 900 multi
1132 825 1269 909 alacris,
1295 850 1369 896 non
1386 827 1542 898 sentiens
1556 829 1727 916 flammas,
1752 846 1793 904 ut
1809 835 1895 904 olim
1910 838 1948 906 in
1965 762 2125 912 Chaldee

96 945 261 1002 vocantur
280 931 326 998 ad
343 927 451 998 vitam
467 940 664 1014 aeternam,
689 919 832 1002 liberati
849 955 868 1000 a
892 932 1082 1026 tyrannide
1131 929 1259 999 servati
1275 929 1410 998 suntin
1425 927 1592 1000 incendio
1610 932 1776 1004 tresviri.
1809 933 2038 1030 Conspicitur
2051 943 2123 1030 ful-

95 1032 234 1104 diaboli.
286 1029 384 1102 llaec
407 1053 483 1100 non
499 1043 583 1100 sunt
604 1030 742 1100 minora
761 1033 867 1104 rebus
883 1034 988 1123 gestis
1003 1031 1081 1104 Sci·
1129 1051 1215 1118 gens
1239 1031 1390 1100 candida
1412 1030 1510 1116 luce,
1536 1044 1570 1101 ct
1587 1034 1793 1120 exauditur,
1819 1040 2000 1112 celebrans
2024 1039 2121 1116 hunc

94 1135 221 1226 pionis,
247 1147 310 1206 aut
335 1131 506 1205 similium
528 1131 708 1202 bonorum
730 1135 872 1210 ducum.
924 1131 1081 1206 Ornavit
1128 1128 1245 1200 Deum
1268 1145 1405 1223 patrem
1432 1129 1513 1204 lesu
1538 1129 1675 1206 Christi
1709 1138 1931 1210 conditorem
1957 1145 2120 1218 omniurn

94 1239 147 1306 illc
176 1236 301 1306 urbem
326 1230 480 1306 Romam
510 1233 708 1302 accessione
738 1234 897 1325 imperii,
930 1237 1081 1327 legibus,
1127 1256 1257 1303 rerum.

92 1340 210 1430 opibus
225 1333 406 1406 consuluit
421 1333 568 1404 utilitati
582 1333 726 1408 civium.
760 1332 888 1408 Fateor
903 1333 1078 1408 haeresse
1229 1331 1343 1403 Valde
1358 1357 1522 1425 cuperem
1540 1335 1585 1404 de
1606 1336 1680 1426 ipsa
1695 1341 1908 1430 precationis
1928 1345 2042 1417 forma
2057 1372 2118 1420 co-

92 1463 208 1528 magna
224 1452 260 1510 et
276 1435 414 1506 divina:
441 1435 501 1506 sed
519 1457 578 1516 ea,
604 1435 750 1528 quaein
768 1433 925 1510 Ecclesia
946 1463 1075 1532 gerun-
1126 1435 1259 1526 piosius
1276 1434 1402 1504 dicere.
1453 1434 1523 1506 Sed
1542 1437 1686 1528 vosipsi
1709 1445 1913 1532 expendite,
1940 1471 2002 1518 cur
2025 1450 2118 1520 resc-

91 1555 143 1612 tur
155 1541 288 1609 maiora
303 1551 399 1623 suut,
417 1533 578 1606 etaDeo
593 1537 696 1608 aliter
709 1539 965 1628 gubernantur.
991 1537 1077 1609 Bel·
1126 1551 1181 1606 rat
1196 1537 1245 1606 sic
1260 1537 1412 1607 describi
1426 1533 1558 1624 Deum,
1583 1551 1718 1632 patrem
1738 1539 1816 1614 lesu
1829 1539 1972 1620 Christi.
2015 1550 2117 1624 Sicut

91 1645 252 1732 ligeratur
284 1639 379 1708 lilius
411 1637 480 1708 Dei
512 1639 679 1709 adversus
708 1639 891 1714 diabolum
918 1641 1085 1736 mirabili
1123 1637 1333 1732 plerumque
1357 1651 1391 1708 et
1410 1635 1542 1709 Paulus
1564 1639 1740 1734 loquitur,
1765 1659 1806 1716 ut
1830 1649 1941 1719 multa
1963 1667 2117 1742 moneat,

90 1745 187 1814 modo
212 1765 277 1834 per
298 1741 458 1811 membra
480 1763 562 1826 sua,
586 1735 675 1834 qliae
694 1742 886 1814 admodum
908 1744 1077 1814 videntur
1123 1741 1288 1810 videlicet
1312 1741 1471 1810 exaudiri
1493 1765 1559 1812 nos
1583 1757 1727 1834 propter
1747 1746 1872 1836 filium,
1896 1749 1981 1826 item
2004 1769 2116 1828 caete-

91 1845 271 1916 imbecssh,
1123 1865 1180 1910 ras
1201 1856 1320 1932 gentes
1343 1835 1535 1913 maledicas
1553 1844 1592 1911 in
1609 1839 1814 1940 Christum,
1850 1874 1925 1922 non
1947 1853 2116 1934 invocare

180 1945 379 2038 Reliquum
396 1955 466 2028 cst,
485 1955 526 2012 ut
539 1941 583 2012 de
598 1955 710 2013 morte
726 1943 853 2014 dicam.
884 1939 989 2016 'Cum
1003 1945 1074 2016 iarn
1121 1939 1257 2030 Deum,
1287 1943 1426 2013 tametsi
1448 1945 1684 2035 profiteantur
1706 1971 1743 2018 se
1766 1949 1932 2026 iuvocare
1953 1963 2115 2036 condito-

90 2051 152 2118 lere
167 2045 437 2136 nonagesimum
454 2055 573 2132 ageret
588 2067 744 2130 annum,
771 2059 804 2116 et
820 2041 994 2117 Ecclesias
1010 2049 1075 2118 diu
1121 2068 1196 2113 rem
1213 2069 1345 2130 rerum,
1365 2058 1406 2115 ut
1421 2069 1518 2116 nunc
1534 2043 1657 2118 ludaei
1675 2063 1709 2120 et
1726 2045 2009 2132 Mahomctistac.
2041 2063 2113 2138 Sed

90 2174 203 2240 magno
218 2149 342 2218 labore
357 2143 522 2228 rexisset,
549 2147 692 2214 tandem
714 2147 852 2238 rapitur
866 2150 911 2218 ad
935 2149 1071 2242 suppli·
1120 2139 1207 2216 haec
1229 2147 1327 2219 alias.

89 2253 184 2326 cium.
235 2248 376 2320 Multae
393 2257 477 2316 sunt
492 2243 586 2313 enim
603 2269 742 2333 causac,
768 2273 877 2341 quare
892 2245 988 2318 Deus
1001 2245 1073 2320 Ec·
1221 2245 1324 2318 Nunc
1348 2249 1392 2318 de
1411 2245 1627 2342 Polycarpo:
1661 2254 1802 2328 stabant
1827 2253 2057 2350 Magistratus
2077 2282 2113 2341 et

89 2353 218 2424 clesiam
252 2349 350 2420 cruci
376 2345 576 2420 subiecerit.
632 2345 704 2418 Sed
727 2351 823 2441 quod
857 2351 896 2418 in
922 2351 1072 2441 publicis
1118 2349 1298 2419 carnifices
1314 2349 1497 2442 stupefacti
1515 2376 1553 2420 re
1570 2351 1758 2442 inusitata,
1783 2383 1864 2429 cum
1879 2362 2042 2440 viderent
2057 2393 2112 2440 se-

89 2454 285 2545 spectaculis
302 2464 372 2522 tam
390 2450 492 2546 foede
506 2470 621 2517 suosa
639 2451 799 2544 tyrannis
813 2451 961 2521 lacerari
975 2453 1072 2538 sinit,
1118 2473 1201 2520 nem
1231 2451 1393 2520 illaesum
1428 2453 1558 2524 vivere.
1610 2453 1774 2528 Tandem
1808 2460 1906 2534 iubet
1921 2479 2111 2560 ,tyrannus

89 2558 166 2626 duae
181 2569 266 2626 sunt
283 2551 490 2644 praecipuae
508 2572 643 2624 causae.
1119 2575 1199 2622 cum
1217 2551 1335 2641 gladio
1351 2554 1535 2624 transfodi.
1586 2553 1664 2626 llac
1681 2583 1766 2630 nece
1781 2561 1899 2634 minus
1915 2589 2014 2638 saeva
2030 2595 2112 2664 per-

177 2655 314 2738 Altera,
341 2653 437 2745 quod
454 2651 531 2720 vult
545 2651 701 2744 conspici
718 2651 920 2723 testimonia
936 2653 1070 2724 doctri·
1118 2653 1214 2724 misit
1228 2651 1325 2724 Deus
1346 2677 1464 2724 senem
1488 2657 1665 2748 extingui,
1690 2676 1770 2752 post
1790 2665 1948 2738 auditam
1965 2669 2004 2738 in
2023 2697 2109 2765 rogo

88 2782 155 2833 uae.
202 2757 266 2830 Sic
300 2755 445 2844 adparet
471 2775 553 2822 vere
579 2776 646 2822 nos
676 2755 808 2823 sentire
833 2751 1068 2841 Evangelium
1115 2754 1294 2846 publicam
1312 2757 1580 2830 confessionem.

86 2860 248 2930 divinitus
265 2880 337 2926 esse
354 2853 542 2938 traditum,
568 2879 648 2923 curn
664 2855 756 2924 vitae
770 2855 1007 2927 antescrimus.
1218 2855 1399 2926 Recensui
1413 2858 1556 2928 brevem
1571 2861 1614 2928 de
1631 2857 1827 2956 Polycarpo
1845 2859 2042 2958 historiam,
2067 2875 2107 2945 in

176 2959 301 3031 Altera
317 2969 379 3039 est,
399 2957 494 3048 quod
510 2955 589 3024 vult
602 2947 668 3024 hos
683 2981 839 3027 summos
854 2957 949 3026 viros
965 2970 1069 3028 testes
1114 2983 1184 3052 qua
1199 2951 1266 3027 hoc
1283 2958 1469 3050 praecipue
1484 2961 1769 3050 meminerimus,
1797 2961 1893 3038 hunc
1908 2973 2106 3046 auditorem

86 3055 502 3133 essedeimmortalitutc.
544 3053 639 3144 Quia
654 3059 748 3126 enim
763 3058 923 3128 scelerati
942 3073 975 3129 et
989 3059 1067 3151 pol·
1117 3055 1296 3144 Iohannis,
1321 3071 1444 3130 testem
1460 3084 1525 3130 nos
1543 3056 1674 3132 habere
1693 3065 1888 3160 doctrinae,
1914 3097 2019 3166 quam
2037 3071 2107 3148 Ec-

85 3165 143 3234 luti
167 3163 270 3234 omni
296 3156 517 3248 turpitudine
544 3181 641 3226 nunc
665 3159 827 3228 saeviunt
851 3159 890 3227 in
917 3175 1069 3245 sanctos,
1114 3160 1239 3231 clesiae
1263 3173 1403 3232 nostrae
1437 3163 1659 3254 profitentur.
1710 3163 1852 3240 Deinde
1881 3187 1916 3246 et
1948 3179 2106 3268 exempla

86 3267 202 3359 quihus
223 3277 329 3336 antea
352 3257 508 3330 vidimus
536 3259 655 3328 adesse
680 3255 819 3346 Deum,
850 3283 990 3330 necesse
1016 3275 1068 3332 est
1112 3264 1345 3346 admoneant,
1370 3288 1436 3334 nos
1460 3267 1505 3334 ad
1530 3267 1721 3337 certamina
1746 3283 1780 3340 ct
1798 3271 1955 3362 pericula
1976 3281 2105 3368 vocari,

85 3367 241 3452 iudicari,
275 3365 381 3434 aliam
408 3371 540 3430 restare
567 3359 696 3446 vitam,
728 3361 766 3428 in
793 3386 862 3454 qua
889 3361 984 3432 Deus
1012 3361 1066 3448 iis,
1112 3388 1152 3434 ac
1177 3363 1294 3436 Deum
1321 3365 1426 3434 nobis
1452 3366 1558 3437 etiam
1589 3367 1683 3438 inter
1708 3371 1868 3444 flammas
1894 3377 2102 3451 adiuturum

85 3493 162 3560 quos
178 3471 294 3560 palam
312 3461 514 3555 complexus
531 3475 592 3548 est,
614 3461 769 3554 praemia
785 3463 990 3533 redditurus
1005 3478 1066 3548 est,
1112 3490 1198 3536 esse.
1248 3465 1345 3538 Dixi.

85 3583 113 3638 et
129 3571 243 3662 impiis
267 3588 409 3660 poenas.
461 3555 553 3634 Cum
576 3563 673 3631 vides
688 3561 859 3644 Paulum,
887 3565 948 3662 qui
968 3589 1065 3634 mor-

84 3682 155 3740 tuos
169 3673 396 3750 excitaverat,
421 3663 571 3734 interfici
594 3687 613 3733 a
632 3677 783 3757 tyranno
808 3665 969 3734 omnium
995 3665 1059 3734 im-

84 3773 285 3860 purissimo,
319 3791 393 3837 non
416 3767 546 3836 senties
567 3763 718 3836 Paulum
748 3763 866 3836 aDeo
888 3767 1063 3837 abiectum
1109 3781 1176 3854 No,
1191 3779 1254 3856 71,
1931 3819 1981 3865 an,
2007 3799 2102 3871 1542,

85 3895 163 3944 csse:
188 3879 250 3945 scd
271 3884 401 3942 restare
419 3867 518 3936 aliud
541 3865 714 3937 iudicium
736 3881 815 3959 post
835 3863 927 3938 hanc
943 3869 1063 3940 vitam.
1112 3881 1245 3913 Μ
1922 3873 2096 3919 “⁴'‘-

83 3967 168 4065 Ergo
184 3971 271 4045 haec
288 3970 445 4060 exempla
459 3969 498 4036 in
515 3964 672 4038 Ecclesia
689 3983 771 4040 srmt
787 3969 927 4040 usitata:
959 3995 1062 4063 prae·
1423 3945 1500 4030 DC
1526 3942 1784 4034 Ambrosii&

84 4076 173 4166 cipua
187 4077 324 4148 lumina
343 4071 420 4142 vult
437 4070 550 4153 Deus,
574 4069 613 4138 in
633 4065 689 4140 his
706 4073 932 4164 spectaculis,
959 4086 1063 4162 testes
1179 4106 1210 4160 ιη
1224 4063 1349 4162 bertam.
1363 4105 1395 4164 τ,
1405 4105 1439 4160 tt.
1457 4121 1483 4174 p.
1498 4105 1635 4178 asssqq„
1659 4107 1775 4163 servor.
1791 4111 1824 4168 T.
1834 4113 1867 4168 tt.
1881 4135 1906 4188 p.
1915 4117 1973 4174 277.
1988 4129 2014 4174 et
2028 4123 2101 4194 apud

82 4175 148 4246 fieri
163 4178 353 4249 doctrinae,
1213 4173 1340 4229 Richard.
1359 4173 1391 4232 Τ.
1406 4175 1453 4228 lll.
1472 4191 1499 4242 p.
1512 4175 1573 4228 665.
1591 4206 1625 4215 -
1660 4175 1821 4259 Adscriptus
1834 4195 1873 4238 ert
1886 4187 1997 4255 quidem
2012 4208 2105 4247 annu,

1213 4243 1291 4298 1⁶41.
1312 4243 1358 4298 sed
1379 4262 1409 4296 er
1433 4259 1537 4298 errore.
1574 4242 1646 4296 Num
1667 4263 1696 4298 er
1711 4245 1838 4315 Eputolis
1855 4252 1916 4312 Vol.
1932 4254 1980 4311 lV.
1997 4274 2025 4327 p.
2039 4261 2099 4317 854,

175 4278 314 4370 Raptus
337 4273 446 4366 igitur
460 4273 506 4342 ad
526 4269 738 4364 supplldum
756 4267 971 4364 P⁰ll⁷⁰³rpu⁵
988 4296 1062 4392 ij
1210 4309 1271 4368 857.
1286 4311 1347 4369 861.
1366 4312 1429 4366 satis
1445 4311 1624 4384 perspicitur,
1648 4311 1722 4368 hauc
1739 4318 1890 4376 orationem
1912 4323 1946 4378 ad
1965 4344 2008 4382 an.
2022 4329 2101 4388 1⁵42.

83 4379 217 4466 ponitur
245 4401 331 4469 rogo
356 4375 513 4459 ardenti,
546 4387 586 4443 ut
616 4395 743 4464 corpus
764 4373 956 4442 ustulatum
986 4397 1061 4461 rgnr
1213 4379 1383 4435 referendam
1401 4398 1469 4436 esse.

84 4491 266 4562 torreatur,
305 4493 341 4550 et
372 4479 479 4566 longo
513 4473 670 4592 cruciatu
703 4487 942 4592 consumatur.
966 4559 969 4571 ¹
992 4472 1062 4594 llic
1110 4529 1238 4598 Oratio
1258 4524 1304 4596 de
1323 4523 1407 4596 divo
1430 4515 1670 4596 Amr-osio
1719 4525 1851 4602 habita
1871 4537 1982 4610 “Ma
2013 4543 2056 4613 ,t

84 4603 154 4650 cum
166 4598 232 4656 stat
248 4584 342 4653 inter
358 4581 518 4660 flammas
536 4590 661 4667 rncrprt
682 4569 738 4644 hrs
755 4577 871 4644 verbis
888 4591 1061 4666 precatio·
1676 4577 1692 4614 ’
1979 4563 2039 4636 9⁸⁸
2057 4565 2099 4616 ²⁴⁰

84 4703 172 4770 ncm,
196 4709 286 4779 quae
307 4683 358 4752 sic
374 4681 550 4764 recitabo,
574 4690 614 4748 ut
630 4689 749 4746 extant
771 4677 810 4745 in
827 4671 996 4760 historia,
1023 4691 1062 4748 ut
1273 4629 1516 4716 Mmem'
1541 4627 1763 4726 M³D⁰Xa
1790 4631 1934 4730 (¹542)

85 4785 226 4872 cogitetis
241 4785 420 4880 quomodo
437 4796 583 4864 veteres,
609 4793 641 4849 ct
657 4777 849 4848 direxerint
865 4779 1061 4850 orationem
1111 4761 1263 4865 Quoties
1286 4767 1353 4842 hos
1383 4772 1547 4863 publicos
1568 4770 1867 4850 scholasticorum
1894 4807 2099 4876 congressus

86 4886 124 4953 ad
143 4884 271 4975 Deum,
300 4899 336 4958 ct
364 4886 403 4954 in
425 4881 502 4976 ipsa
525 4894 641 4952 morte
667 4879 923 4950 confessionem
947 4881 1063 4956 decla-
1108 4879 1270 4972 intueor,
1305 4872 1400 4945 subit
1433 4874 1591 4944 animum
1623 4877 1807 4965 cogitatio,
1842 4907 1923 4953 cum
1949 4889 1993 4957 dc
2019 4893 2099 4966 aliis

84 4992 236 5064 merim,
1109 4979 1202 5048 vitae
1217 4975 1396 5068 partibus,
1421 4989 1498 5046 tum
1518 4999 1603 5045 vero
1619 4979 1768 5050 maxime
1784 4979 1828 5051 de
1842 4979 2016 5076 Ecclesia,
2041 4997 2099 5066 cui
2185 5038 2188 5044 2

174 5089 268 5162 Deus
291 5103 390 5182 pater
412 5085 533 5157 dilecti
557 5084 622 5153 lilii
644 5083 698 5155 tui
720 5079 799 5153 lesu
822 5077 974 5164 Christi,
999 5107 1062 5176 pcr
1110 5077 1225 5150 studia
1238 5091 1358 5149 nostra
1372 5077 1561 5170 praecipue
1575 5077 1745 5155 serviunt.
1784 5080 1946 5180 Cumque
1960 5115 2097 5167 mecum

86 5211 179 5279 quern
192 5194 407 5283 agnitionem
424 5189 478 5260 tui
490 5187 705 5278 accepimus,
731 5185 896 5256 conditor
917 5185 1063 5254 univer·
1109 5180 1236 5252 tacitus
1252 5195 1389 5271 repeto,
1408 5179 1557 5274 ,quantis
1577 5179 1790 5278 iudeusqne
1805 5186 1851 5255 ab
1866 5187 1970 5260 initio
1991 5199 2099 5270 moti-

85 5309 135 5359 sae
156 5309 348 5379 creaturae,
367 5308 402 5364 te
425 5293 571 5372 invoco,
592 5301 627 5358 te
650 5287 820 5358 confiteor
839 5309 962 5358 verum
989 5309 1063 5356 csse
1110 5285 1175 5352 bus
1192 5295 1353 5376 quassata
1368 5281 1425 5365 sit,
1451 5294 1596 5372 propter
1610 5281 1792 5354 doctrinae
1806 5293 2035 5383 corruptelas,
2058 5323 2098 5372 ac

85 5383 206 5482 Deum,
230 5411 263 5468 te
279 5395 439 5487 glorifico
456 5415 518 5486 per
531 5389 739 5460 Pontificem
755 5389 922 5458 dilectum
945 5387 1061 5460 lilium
1091 5383 1283 5502 pericula,
1315 5383 1646 5554 quaesgrppendcnt
1680 5388 1877 5476 posteritati
1911 5400 2099 5492 prospicio,
