4718 5828
90 241 129 320 65
493 245 494 250 '
545 231 708 310 DECb.
739 230 813 308 DE
847 225 1126 306 ENCOMIO
1158 215 1618 322 ttuootttttttttata'
2005 237 2086 310 'oo

88 404 227 490 lacileest
245 409 413 480 iudicare.
452 405 526 480 Nec
540 407 636 479 videt
653 429 756 477 senex
774 406 835 476 ille
860 401 1046 503 synthesin
1098 429 1177 474 cum
1211 403 1372 472 nondum
1402 401 1474 473 sint
1508 402 1672 496 perpoliti
1706 403 1829 496 primis
1858 407 2082 480 rudimentis.

88 542 143 590 esse
156 510 427 606 grammaticam,
453 535 533 582 cnm
556 511 763 580 universum
780 533 899 580 sexum
915 507 1046 602 plurali
1097 505 1212 576 Deum
1226 503 1478 586 immortalem,
1505 529 1609 598 quarn
1627 507 1840 577 infoeliciter
1854 511 1954 581 cessit
1971 512 2083 598 maio-

87 614 439 706 rerbocomplectitur.
490 611 628 684 Similia
644 605 772 682 horum
795 613 951 704 exempla
972 635 1045 678 non
1097 609 1196 678 ribus
1212 605 1343 677 nostris
1358 601 1453 696 ,haec
1474 607 1752 700 praecipitantia.
1804 608 1950 682 Nullum
1973 635 2083 702 genus
2153 667 2154 670 ,

87 745 149 794 rara
176 715 408 810 suppeditabit
442 713 671 808 quotidianus
704 713 918 805 scriptorum
952 735 1048 785 usus.
1098 711 1226 780 artium
1249 709 1490 800 superioribus
1513 709 1638 778 seculis
1659 735 1733 778 non
1750 711 1850 780 foede
1873 737 2085 806 conspurca-

87 821 240 894 Postremo
255 839 361 910 qnam
377 814 483 884 aliam
509 817 556 884 ob
578 839 716 884 carrsam
732 810 919 906 Sophistae
941 812 1047 883 sacris
1097 825 1172 882 tum
1197 825 1249 882 est
1267 813 1312 880 ab
1337 806 1410 896 bis,
1437 809 1598 904 quicum
1621 811 1849 902 elegantiores
1869 815 1988 884 literas
2009 841 2084 886 non

87 924 166 992 libris
190 918 372 1008 ablegatis,
404 939 538 986 novum
564 910 782 1005 Theologiae
810 939 920 1006 genus
947 939 1048 1005 repe·
1098 912 1303 1002 attigissent,
1319 913 1355 980 in
1368 913 1518 1002 optimas
1528 936 1683 1006 quasque
1699 929 1730 983 et
1746 915 2084 1002 gravissirnasdisci-

88 1048 156 1104 rere,
173 1043 272 1116 quam
290 1021 385 1112 quod
402 1017 547 1087 illorum
564 1040 775 1104 sermonem,
802 1031 836 1087 et
851 1016 1046 1086 disserendi
1100 1015 1213 1108 plinas
1232 1013 1674 1107 tanquaminrosasporci
1693 1017 1883 1090 irruerunt.
1924 1015 2085 1089 Theolo-

87 1126 231 1194 rationern
244 1145 318 1188 non
332 1119 639 1212 adsequebantur?
659 1119 821 1207 Quorum
838 1118 1047 1210 exemplum,
1099 1119 1154 1206 gia
1175 1116 1291 1184 stultis
1313 1131 1345 1184 et
1369 1115 1485 1206 impiis
1509 1117 1773 1208 quaestionibus
1791 1141 1933 1210 prorsus
1956 1121 2084 1192 obruta

86 1227 108 1295 si
120 1247 208 1317 qnam
225 1245 243 1290 a
260 1221 424 1290 barbarie
438 1245 511 1289 uon
525 1221 696 1304 deterret,
717 1221 747 1289 is
761 1221 945 1298 fustuario,
972 1243 1047 1287 non
1099 1231 1158 1287 est
1214 1215 1285 1307 Qui
1303 1209 1569 1308 Philosophiam
1591 1219 1738 1308 professi
1762 1231 1864 1304 sunt,
1892 1243 1937 1290 ne
1954 1246 2085 1292 nomeu

87 1327 220 1394 oratione
238 1323 460 1412 castigandus
478 1333 544 1390 cst:
572 1345 654 1389 nam
671 1322 700 1390 si
716 1321 906 1412 perrexerit
921 1321 1048 1390 iuven·
1099 1317 1242 1412 quidem
1267 1319 1353 1387 artis
1375 1319 1458 1388 satis
1473 1319 1729 1390 intellexerunt.
1781 1317 1834 1392 De
1853 1323 1947 1406 iure,
1973 1348 2084 1418 aequo

85 1442 129 1498 tus
141 1429 240 1494 bonas
257 1423 378 1495 literas
392 1435 627 1510 contemnere,
652 1417 871 1493 hauddubie
887 1423 1047 1492 futurum
1099 1445 1138 1488 ac
1157 1422 1253 1488 bono
1270 1419 1344 1488 fieri
1366 1443 1439 1490 non
1458 1420 1591 1510 potuit,
1616 1434 1656 1490 ut
1670 1411 1864 1515 quidquam
1887 1423 1963 1493 sani
1989 1449 2087 1494 com-

86 1541 140 1617 est,
162 1526 300 1618 optimis
320 1523 507 1614 neglectis,
532 1537 573 1594 ut
590 1535 711 1593 rurs'us
728 1547 843 1596 sacrae
864 1525 1049 1616 bonaeque
1100 1521 1372 1590 miniscerentur
1394 1517 1450 1605 hi,
1476 1521 1538 1614 qui
1555 1521 1778 1611 elegantioris
1802 1524 2004 1595 literaturae
2025 1551 2087 1597 ru-

84 1653 128 1699 res
147 1649 261 1697 omnes
282 1637 421 1718 pessttm
447 1637 540 1698 eant.
592 1623 745 1696 Fallitur
773 1626 867 1695 enim
891 1623 1050 1718 quisquis
1100 1624 1162 1690 cles
1176 1635 1292 1692 erant:
1316 1624 1412 1714 quod
1428 1636 1461 1692 et
1477 1625 1591 1714 ipsum
1607 1624 1816 1715 disciplinae
1832 1647 1941 1714 genus
1957 1651 1997 1696 ex
2012 1653 2087 1698 me-

85 1731 182 1799 verbis
201 1743 356 1812 tantum,
386 1751 461 1796 non
484 1725 589 1796 etiam
612 1740 732 1810 mente
756 1729 925 1798 barbaros
942 1727 1049 1796 fnisse
1101 1723 1170 1792 diis
1185 1721 1415 1796 humanitatis
1430 1725 1563 1794 artibus
1579 1726 1776 1795 derivatum
1792 1725 1853 1811 sit,
1878 1741 1914 1798 et
1929 1743 2087 1800 veterum

86 1827 336 1920 Theologastros
355 1829 440 1898 istos
457 1841 585 1902 censet.
636 1827 709 1896 lam
726 1829 911 1922 siquando
926 1825 1049 1898 Eccle-
1102 1821 1436 1896 Iurisconsultorum
1463 1825 1584 1897 literae
1610 1827 1733 1916 plenae
1754 1827 1826 1898 sint
1847 1829 1999 1918 priscae,
2026 1855 2092 1901 ve·

85 1933 237 2002 siasticum
270 1935 397 2020 dogma
428 1931 601 2000 tuendum
635 1929 761 2012 fuecit,
802 1930 887 2023 quid
921 1950 1049 2022 quaeso
1101 1951 1230 2019 raeque
1263 1927 1485 1998 eruditionis.
1539 1925 1663 2022 Neque
1694 1953 1790 1998 nunc
1823 1951 1885 2018 ego
1915 1933 2103 2012 sermonis,

84 2033 253 2125 praestabit
272 2033 322 2116 is,
346 2031 511 2124 quiquid
528 2029 671 2115 sentiat,
697 2031 869 2132 explicare
887 2055 960 2099 non
984 2053 1049 2120 po·
1101 2028 1307 2119 spurciciam
1323 2041 1459 2101 tantum
1477 2028 1516 2097 in
1533 2031 1661 2099 artium
1681 2031 1936 2121 professoribus
1953 2057 2088 2120 accuso,

87 2135 161 2206 test?
191 2131 247 2203 An
266 2133 517 2202 confusaneam
532 2131 686 2224 aliquam
702 2157 741 2202 ae
756 2133 900 2201 stoicam
919 2131 1051 2200 oratio-
1101 2133 1161 2200 sed
1186 2130 1482 2222 imprudentiam,
1515 2155 1534 2200 a
1561 2155 1631 2224 quo
1654 2155 1689 2200 se
1714 2131 1799 2202 vitio
1824 2134 1982 2202 'adserere
2012 2160 2086 2205 non

85 2260 152 2304 nem
175 2236 324 2318 adferet,
348 2233 387 2301 in
405 2229 473 2328 qda
491 2231 535 2301 de
557 2235 745 2302 verborum
764 2233 1051 2324 interpunctione
1102 2246 1261 2323 possunt,
1284 2256 1435 2324 quorum
1453 2231 1592 2322 ingenia
1609 2233 1750 2302 dicendi
1766 2233 1899 2303 artibus
1917 2234 1989 2304 nou
2005 2253 2088 2324 sunt

85 2335 219 2408 rixetur?
252 2331 313 2405 Ab
334 2330 402 2403 hoc
425 2333 567 2404 auditor
591 2357 670 2404 cum
699 2336 886 2426 expectarit
917 2333 1051 2424 perspi·
1103 2333 1249 2406 exculta.
1301 2331 1420 2421 Quare
1438 2358 1511 2403 non
1534 2357 1629 2404 cesso
1647 2359 1708 2402 vos
1730 2331 1928 2416 adhortari,
1955 2340 1998 2406 ad
2016 2340 2088 2408 ele-

86 2463 168 2508 cuam
202 2437 289 2506 sacri
324 2435 498 2524 dogmatis
525 2436 793 2520 tractationem,
835 2436 981 2527 perinde
1014 2459 1052 2504 ac
1102 2433 1240 2524 gantiae
1269 2458 1459 2526 earumque
1490 2435 1619 2506 actium
1649 2435 1825 2520 studium,
1859 2438 1934 2506 sine
1959 2442 2089 2532 quibus

86 2535 171 2610 hians
185 2561 311 2608 corvus
327 2538 500 2620 discedet,
526 2537 587 2605 din
606 2537 733 2607 frustra
751 2537 906 2607 molestis
925 2536 1053 2604 distin·
1102 2535 1310 2628 disciplinae
1336 2535 1492 2630 reliquae
1515 2560 1587 2605 non
1620 2551 1768 2628 possunt
1792 2562 1863 2608 non
1895 2539 2088 2610 infoelicis·

86 2641 240 2711 ttionibus
253 2639 436 2726 fatigatus.⁴
472 2635 593 2732 ltaque
607 2661 695 2730 quos
711 2637 849 2729 pietatis
866 2651 964 2708 tenet
978 2651 1052 2706 stu-
1103 2637 1190 2706 sime
1203 2637 1365 2720 tractari,
1390 2641 1521 2731 quoda
1539 2637 1639 2708 vobis
1656 2663 1719 2728 par
1736 2651 1797 2721 est,
1823 2651 1861 2708 ut
1877 2641 1932 2708 vel
1950 2644 2089 2734 publica

86 2743 185 2826 dium,
206 2742 232 2809 ii
251 2739 310 2808 vel
323 2735 567 2823 Christo„vel
591 2739 752 2830 publicae
772 2738 969 2808 necessitati
980 2735 1053 2806 Ec·
1103 2739 1287 2808 necessitas
1302 2740 1476 2830 impetret.
1510 2737 1599 2810 Nam
1611 2741 1677 2808 'ubi
1692 2739 1896 2830 disciplinas
1912 2745 2090 2830 graviores

86 2845 189 2914 clesiae
203 2839 271 2911 hoc
285 2853 464 2932 praestent
475 2839 582 2910 officii
590 2894 600 2924 ,
625 2855 664 2910 ut
681 2853 772 2910 recte
788 2842 887 2934 loqui
907 2841 1054 2922 discant.
1102 2840 1238 2913 sitierit
1259 2841 1458 2926 barbaries,
1490 2841 1679 2931 periclitari
1701 2843 1813 2912 solent
1840 2855 1873 2912 et
1903 2837 2090 2916 hominnm

87 2939 535 3025 VocathucetiamPanlus,
562 2939 1055 3028 cuminCorinthiislingna-
1105 2965 1232 3012 mores.
1290 2939 1354 3012 Est
1377 2943 1472 3010 enim
1500 2943 1612 3012 multo
1638 2943 1753 3012 verius
1780 2939 1864 3028 hoc,
1895 2949 2091 3038 comparari

86 3071 150 3114 rum
165 3044 320 3116 studium
337 3046 485 3134 probat,
510 3043 609 3112 cerins
630 3043 797 3112 autoritas
820 3044 944 3114 merito
961 3044 1054 3132 apud
1105 3067 1221 3113 matres
1242 3069 1282 3112 ex
1303 3043 1484 3127 doctrina,
1511 3068 1614 3137 quam
1631 3048 1724 3138 quod
1743 3041 1844 3116 Plato
1867 3047 2024 3138 scripsit,
2050 3075 2091 3119 ex

86 3148 267 3216 sosvalere
293 3147 420 3230 debet,
447 3143 577 3239 quibus
599 3144 638 3212 in
662 3169 723 3213 ore
745 3159 814 3214 tam
840 3145 972 3214 multus
995 3157 1055 3213 est.
1107 3143 1328 3216 Musicarum
1352 3145 1522 3215 cautibus.
1574 3143 1669 3216 Dixi.

87 3245 226 3317 Iudicavi
248 3243 372 3340 paucis
396 3245 483 3340 quid
514 3247 558 3314 ad
583 3245 764 3315 literarum
790 3241 1054 3338 prophanatum

87 3371 313 3420 tesserarum
338 3347 580 3418 tractationem
604 3349 778 3418 conducat
799 3362 890 3418 recte
916 3347 1055 3417 dicendi

88 3451 222 3522 manda.
275 3448 382 3522 Nunc
396 3461 551 3518 vestrum
567 3459 618 3516 est
639 3472 718 3518 cnm
742 3450 954 3538 elegantiore
976 3450 1056 3518 lite·
1671 3513 1672 3517 ,

87 3567 187 3624 utura
201 3553 240 3621 in
255 3549 406 3643 gratiam
421 3549 557 3635 redire,
578 3573 724 3642 eamque
740 3551 866 3640 cupide
884 3551 1056 3639 amplecti.
1114 3521 1285 3648 Μ
1360 3563 1367 3574 “
1915 3531 2092 3654 22⁵2}

88 3651 184 3724 Video
200 3655 397 3746 plerosque
420 3650 668 3739 intempestive
697 3673 885 3742 properare
908 3653 950 3720 ad
979 3675 1058 3741 gra·
1984 3655 1986 3660 '

88 3755 202 3840 viores,
226 3769 269 3826 ut
290 3766 438 3836 vocant,
463 3752 687 3842 disciplinas,
714 3756 885 3844 quosdam
907 3755 951 3820 ad
978 3751 1056 3822 lura
1456 3723 1535 3810 De
1564 3723 1748 3845 le'qutts.

89 3855 256 3941 discenda,
283 3856 329 3974 ad
346 3851 563 3924 Medicinam
586 3875 663 3945 spes
681 3868 844 3970 quaestus
860 3855 971 3944 rapit,
998 3855 1059 3972 alii
1177 3902 1261 3976 Apud
1275 3903 1351 3957 erat.
1363 3900 1395 3955 M
1415 3900 1435 3956 ¹·
1452 3920 1477 3974 p.
1493 3900 1540 3954 ,35
1552 3919 1628 3982 ,ΨΜ
1646 3900 1672 3954 3„
1688 3899 1839 3956 Declamas.
1853 3901 1886 3954 Τ·
1898 3901 1920 3956 1.
1933 3920 1960 3974 p.
1971 3905 2049 3972 tob,
2066 3907 2094 3962 in

89 3959 124 4025 ad
136 3955 364 4056 Theologram
379 3957 616 4038 contendunt,
642 3977 846 4048 priusquam
864 3957 974 4024 robur
994 3957 1060 4024 ab·
1210 3971 1333 4026 serven.
1348 3919 1416 4028 Tsl.
1430 3991 1455 4042 p.
1467 3969 1523 4026 176.
1537 3979 1563 4022 et
1574 3988 1602 4021 m
1617 3967 1744 4023 nistrare.
1758 3969 1790 4022 Τ.
1803 3969 1835 4025 tt.
1844 3967 1877 4090 p
1887 3973 1946 4026 tot.
1966 4003 2000 4017 -
2034 3982 2094 4030 na-

90 4061 166 4152 quod
181 4059 332 4130 fece'rint
344 4056 383 4124 in
398 4055 515 4127 studio
529 4056 657 4126 artium
672 4055 826 4126 dicendi.
863 4055 933 4146 Qui
952 4055 981 4125 si
996 4081 1059 4126 suo
1212 4037 1760 4180 {22:30lfn‘ssqzlbfftffiffgg'zffisskr',
1773 4039 1996 4181 ffig'fflss
2007 4044 2096 4167 griffi

92 4185 227 4253 quaeque
241 4157 373 4229 ordine
389 4157 674 4247 adgrederentur,
696 4158 790 4227 bone
805 4155 1060 4251 Deus,quanto
1213 4197 1244 4232 ιι
1269 4177 1379 4248 putueo
1405 4174 1539 4232 instituto.
1575 4175 1647 4230 Nam
1672 4176 1757 4246 tegam
1776 4177 1903 4242 tutinus.
1929 4189 1958 4233 ut
1983 4180 2096 4252 ungatis

91 4283 149 4330 rem
170 4261 333 4331 foelicius
352 4258 537 4347 gererent?
573 4255 678 4329 Nunc
697 4260 789 4336 male
812 4273 944 4332 tentato
965 4284 1062 4330 corn-
1213 4245 1351 4300 mensibus
1365 4243 1561 4300 d“¹³”“⁰‘·''

93 4363 287 4483 mihim?
306 4373 592 4480 ⁸²⁵⁰⁰¹⁰¹³¹¹¹¹¹fl
679 4461 688 4480 .
733 4462 742 4482 .
898 4463 941 4480 ..
1052 4463 1061 4482 .
1288 4407 1349 4478 De
1369 4402 1512 4502 legibus
1531 4410 1653 4478 creato
1676 4373 1791 4478 Pttt.
1818 4409 1929 4479 Mel,
2002 4408 2014 4424 ²

174 4465 257 4535 Fun
283 4464 379 4554 apud
404 4483 468 4532 nos
484 4461 606 4531 Murro
628 4484 820 4554 quaspram,
847 4487 909 4557 qm
931 4487 968 4532 tn
985 4458 1063 4532 herr
1891 4479 1893 4486 '

93 4565 225 4634 culinam
250 4589 293 4634 ex
320 4563 533 4653 moreligna
555 4565 705 4634 ferebat:
751 4565 781 4632 is
804 4565 928 4634 solitus
950 4581 1001 4634 est
1023 4589 1062 4636 er
1112 4547 1392 4630 Desiderantin
1417 4579 1474 4623 me
1488 4555 1686 4646 plusculum
1707 4558 1853 4626 fortasse
1872 4557 2018 4648 pudoris
2034 4557 2100 4625 ali-

92 4663 193 4736 infima
208 4683 319 4750 strue,
342 4689 380 4734 ea
395 4666 573 4746 revellere,
595 4689 685 4758 quae
699 4667 833 4736 moveri
848 4667 924 4734 sine
936 4691 1063 4757 magno
1115 4662 1194 4756 qui,
1216 4683 1296 4731 cum
1321 4655 1470 4728 assiduis
1495 4657 1828 4743 declamationibus,
1855 4672 1888 4729 et
1911 4659 2098 4730 infantiam

95 4770 314 4856 negotionem
330 4778 504 4860 poterant.
552 4765 1065 4860 lnterrogatusquecuridlie-
1115 4767 1228 4833 mea'm
1262 4761 1367 4850 vulgo
1401 4759 1566 4838 traduco,
1600 4771 1635 4827 ct
1668 4752 1930 4829 humanissimis
1963 4762 2000 4830 in
2035 4757 2100 4830 hac
2177 4797 2188 4866 ζ
2232 4837 2235 4849 Ι

95 4884 144 4954 tet,
165 4868 372 4962 respondit,
397 4892 435 4938 se
451 4868 681 4938 difficilimam
696 4869 826 4938 laboris
842 4881 974 4958 partem
994 4872 1065 4961 pri·
1116 4861 1254 4944 schola,
1280 4859 1613 4954 patientissimisque
1626 4860 1849 4931 auditoribus
1863 4863 1965 4932 toties
1980 4863 2101 4932 odiose

94 4991 172 5038 mum
198 4973 463 5054 confecturum,
494 4994 630 5038 summa
663 4969 724 5038 illa
750 4971 887 5039 facilins
914 4974 1065 5042 moveri:
1116 4969 1291 5056 obstrepo.
1340 4959 1416 5053 Ego
1433 4985 1515 5031 vero
1539 4983 1689 5051 agnosco
1711 4987 1867 5032 mearum
1884 4963 2012 5060 virium
2033 4967 2102 5033 im-

95 5093 146 5140 nec
158 5077 432 5166 uiditquantum
450 5073 614 5156 referret,
640 5071 775 5160 singula
790 5073 916 5140 ordine
931 5070 1066 5148 tollere.
1116 5067 1362 5150 heriditatem,
1387 5087 1536 5158 meoque
1555 5087 1610 5132 me
1630 5065 1720 5155 pede
1739 5066 1882 5136 metior:
1907 5079 2036 5136 etcum
2057 5067 2100 5136 de

96 5165 193 5244 lluius
207 5175 302 5244 ntilri
323 5173 517 5266 persimiles
535 5173 718 5258 videntur,
746 5174 808 5266 qui
825 5174 989 5243 fastiditis
1011 5171 1068 5244 his
1117 5169 1250 5259 meipso
1272 5189 1455 5238 censuram
1477 5189 1560 5256 ago,
1594 5165 1709 5235 sentio
1733 5189 1838 5260 quam
1863 5191 1935 5236 non
1966 5169 2103 5238 satisfa-

93 5275 210 5362 artibus
233 5277 280 5344 ad
305 5275 468 5343 saldimia
493 5276 690 5366 provolant.
751 5275 841 5344 Nam
870 5289 903 5345 et
923 5293 1069 5366 augetur
1119 5271 1208 5341 ciam
1245 5269 1464 5362 politissimis
1495 5269 1719 5361 quorundam
1756 5267 1911 5338 auribus.
1971 5267 2103 5340 Verum

97 5373 235 5447 discendi
250 5377 374 5460 labor,
398 5389 432 5446 et
445 5377 706 5445 incommodius
721 5377 842 5446 omnia
865 5389 1069 5464 tractantur,
1120 5395 1199 5445 cum
1216 5366 1464 5466 provehendae
1481 5370 1533 5440 rei
1554 5369 1730 5441 literariae
1747 5392 1867 5459 causa,
1893 5365 1979 5457 hoe,
2005 5371 2107 5466 quic·

137 5477 324 5547 Macram.
349 5481 454 5548 Oeta.
483 5481 566 5549 Vos.
592 5478 655 5548 xl.
707 5529 709 5532 -
1381 5577 1385 5586 ι
1505 5466 1529 5542 5
