4688 5826
186 255 263 332 stt
644 243 803 326 DECb.
833 245 912 322 DE
941 243 1282 323 Dtnatvtntt
1312 246 1516 322 STllllll
1545 245 1761 330 tuton.
2140 257 2219 332 ³28

185 427 291 500 Pauli
304 423 523 499 samosateni
538 422 700 513 impietas
714 423 953 498 damnaretur.
985 420 1059 494 Nec
1075 423 1174 494 aliud
1224 419 1297 490 rint
1314 421 1358 490 de
1374 419 1567 510 religione,
1591 425 1786 496 neoemm
1801 449 1885 522 eura
1900 441 1952 500 est
1968 389 2101 514 vidiae,
2123 451 2217 522 quo-

186 529 362 602 vetustius
386 517 627 598 testimoninm
659 537 769 606 extat,
810 537 890 616 post
918 525 1172 616 Apostolorum
1223 545 1304 592 rum
1324 536 1518 615 sequantur
1543 527 1780 602 autoritatem.
1835 528 1986 601 loannes
2007 531 2141 624 inquit=
2174 527 2218 600 si

185 632 314 724 scripta
329 631 373 700 de
389 628 583 710 Trinitate,
610 651 716 720 quam
734 621 841 697 buius
857 625 1033 718 Gregorii.
1073 629 1173 700 Tan·
1223 623 1304 716 quis
1323 625 1421 696 venit
1443 626 1489 694 ad
1509 649 1589 712 vos,
1615 642 1651 700 et
1673 623 1764 700 hanc
1778 633 1979 704 doctrinam
1997 657 2071 703 nou
2089 631 2218 711 adfert,

183 749 260 807 tnm
281 745 398 804 antem
413 731 446 800 ei
462 731 588 802 tribuit
603 727 776 810 Basilius,
803 743 843 800 ut
857 731 950 802 dicat
967 730 1039 806 sibi
1056 727 1172 802 adbuc
1223 749 1298 794 non
1322 726 1500 817 recipiatis
1522 751 1616 801 enm.
1668 727 1726 801 Ad
1748 736 1902 804 eundem
1915 737 2063 806 modum
2079 731 2218 802 etalili

182 857 374 928 personare
397 855 498 904 aures
520 857 605 903 voce
626 831 808 922 Gregorii,
841 831 986 926 eiusque
1013 835 1171 904 testimo-
1223 851 1325 919 saepe
1341 828 1509 922 praecipit
1526 831 1710 922 scriptura.
1762 833 1883 924 Quare
1907 835 2218 927 genusdoctrinac

182 939 283 1008 nimn
309 935 457 1027 opponit
474 934 668 1006 Sabellicus
691 935 982 1025 perturbantibus
997 932 1172 1006 Ecclesiae
1224 929 1413 1020 diligenter
1433 931 1729 1006 considerandum
1754 953 1826 1023 est,
1852 939 2046 1010 videndum
2067 935 2217 1028 err-qoi-

182 1037 541 1111 Neocaesariensium.
594 1033 835 1129 Hieronymus
857 1033 1170 1129 audivitEpipha-
1224 1034 1290 1100 bus
1312 1032 1471 1103 lontibus
1504 1027 1670 1106 hortatum
1696 1039 1758 1124 sit;
1794 1063 1963 1131 magnum
1994 1041 2101 1130 igitur
2123 1059 2218 1106 onus

181 1143 284 1212 nium
300 1153 333 1210 et
348 1137 622 1223 Nazianzenum,
648 1139 774 1208 omitto
791 1138 879 1208 alios
896 1139 1036 1212 multos.
1072 1139 1170 1209 Tan·
1222 1133 1399 1204 sustinent
1422 1136 1587 1206 doctores
1608 1134 1814 1216 inScholis.
1866 1141 1945 1212 Hoc
1960 1143 2050 1213 scire
2062 1151 2216 1233 oportet,

180 1257 256 1315 tnm
273 1257 389 1313 autem
405 1236 469 1311 bos
490 1240 782 1326 commemoravi,
806 1254 847 1310 ut
862 1243 1015 1331 cogitent
1031 1243 1171 1312 audito·
1223 1237 1387 1328 aquibus
1409 1239 1594 1308 autoribus
1617 1244 1816 1332 acceperint
1829 1245 2048 1330 doctrinam,
2074 1257 2109 1313 et
2128 1239 2218 1310 reti-

181 1367 257 1430 ces,
283 1343 461 1432 singulare
473 1341 539 1412 Dei
559 1342 768 1412 beneficium
784 1366 874 1427 esse,
900 1345 1023 1414 audire
1039 1343 1170 1415 doctri-
1222 1362 1306 1407 nero
1321 1337 1532 1430 puritatem,
1557 1365 1598 1410 ac
1614 1365 1737 1414 cavere
1757 1369 1802 1414 ne
1822 1347 2083 1417 admisceantur
2100 1363 2218 1414 nevae

180 1469 263 1518 nam
276 1442 478 1535 Evangelii,
501 1469 520 1514 a
544 1445 674 1514 talibus
693 1435 917 1530 doctoribus,
942 1469 1094 1539 quorum
1116 1471 1170 1517 se·
1223 1452 1256 1510 et
1271 1464 1398 1532 pravae
1413 1441 1612 1534 opiniones.
1666 1444 1768 1517 Sicut
1787 1446 1824 1516 in
1845 1444 2003 1518 Ecclesia
2017 1438 2216 1518 Antioche-

180 1549 242 1644 qni
259 1547 390 1618 iudicia
406 1559 480 1618 tute
495 1547 680 1638 possimus.
732 1543 916 1618 Pertinent
932 1547 1041 1637 igitnr
1056 1544 1171 1619 Scho-
1222 1567 1280 1627 na,
1300 1567 1380 1613 cum
1397 1541 1530 1614 Paulus
1539 1543 1789 1618 samosatenus
1804 1573 1907 1620 snum
1922 1573 2099 1620 venenum
2114 1567 2215 1635 spar-

179 1651 235 1720 lae
259 1651 304 1720 ad
326 1649 561 1720 ministerium
583 1643 770 1736 Evangelii
791 1649 831 1716 in
853 1646 1041 1735 Ecclesiis,
1066 1663 1100 1720 et
1122 1653 1170 1720 ob
1222 1667 1302 1734 gere
1332 1645 1520 1737 coepisset,
1562 1647 1764 1738 intelligens
1796 1648 2000 1738 Malchion,
2043 1651 2107 1746 qui
2137 1660 2216 1718 erat

180 1775 256 1823 eam
287 1773 428 1821 causam
459 1750 642 1819 doctrinae
671 1747 873 1820 testimonia
901 1751 1005 1820 bonis
1039 1765 1073 1821 et
1105 1755 1169 1821 do·
1222 1770 1315 1816 unus
1331 1771 1371 1816 er
1388 1747 1610 1834 doctoribus,
1636 1774 1770 1820 novum
1794 1755 1839 1822 ab
1861 1778 1903 1822 eo
1918 1755 2045 1844 dogma
2067 1751 2153 1832 seri,
2179 1761 2217 1818 et

180 1855 246 1925 ctis
267 1853 352 1922 viris
381 1853 606 1932 tribuuntur,
640 1865 678 1922 ut
707 1866 842 1923 constet
865 1853 987 1943 quales
1009 1855 1170 1924 doctores
1222 1849 1401 1938 corrumpi
1420 1861 1570 1918 veterem
1587 1851 1791 1942 puritatem,
1817 1855 1954 1946 primus
1970 1855 2148 1932 clamavit,
2181 1861 2218 1920 et

178 1955 375 2033 audierint,
404 1966 444 2023 ut
459 1967 551 2024 certa
573 1953 760 2023 autoritate
774 1954 936 2023 doctrina
952 1957 995 2024 ad
1010 1969 1170 2046 posteros
1222 1948 1349 2018 vicinis
1363 1945 1560 2039 Episcopis,
1580 1947 1824 2024 Alexandrino
1839 1970 1873 2026 et
1885 1953 2215 2050 Hierosolymitano

179 2069 403 2151 propagetur.
462 2053 560 2124 Haec
586 2055 654 2126 suit
683 2055 722 2122 in
752 2050 916 2124 Ecclesia
934 2058 1169 2127 vetustissima
1220 2051 1620 2144 sigrsilicavitquantum
1642 2070 1730 2125 esset
1753 2058 1912 2148 periculi.
1966 2056 2018 2130 lta
2032 2050 2216 2128 Malchio-

179 2159 418 2241 eonsuerudo‚
457 2170 576 2249 postea
605 2155 683 2225 sine
709 2157 924 2227 testimoniis
953 2160 1168 2244 docentium,
1220 2152 1276 2222 nis
1292 2153 1359 2222 lide
1376 2167 1410 2223 et
1424 2153 1607 2243 diligentia
1626 2157 1860 2248 contutatum,
1882 2173 1917 2230 et
1931 2161 2144 2252 extirpatum
2159 2171 2216 2228 est

178 2257 323 2332 admissi
353 2272 436 2330 sunt
465 2259 509 2328 ad
537 2258 785 2348 gubernandas
809 2254 984 2330 Ecclesiae
1006 2255 1168 2330 homines
1221 2253 1441 2326 Samosateni
1460 2256 1641 2329 delirium.
1696 2257 1817 2347 Quare
1839 2262 2075 2334 ministerium
2089 2259 2216 2332 Evan-

178 2361 373 2444 ineruditi,
400 2373 434 2429 et
450 2373 491 2430 ut
506 2355 749 2430 Nazianzenus
771 2360 839 2443 ait,
864 2362 982 2432 subito
1003 2363 1085 2432 iacti
1102 2366 1169 2433 do·
1220 2357 1321 2446 gelli,
1347 2369 1382 2426 el
1398 2358 1435 2425 ln
1452 2353 1600 2438 scholis,
1627 2372 1663 2429 et
1685 2359 1724 2428 in
1738 2358 1907 2436 Ecclesiis
1929 2367 2005 2458 pari
2027 2387 2110 2434 cura
2126 2362 2215 2433 reti-

177 2479 300 2548 ctores,
323 2462 414 2532 sicut
428 2462 466 2530 in
481 2462 612 2532 fabulis
627 2461 744 2532 subito
758 2461 833 2531 nati
848 2463 1016 2534 dicuntur
1031 2463 1169 2554 Gigan-
1219 2461 1398 2542 nendum,
1424 2471 1457 2528 el
1473 2460 1736 2532 defendendum
1754 2479 1816 2537 est.
1868 2465 1924 2537 Pii
1940 2467 2123 2558 Principes
2137 2489 2214 2534 non

177 2581 240 2638 tes.
293 2562 388 2634 Hine
420 2577 499 2634 orta
533 2577 586 2632 est
616 2585 742 2653 magna
775 2564 959 2634 doctrinae
994 2567 1165 2639 confusio,
1219 2561 1335 2628 solum
1362 2553 1500 2630 scholas
1522 2563 1735 2634 constituere
1759 2568 1909 2649 debent,
1935 2573 1994 2639 sed
2019 2569 2124 2640 etiam
2145 2568 2215 2638 eli-

175 2667 368 2762 Postquam
390 2664 499 2756 igitur
522 2663 616 2736 Deus
640 2689 702 2734 sua
727 2663 896 2735 immensa
913 2667 1166 2749 misericordia,
1219 2683 1300 2751 gere
1321 2685 1431 2752 genus
1453 2663 1653 2750 doctrinae,
1685 2690 1749 2737 ceu
1772 2671 2002 2741 seminarium
2030 2683 2214 2762 acceptum

176 2770 282 2841 nobis
297 2767 453 2838 restituit
466 2764 652 2856 Evangelii
671 2767 803 2851 lucem,
829 2789 973 2856 agamus
987 2767 1065 2841 Deo
1088 2793 1168 2860 gra-
1219 2777 1310 2834 certa
1336 2779 1371 2836 et
1395 2765 1495 2835 lirma
1519 2770 1727 2858 autoritate,
1752 2784 1786 2840 ct
1799 2795 1921 2842 curare
1938 2797 1984 2842 ne
1999 2773 2089 2842 illnd
2105 2773 2215 2840 semi-

176 2873 262 2957 tias,
288 2885 321 2944 et
335 2871 372 2940 id
394 2869 624 2953 beneficium,
649 2891 789 2939 summo
806 2871 925 2940 studio
944 2871 982 2939 in
998 2869 1167 2942 Ecclesiis
1219 2867 1633 2959 nariumcorrumpatur.
1680 2869 1832 2942 Haecin
1847 2869 2214 2954 scholiscuraneces-

177 2988 211 3062 et
229 2969 357 3046 scholis
374 2993 637 3055 conservemus,
663 2983 697 3040 et
720 2995 900 3053 curemus,
926 2987 966 3043 ut
990 2969 1026 3042 hi
1044 2975 1106 3067 qni
1121 2977 1164 3044 ad
1217 2969 1307 3038 saria
1330 2983 1401 3048 est,
1426 2983 1466 3040 nt
1493 2973 1679 3060 posteritas
1702 2974 1806 3054 sciat,
1833 2975 1933 3046 cuius
1956 2987 2061 3047 notae
2077 2975 2215 3044 doctri-

175 3075 373 3150 ministeria
404 3073 634 3144 ecclesiastica
666 3073 837 3142 accessuri
869 3088 969 3159 sunt,
1017 3075 1167 3144 fideliter
1218 3095 1301 3140 nam
1319 3071 1500 3162 acceperit.
1552 3070 1653 3142 Hanc
1676 3075 1714 3143 in
1730 3075 1956 3168 Principibus
1977 3093 2011 3147 ct
2031 3075 2070 3148 in
2086 3074 2215 3146 Eccle-

176 3181 427 3260 instituantnr‚
453 3199 517 3244 nec
537 3175 755 3266 recipiantur
768 3175 825 3243 vel
843 3175 996 3260 indocti,
1018 3178 1074 3246 vel
1098 3175 1168 3248 ari·
1218 3173 1268 3241 sia
1293 3173 1515 3262 diligentiam
1540 3176 1688 3269 requirit
1709 3174 1824 3263 Deus,
1852 3181 1896 3247 ad
1918 3175 2006 3250 baec
2028 3179 2215 3271 praecipit,

142 3291 145 3300 '
176 3275 402 3356 codiciacam.
454 3275 626 3346 Videmus
647 3277 742 3347 enim
770 3289 890 3347 nostra
907 3291 1019 3350 aetate
1037 3281 1166 3350 lanati·
1217 3289 1258 3345 ut
1278 3299 1401 3344 omnes
1434 3299 1501 3366 pro
1523 3300 1584 3347 sua
1608 3279 1793 3348 vocatione
1816 3293 1946 3364 ornent
1977 3294 2012 3350 et
2041 3281 2215 3350 adiuvent

176 3409 234 3457 cas
251 3379 770 3476 opinionesAnabaptistarum,
788 3393 926 3450 tentum
942 3383 987 3450 ab
1003 3381 1166 3466 indoctis,
1219 3374 1286 3446 boc
1307 3377 1557 3450 ministerium.
1612 3375 1665 3448 Ac
1681 3382 1867 3472 praecipue
1883 3405 1964 3466 vos,
1989 3383 2052 3476 qni
2075 3382 2112 3450 in
2135 3395 2215 3452 stn-
2342 3429 2343 3444 .

137 3523 140 3528 ¹
177 3501 239 3560 aut
272 3475 555 3562 αὕτοδιδάκτοις
580 3496 674 3553 ortas
700 3475 784 3556 esse.
846 3481 1031 3571 Quantum
1058 3485 1168 3574 igitur
1220 3479 1289 3546 diis
1308 3478 1517 3558 versamini,
1545 3481 1694 3570 cogitate
1716 3507 1782 3551 nos
1811 3506 1886 3552 non
1913 3499 2049 3554 tantum
2073 3483 2214 3576 privata

175 3615 242 3662 nos
266 3589 434 3660 debemus
458 3582 552 3666 Deo,
587 3584 649 3679 qui
672 3585 776 3654 nobis
799 3586 1100 3675 gubernatorum,
1134 3603 1168 3658 et
1219 3580 1404 3650 vocatione
1419 3591 1616 3650 vestrorum
1630 3585 1868 3673 superiorum,
1892 3589 1950 3678 sed
1969 3585 2111 3678 publica
2126 3585 2215 3654 nni·-
2342 3655 2343 3660 ,

66 3725 73 3734 -
176 3697 357 3766 doctorem
374 3691 460 3772 fide,
487 3701 521 3758 et
537 3702 631 3758 recto
655 3687 787 3757 iudicio
809 3701 1042 3778 praestantem
1057 3689 1167 3770 dedit,
1220 3705 1340 3750 versae
1355 3679 1532 3751 Ecclesiae
1554 3684 1739 3754 vocatione
1759 3685 1948 3758 collocatos
1972 3709 2046 3757 esse
2064 3687 2104 3756 in
2118 3681 2213 3756 banc

177 3797 277 3867 cuius
303 3792 464 3863 doctrina
487 3790 656 3858 adversus
680 3789 760 3858 illas
783 3789 954 3859 fanaticas
981 3789 1168 3880 opiniones
1219 3785 1417 3866 stationem,
1432 3795 1471 3852 ut
1486 3784 1672 3874 praecipue
1685 3787 1882 3856 doctrinam
1896 3785 2079 3879 Evangelii
2095 3789 2214 3858 disca-

177 3895 394 4004 prtemssttili
415 3893 567 3979 luimus,
599 3915 751 3986 quorum
773 3905 912 3962 autores
936 3915 1039 3981 saepe
1056 3905 1165 3962 tenta.
1219 3887 1283 3968 tis,
1316 3897 1351 3952 et
1368 3898 1409 3952 ut
1432 3883 1578 3974 plurimi
1600 3889 1700 3958 seed
1723 3889 1959 3960 ministerium
1990 3904 2213 3982 praeparent.

178 4023 265 4082 runt
285 4003 460 4078 Ecclesiae
483 4009 637 4080 nostras,
668 3995 730 4063 sed
753 4017 832 4062 cum
855 3993 894 4060 in
909 3989 1079 4062 Ecclesiis
1102 4017 1163 4063 no·
1221 3984 1300 4074 Quo
1317 3985 1355 4053 5¹¹
1370 4009 1408 4054 re
1423 3986 1724 4074 V0⁸gravis⁸lmae
1745 3991 2037 4062 comminationes
2063 4003 2097 4061 et
2124 4015 2214 4082 pro-

181 4113 469 4204 stritpraeessent
483 4099 635 4172 instituti
649 4091 762 4166 inhac
777 4091 908 4179 schola,
933 4095 1038 4190 etqui
1053 4095 1169 4164 liben-
1221 4087 1405 4155 missiones
1429 4086 1573 4156 divinae
1591 4103 1772 4175 moveant,
1797 4085 1961 4164 Christus
1974 4095 2108 4188 inquit:
2134 4091 2213 4182 Qui

180 4229 234 4287 ter
248 4223 443 4304 agnoscunt
457 4229 493 4276 se
506 4227 580 4274 non
596 4221 668 4271 esse
690 4190 1001 4282 αὐτοδιδάκτους,
1027 4199 1088 4267 sed
1105 4223 1168 4267 au.
1220 4189 1346 4279 recipit
1368 4183 1581 4277 Prophetam
1608 4190 1646 4259 in
1669 4193 1815 4264 nomine
1835 4191 2053 4286 Prophetae,
2073 4217 2214 4264 merce-

133 4371 134 4374 ,
181 4317 324 4398 ditores,
348 4311 453 4403 periti
468 4310 719 4398 gubernatores
732 4299 1170 4392 prudenterinstituerunt
1220 4293 1300 4360 dem
1317 4285 1515 4382 Prophetae
1532 4292 1689 4383 accipiet,
1718 4308 1768 4366 et:
1794 4295 1930 4389 Siquis
1946 4298 2084 4367 dederit
2102 4295 2212 4366 alicui

182 4441 262 4492 snas
277 4413 470 4494 Ecclesias,
494 4431 620 4502 easque
636 4405 757 4476 divina
772 4428 839 4495 ope
857 4402 989 4486 adiuti,
1014 4403 1075 4496 qui
1091 4403 1170 4494 piac
1221 4417 1261 4462 ex
1283 4392 1440 4460 minimis
1463 4392 1540 4461 istis
1557 4407 1679 4482 potum
1701 4420 1832 4489 aquae,
1857 4411 1995 4468 tantum
2010 4399 2048 4466 in
2064 4399 2214 4468 nomine

185 4518 366 4592 doctrinae
382 4515 494 4590 lavet,
520 4511 557 4577 in
573 4508 691 4578 officio
709 4505 944 4576 retmuerunt.
984 4501 1168 4574 Pertinent
1222 4494 1407 4592 discipuli,
1437 4488 1554 4562 Amen
1576 4496 1656 4565 ‘¹5⁰⁰
1678 4497 1794 4582 vobim
1827 4521 1910 4566 ¹¹⁰⁰·
1927 4500 2052 4590 perdel
2077 4521 2213 4568 meree-

183 4623 292 4715 igitur
315 4613 464 4696 Scholae
487 4613 530 4681 ad
556 4609 792 4680 ministerium
814 4603 1020 4697 Evangelii,
1053 4619 1088 4676 et
1113 4607 1170 4674 vel
1222 4599 1301 4666 dem
1325 4619 1434 4667 suam·
1487 4590 1607 4681 Qum
1633 4592 1687 4679 hl,
1714 4600 1776 4693 qul
1799 4599 2024 4672 benefaciunt
2039 4600 2214 4672 ministris

183 4721 369 4818 praecipua
386 4739 466 4810 pars
480 4725 564 4785 suut
578 4714 672 4781 illius
688 4709 900 4781 sanctissimi
914 4708 1087 4792 muneris3
1107 4731 1172 4776 ne·
1221 4693 1481 4782 Ecclesiarum,
1506 4693 1683 4770 aChristo
1700 4701 1865 4782 vicissim,
1891 4715 2074 4793 expectent
2086 4703 2213 4772 defen-

183 4849 276 4899 cesse
290 4835 342 4892 est
355 4819 451 4888 enim
467 4813 665 4908 prius'diu,
691 4827 725 4882 et
740 4813 929 4901 diligenter
944 4810 1081 4880 institui
1098 4831 1170 4893 eos,
1222 4800 1357 4868 tionem
1384 4813 1418 4868 el
1441 4797 1553 4867 mulla
1568 4801 1635 4868 alia
1655 4801 1832 4872 beneficia.
1883 4800 2025 4891 Quanta
2041 4803 2213 4872 immani-

184 4927 315 5022 quihus
339 4918 547 5013 gubernatio
571 4913 809 4987 Ecclesiarum
830 4912 1084 4983 committenda
1106 4925 1169 4981 est.
1222 4915 1292 4972 tate
1307 4901 1381 4970 odii
1397 4897 1603 4985 Pontifices,
1642 4916 1675 4972 et
1696 4903 1800 4973 multi
1815 4901 1929 4994 Reges
1954 4929 1993 4974 ac
2015 4903 2212 4995 Principes,

182 5025 322 5099 Deinde
343 5023 472 5114 gradus
493 5033 544 5089 est
564 5016 822 5100 testimonium,
849 5029 888 5086 nt
902 5027 1037 5084 constet
1053 5037 1072 5082 a
1091 5013 1173 5106 qui·
1223 5006 1391 5072 tdvefflss
1407 4997 1639 5088 Evandellssm
1657 5006 1866 5108 eurwini,
1893 5007 2031 5098 quoti&
2046 5006 2116 5076 lom
2133 5007 2213 5076 bel-

183 5132 250 5201 bus
265 5126 470 5197 doctoribus
485 5120 680 5212 acceperint
694 5117 901 5188 doctrinam.
936 5113 1014 5184 Hoc
1026 5111 1172 5206 ntrlpo-
1224 5107 1296 5174 lum
1319 5102 1568 5174 denunciarint
1588 5107 1718 5174 nostris
1740 5105 1984 5196 Principibus,
2010 5131 2099 5201 quos
2114 5103 2214 5177 Deus

185 5231 358 5304 stolorum
386 5241 564 5316 tempore,
603 5223 651 5292 ita
684 5243 780 5290 nunc
806 5239 948 5314 quoque
977 5217 1171 5308 plurimum
1223 5206 1378 5290 vocavit,
1400 5217 1442 5276 ut
1462 5216 1591 5274 tectum
1615 5206 1759 5300 aliquod
1784 5209 1974 5299 praebeant
1995 5210 2066 5300 piis
2087 5205 2213 5278 docto-

185 5330 293 5403 babct
313 5327 494 5398 momenti.
545 5321 636 5394 Cum
660 5321 755 5392 enim
776 5343 923 5410 magnae
946 5317 1019 5388 sint
1036 5319 1173 5388 discen.
1223 5309 1342 5392 ribus,
1368 5307 1516 5376 memini
1533 5305 1721 5378 obscurum
1739 5325 1799 5381 est.
1843 5306 2040 5380 luterbaec
2055 5309 2212 5402 pericula

185 5435 316 5518 stanes,
342 5431 387 5499 de
400 5426 578 5512 doctrina,
602 5447 684 5496 cum
697 5441 825 5514 magna
839 5419 1031 5493 certamina
1047 5419 1172 5489 extite-
1223 5423 1360 5480 tantum
1386 5404 1442 5478 his
1465 5433 1523 5478 me
1548 5410 1842 5496 promissionibus
1873 5425 2050 5498 sustento,
2081 5411 2213 5508 quibus
