4646 5824
209 252 294 378 aar!
532 321 535 326 ,
711 207 878 322 naen
922 239 999 322 na
1033 211 1253 326 natans
1288 225 1553 326 raatuau
1585 249 1771 333 sarrs.
2179 255 2252 337 aaa

220 426 389 520 scriptum
406 449 495 510 esse,
521 433 556 494 et
571 433 689 516 postea
707 414 914 514 repetitum,
938 433 980 492 ut
1000 419 1123 492 lectori
1140 445 1215 492 non
1262 433 1380 492 motus
1404 423 1565 494 cordium
1599 427 1790 498 convenire
1821 441 1996 522 oportere.
2054 427 2140 502 Nou
2165 433 2255 508 ludit

221 525 341 614 hebeti
364 525 567 598 discrimina
588 523 708 618 aliqua
730 523 769 593 iu
788 523 1016 594 audientibus
1039 524 1216 616 significa·
1262 521 1494 614 opinionibus
1509 529 1553 596 de
1567 523 1665 614 Deo,
1691 543 1731 600 ut
1746 525 1976 623 Philosophi,
2001 545 2062 603 aut
2077 533 2254 604 idolomm

90 695 106 714 ι
223 645 358 703 rentur.
1263 623 1410 716 plastae:
1445 651 1520 697 non
1538 629 1687 702 inflectit
1708 633 1909 702 doctrinam
1930 635 1973 704 ad
1995 635 2160 727 politicas
2181 637 2255 730 opi-

325 747 398 818 Nec
412 737 501 816 mihi
519 743 699 838 displicet,
725 745 821 838 quod
838 743 949 840 ,liqut
966 745 1035 818 tria
1056 759 1216 840 tempor,
1263 725 1408 815 aiones,
1431 733 1491 799 sed
1509 745 1711 803 reverenter
1728 735 1916 830 acquiescit
1929 735 1969 804 in
1985 759 2070 808 voce
2086 739 2255 832 patefacta

224 849 444 940 intelligunt,
471 859 607 918 coetum
627 857 789 916 vocaturn
811 859 891 916 ante
912 845 1111 936 diluvium,
1137 873 1218 918 εοε-
1263 824 1388 904 ⁸D00·

225 967 301 1024 tum
316 963 477 1020 vocatum
500 961 579 1040 post
601 947 776 1016 diluvium
793 970 905 1042 usque
926 949 971 1018 ad
989 949 1218 1024 resurrectio-
1365 943 1506 1018 Deinde
1532 963 1567 1022 et
1598 951 1637 1020 iu
1662 953 1770 1024 corde
1799 955 1838 1026 lit
1862 953 1963 1050 quasi
1984 977 2109 1026 succus
2133 979 2256 1044 norm,

226 1079 307 1124 nem
322 1046 474 1134 Christi,
500 1063 535 1120 et
550 1049 679 1118 deinde
700 1061 856 1134 coetum,
882 1051 946 1144 qui
967 1063 1113 1124 vocatur
1133 1053 1217 1124 inde
1264 1047 1407 1119 dilectio
1441 1045 1528 1132 Dei,
1566 1053 1725 1124 studium
1760 1057 1982 1150 quaerendae
2012 1058 2193 1146 veritatis,
2226 1075 2257 1132 et

225 1177 338 1250 usque
351 1153 395 1222 ab
411 1147 592 1243 Apostolis
608 1149 774 1220 adfinem
789 1151 928 1226 muudi.
1265 1153 1417 1222 tuendae
1445 1155 1712 1248 tranquillitatis
1741 1157 1779 1226 in
1801 1153 1979 1244 Ecclesia,
2012 1157 2257 1232 benevolentia

322 1271 393 1346 Sed
409 1295 489 1341 curu
507 1269 597 1340 vires
613 1269 816 1362 praecipuas
832 1269 870 1340 in
887 1285 1014 1344 natura
1028 1265 1217 1342 hominum
1266 1274 1347 1342 ΒΨ
1383 1277 1526 1336 ⁰¹¹¹¹¹²⁸2
1569 1257 1740 1328 ¹¹¹⁰d⁸⁵ll³
1782 1260 1979 1352 ¹'‘l’¹l¹¹¹‘¹¹⁸
2018 1261 2257 1346 ⁸¹¹¹blll⁰⁰0¹¹¹2

110 1365 113 1370 ¹
227 1375 433 1458 considero,
459 1371 636 1469 aptissime
656 1373 916 1442 accommodari
937 1375 980 1442 ad
997 1397 1055 1446 eas
1070 1369 1129 1446 hic
1149 1397 1219 1444 nu·
1267 1357 1503 1473 Pff⁰⁸f¹²l¹¹d⁰
1542 1359 1750 1430 ⁶⁰¹¹d⁰¹¹³⁰⁸
1789 1363 1973 1434 ⁶⁰¹¹¹¹¹²¹¹¹¹l
2011 1363 2257 1458 tranquillima

144 1505 150 1518 ’
226 1499 346 1548 merus
365 1474 515 1547 videtur.
566 1470 639 1544 Res
652 1473 748 1544 enim
764 1473 803 1542 in
827 1489 1018 1566 conspectu
1045 1489 1113 1562 est,
1147 1491 1219 1547 tres
1267 1478 1428 1530 ¹¹¹¹¹1t¹³b

226 1577 432 1670 praecipuas
448 1575 540 1644 vires
558 1569 752 1664 Evangelio
770 1574 808 1644 in
824 1599 884 1646 eas
901 1577 1019 1647 inluso
1037 1577 1220 1648 emendari
1367 1567 1450 1642 Sint
1466 1571 1575 1660 igitur
1587 1567 1692 1662 haec,
1713 1590 1754 1648 ut
1767 1577 1901 1650 dictum
1918 1593 1980 1664 est,
2004 1582 2072 1652 tria
2090 1595 2165 1654 sata
2180 1577 2256 1680 ἡγε-

227 1695 262 1751 et
290 1677 471 1748 renovari:
503 1670 747 1774 ἡγεμονικὸν,
781 1673 969 1774 θυμικὸν,
1001 1673 1066 1752 καὶ
1087 1675 1220 1752 ἐπιθυ.
1265 1667 1444 1767 μανικὸν,
1471 1671 1659 1768 θυμικὸν,
1686 1691 1721 1750 et
1745 1677 2036 1776 ἐπιθυμητικὸν,
2063 1707 2130 1755 seu
2153 1707 2256 1765 meus,

227 1775 394 1875 μητικόν.
1268 1775 1450 1886 voluntas,
1478 1789 1512 1846 et
1533 1801 1595 1846 cor
1618 1779 1656 1848 in
1679 1775 1843 1868 homine,
1874 1784 2005 1876 quibus
2027 1785 2174 1856 misceri
2195 1787 2256 1854 ler-

331 1894 385 1968 Ac
405 1911 446 1967 ut
468 1897 513 1966 de
536 1893 686 1985 singulis
709 1918 818 1986 pauca
841 1897 976 1984 dicam,
1001 1899 1065 1970 etsi
1087 1897 1221 1990 glorio·
1267 1889 1447 1958 mnium,
1473 1877 1510 1948 id
1534 1891 1586 1949 est
1608 1877 1866 1973 Evangelium,
1890 1899 2047 1978 oportet,
2073 1901 2117 1962 ut
2140 1887 2257 1958 melior

229 2024 307 2072 sum
323 2021 456 2068 nomeu
471 2011 522 2068 est
535 2019 691 2066 summae
706 1997 836 2088 partis,
863 2023 954 2092 quae
968 2015 1116 2072 vocatur
1135 1994 1221 2098 ἦγε.
1267 1999 1391 2052 metult
1405 1977 1445 2048 ln
1462 1979 1568 2050 noble
1585 1981 1656 2057 fiet.

229 2095 401 2196 μονικὸν,
415 2111 534 2170 tamen
550 2098 588 2168 in
606 2121 646 2168 ea
663 2097 814 2168 multum
831 2114 883 2171 est
898 2101 1059 2192 caliginis
1072 2097 1233 2174 etviti0-'
1370 2091 1453 2183 Quo
1466 2109 1584 2168 autem
1601 2101 1708 2170 modo
1722 2099 1782 2174 liat
1794 2096 1880 2172 haec
1894 2105 2092 2190 conversio,
2110 2129 2153 2176 ex
2168 2128 2257 2176 com-

228 2227 323 2286 rum,
348 2201 476 2272 retinet
491 2223 590 2270 mens
603 2199 709 2270 etiam
733 2199 773 2268 in
788 2193 854 2270 hac
868 2201 994 2274 vitiosa
1011 2218 1137 2274 natura
1155 2229 1223 2272 no-
1269 2195 1370 2266 muni
1385 2197 1546 2268 doctrina
1562 2199 1606 2270 de
1621 2202 1840 2292 poenitentia
1855 2203 1962 2280 scitis.
1995 2201 2087 2278 Cum
2104 2207 2257 2278 doctrina

228 2303 349 2378 ticiam
374 2301 529 2395 aliquam
553 2301 658 2390 legis,
682 2315 722 2372 ut
739 2325 990 2390 numerorum,
1014 2319 1074 2375 aut
1092 2305 1223 2396 ligura-
1267 2297 1383 2388 arguit
1398 2313 1557 2389 peccata,
1582 2303 1689 2372 corda
1708 2320 1959 2396 expavescunt,
1980 2305 2031 2380 ita
2047 2307 2150 2382 velut
2164 2307 2257 2379 acido

231 2430 325 2480 rum.
376 2401 447 2475 Sed
477 2415 593 2474 tamen
625 2403 702 2472 sine
734 2399 931 2496 Evangelio
965 2407 1009 2476 de
1044 2405 1117 2476 filio
1144 2405 1223 2490 Dei,
1268 2399 1411 2472 etsalso
1430 2423 1555 2492 sapore
1573 2405 1762 2476 roduntur.

231 2530 379 2597 magnae
410 2507 575 2575 tenebrae
601 2517 685 2574 sunt
711 2501 749 2572 in
777 2520 904 2576 mente.
961 2501 1038 2577 Alii
1065 2509 1224 2578 furenter
1332 2513 1510 2588 hainae
1531 2541 1611 2588 cum
1634 2521 1768 2594 accedit
1791 2522 2007 2611 consolatio,
2037 2527 2162 2598 audita
2182 2551 2257 2620 pro-

231 2621 364 2697 negant
378 2630 451 2676 esse
462 2607 593 2708 Deum,
612 2605 742 2676 sottum
758 2605 1029 2696 providentiam,
1048 2623 1082 2680 et
1097 2607 1224 2679 discri-
1267 2617 1450 2704 missione,
1467 2621 1709 2694 redditurvits
1724 2623 1921 2711 attuaticis,
1935 2628 2149 2720 qnssinovo
2163 2653 2256 2698 succo

231 2734 314 2780 men
337 2721 431 2778 recte
454 2721 487 2780 et
502 2732 601 2778 secus
624 2707 815 2776 sactorum:
842 2707 903 2776 alii
920 2709 957 2778 in
975 2711 1225 2802 perpetuadu-
1270 2720 1400 2792 inluso.
1439 2717 1563 2814 Neque
1577 2717 1663 2794 haec
1678 2725 1797 2796 subito
1814 2727 2057 2818 perficiuntur,
2083 2731 2256 2818 sedlonga
2306 2791 2307 2806 ,

232 2811 405 2882 bitatione
422 2821 577 2886 manent.
613 2803 690 2878 Alii
708 2809 837 2880 ludunt
851 2809 1024 2900 lingendis
1038 2813 1142 2884 novis
1154 2835 1225 2882 nu·
1269 2835 1305 2893 et
1327 2823 1465 2892 assidua
1488 2823 1646 2894 subactio
1672 2839 1706 2898 et
1728 2828 1855 2898 assatio
1877 2828 1953 2902 liat:
1980 2843 2015 2902 et
2031 2833 2132 2924 quod
2149 2831 2257 2902 verbis
2306 2825 2307 2885 l

233 2911 393 2983 minibus
408 2911 568 2982 infinitis.
618 2908 742 3004 Neque
759 2903 796 2979 hi
815 2935 950 2982 errores
969 2927 1106 2986 tantum
1127 2937 1225 3004 gres-
1272 2919 1609 2994 llhraeisiuGenesi
1627 2926 1757 3002 diserte
1772 2929 2009 3019 significatum
2025 2946 2091 3018 est,
2108 2935 2256 3006 studiose

234 3015 404 3085 sabantur
427 3013 520 3082 inter
544 3005 730 3081 Ethnicos.
789 3009 859 3084 Sed
886 3015 1048 3084 omnium
1072 3029 1225 3089 aetatum
1272 3025 1439 3114 legenda,
1472 3027 1670 3113 audienda,
1701 3031 1905 3102 meditanda
1925 3045 1980 3104 est
2000 3034 2166 3106 doctrina
2185 3058 2256 3104 eoe-

234 3130 340 3210 atque
363 3109 549 3183 hominum
574 3113 650 3182 sine
676 3113 754 3183 luce
776 3109 962 3206 Evangelii
986 3117 1119 3187 similes
1142 3129 1240 3226 sunt·
1271 3126 1386 3210 lestis,
1410 3138 1446 3198 et
1469 3126 1507 3196 in
1525 3129 1743 3220 quotidanis
1762 3132 1978 3205 mim-{iud
2001 3135 2255 3210 {mulionem

235 3239 375 3288 errores
389 3217 433 3284 de
449 3213 544 3300 Deo,
567 3226 601 3284 et
614 3215 658 3283 de
676 3213 910 3286 invocatione.
968 3209 1014 3288 Et
1031 3217 1225 3290 multitudo
1272 3239 1307 3298 ea
1321 3251 1404 3298 vera
1419 3229 1581 3300 exercitia
1596 3233 1849 3310 transferenda,
1890 3232 1969 3307 Hoc
1983 3234 2256 3330 egggubigifafi.

235 3341 373 3410 semper
387 3315 481 3387 lavet
495 3315 539 3384 iis
550 3313 800 3406 opinionibus,
825 3317 954 3411 quibus
969 3319 1141 3392 innutrita
1157 3333 1227 3406 est,
1272 3353 1376 3410 nam,
1406 3343 1442 3401 et
1462 3330 1570 3400 assari
1589 3331 1630 3400 iu
1652 3333 1852 3420 cineribus,
1876 3337 1915 3416 id
1938 3352 2007 3424 ast,
2033 3339 2131 3410 inter
2152 3337 2255 3408 varias

235 3420 439 3492 utdicitur:
464 3421 541 3491 πᾶν
560 3412 605 3488 τὸ
629 3413 845 3514 σύντροφον
866 3415 998 3518 γλυκὺ.
1272 3453 1475 3501 aerumnas:
1502 3433 1634 3525 quibus
1648 3437 1936 3521 commonefacti‚
1960 3463 2192 3531 agnoscamus
2207 3439 2255 3506 iu·
2304 3453 2305 3492 t

335 3537 409 3609 Nec
423 3561 503 3606 raro
519 3549 635 3626 peccat
651 3531 875 3634 ἡγεμονικὸν
890 3539 1004 3630 specie
1020 3537 1226 3632 sapientiae:
1273 3544 1407 3602 sternet
1423 3555 1587 3623 magnam
1602 3557 1675 3606 esse
1699 3535 1787 3608 iram
1804 3535 1872 3608 llei
1886 3541 2055 3612 adversus
2072 3539 2254 3633 menania
2304 3497 2305 3585 l

236 3653 278 3712 ut
296 3663 376 3711 cum
396 3638 532 3730 politici
557 3637 810 3728 gubernatores
831 3653 1063 3731 attemperant
1082 3639 1228 3731 religio-
1273 3647 1349 3704 toto
1372 3657 1500 3725 genere
1522 3630 1698 3722 humano,
1724 3651 1760 3709 et
1773 3639 1871 3713 velut
1888 3641 1926 3711 in
1943 3641 2129 3716 cineribus
2138 3638 2253 3714 abiecti

238 3765 301 3812 nes
318 3741 361 3810 ad
378 3739 544 3832 imperia,
569 3750 605 3808 et
620 3739 715 3830 pacis
729 3763 832 3810 causa
846 3741 966 3812 laxant
981 3744 1160 3832 dogmata:
1186 3755 1227 3814 ut
1273 3747 1308 3806 et
1330 3737 1527 3821 summissi,
1551 3737 1777 3830 deploremus
1799 3756 1919 3817 nostra
1941 3741 2090 3833 delicta,
2114 3757 2150 3818 et
2167 3753 2253 3836 pete·

238 3843 276 3912 in
294 3841 440 3937 Synodo
454 3838 641 3936 Syrmiana
657 3839 847 3912 tollebatur
861 3837 1063 3936 ὅμοούσιον
1078 3867 1118 3913 ex
1131 3865 1228 3940 sym-
1273 3861 1353 3906 mue
1375 3861 1443 3908 11⁰⁸
1465 3839 1598 3910 servari
1623 3854 1769 3934 propter
1794 3844 2039 3922 mediatorem.
2095 3845 2196 3919 Sicut
2220 3844 2252 3910 in

238 3946 345 4030 bolo,
376 3955 409 4012 et
430 3942 651 4012 inserebatur
669 3935 811 4034 ὅμοιον,
848 3957 889 4013 ut
911 3943 1112 4040 symbolum
1135 3946 1228 4015 utri-
1273 3939 1451 4010 cineribus
1465 3940 1627 4014 iacebant
1639 3942 1758 4014 exules
1774 3941 1938 4016 lerenius
1953 3960 1988 4020 et
2000 3945 2086 4034 alii,
2112 3971 2190 4020 euru
2203 3945 2252 4014 in·

238 4069 306 4139 que
319 4045 430 4137 parti,
455 4045 551 4114 velut
565 4037 762 4114 cothurnus
776 4045 919 4140 utrique
939 4046 1021 4140 pedi
1037 4047 1228 4117 convenire
1274 4063 1376 4112 censa
1392 4039 1525 4130 patria,
1550 4055 1623 4114 tota
1637 4065 1724 4133 gens
1737 4045 1987 4122 miserabiliter
1999 4050 2234 4143 dissiparetur·
2302 4067 2303 4106 t

237 4147 431 4218 videretur.
849 4222 853 4230 ,
1263 4227 1274 4236 ,
1374 4154 1473 4228 Haec
1502 4159 1701 4232 admonitio
1727 4163 1773 4232 de
1806 4163 2013 4237 assiduitate
2037 4161 2250 4241 subsolanis,

338 4259 478 4334 Deinde
492 4261 530 4332 iu
546 4264 701 4333 secundo
717 4269 751 4332 et
765 4261 869 4348 tertio
885 4265 997 4356 gradu
1012 4263 1143 4334 virium
1159 4260 1227 4336 ho-
1274 4259 1443 4329 meeudat
1465 4259 1504 4328 ln
1526 4261 1632 4331 noble
1652 4263 1873 4354 diligentiam
1893 4279 1930 4338 et
1951 4289 2073 4338 mrem
2092 4263 2248 4345 distendi,

237 4366 347 4435 minis
370 4379 499 4460 quanta
529 4379 613 4436 sunt
641 4365 804 4436 incendia
833 4389 1021 4458 pravarum
1052 4365 1228 4460 cupidiss-
1273 4361 1424 4431 alamus
1442 4383 1517 4430 nan
1538 4361 1657 4434 subito
1673 4387 1792 4436 rerum
1814 4368 2246 4440 maximsmmooeuinan

237 4483 325 4553 tum,
350 4467 573 4552 ambitiones,
598 4467 862 4551 aemulationes,
887 4468 986 4551 odia,
1011 4467 1228 4540 malevoleu·
1273 4461 1519 4554 lolemmlpl·
1559 4459 1786 4546 Neceumwl
1801 4468 1871 4538 fibi
1891 4483 2098 4562 ΡΜΜΜ
2116 4473 2245 4558 dm·

238 4570 327 4654 tiae,
354 4568 497 4654 livores,
524 4567 698 4658 cupiditas
711 4568 899 4654 vindictae,
925 4567 1067 4639 dolores
1083 4583 1228 4662 propter
1273 4576 1329 4634 lae
1341 4563 1520 4633 tondendi
1536 4564 1575 4633 {¹¹
1592 4561 1747 4638 &elale
1763 4565 1842 4655 Del,
1867 4563 2032 4640 lt⁰ml¹10⁸
2046 4571 2172 4656 ⁰tl⁰⁸ls
2195 4563 2245 4660 qui

236 4671 432 4763 repulsam,
456 4669 623 4751 avaritia,
648 4667 844 4740 libidines?
893 4667 966 4741 Nec
988 4683 1039 4740 est
1059 4671 1132 4741 ulla
1154 4685 1225 4743 mm
1273 4679 1456 4758 utcunque
1471 4665 1588 4736 obiter
1609 4669 1841 4758 degustarunt
1864 4671 2075 4742 doctrinam.

124 4835 137 4845 .
236 4775 417 4844 moderata
433 4784 579 4857 natura,
605 4795 695 4866 quae
710 4795 784 4842 non
801 4773 930 4844 sentiat
950 4773 1088 4866 aliquas
1103 4797 1226 4845 erran-
1371 4777 1420 4853 Et
1434 4783 1604 4875 quonism
1623 4783 1738 4874 imago
1751 4804 1881 4876 panum
1897 4787 2084 4879 praecipue
2100 4788 2141 4858 ad
2157 4779 2242 4854 scho-

235 4889 288 4947 tes
306 4875 525 4966 cupiditates.
1272 4881 1413 4954 lasticos
1430 4886 1599 4976 pertinet,
1624 4885 1795 4956 vocabula
1816 4888 1922 4958 etiam
1938 4889 2240 4982 interpretabimur,

337 4989 426 5062 Cum
443 5005 559 5062 autem
575 4989 735 5062 doctrina
753 4985 939 5083 Evangelii
955 4991 1050 5061 velut
1070 4987 1238 5072 ferrnen-v
1271 4983 1359 5079 quid
1374 4987 1552 5056 vocaverit
1571 4987 1762 5081 antiquitas
1783 5011 1891 5080 panes
1906 4989 1944 5060 iu
1969 4989 2145 5061 cineribus
2163 5007 2240 5057 assa-

235 5107 310 5162 tum
326 5093 463 5165 viribus
477 5091 608 5162 nostris
624 5093 810 5178 miscetur,
834 5095 906 5165 iam
922 5093 1022 5187 quasi
1035 5091 1141 5162 flatus
1156 5115 1224 5160 no·
1270 5099 1336 5158 tos.
1389 5086 1570 5158 Differuut
1589 5111 1697 5178 panes
1718 5092 1882 5173 materia,
1909 5092 2081 5165 differunt
2103 5105 2136 5162 ct
2149 5087 2237 5158 modo

235 5195 269 5260 vi
288 5195 389 5264 liunt.
440 5193 546 5263 Mens
566 5191 691 5285 incipit
711 5205 804 5264 recte
824 5217 1010 5284 agnoscere
1025 5190 1161 5274 Deum,
1187 5207 1223 5264 et
1270 5187 1471 5260 assationis:
1496 5211 1536 5258 ac
1554 5189 1661 5259 nimis
1682 5191 1827 5282 longum
1847 5207 1935 5264 esset
1950 5195 2070 5264 omnia
2086 5183 2237 5286 persequi

234 5293 356 5362 statuit
379 5317 514 5364 summa
537 5293 732 5364 reverentia
761 5295 974 5363 audiendam
1004 5315 1077 5364 esse
1096 5317 1221 5364 vocem
1269 5290 1426 5362 Tantum
1441 5283 1508 5359 hoc
1524 5291 1667 5360 addam:
1695 5289 1770 5364 Alii
1785 5317 1892 5385 panes
1905 5289 2129 5389 κλιβανίται,
2143 5293 2175 5362 id
2188 5297 2235 5367 est,
2286 5361 2290 5370 ,

231 5390 316 5487 Dei,
343 5393 385 5460 ad
410 5388 502 5462 hanc
526 5419 688 5463 normam
710 5393 842 5466 iudicia
864 5394 1007 5478 omnia,
1040 5407 1074 5464 et
1097 5415 1221 5463 omnes
1267 5391 1419 5462 tamarit
1442 5387 1528 5461 dicti
1555 5407 1658 5480 sunt,
1690 5409 1812 5467 nostro
1834 5421 1933 5468 more
1955 5397 1995 5466 in
2018 5397 2130 5468 barnis
2148 5385 2234 5464 assati

2299 4649 2301 4664 l

2300 4675 2301 4684 t
