4704 5826
59 207 284 356 ὐπ’
580 257 1684 352 oroncaramanico-nucusaxun·
1834 241 1836 247 ’
2075 267 2212 394 sn„

10 427 62 528 ²2²³
117 445 288 522 etDeum
301 441 430 517 fiducia
444 443 705 518 liliiinvocant.
742 439 792 518 Et
806 445 993 539 opiniones
1007 463 1112 540 quas-
1263 435 1348 510 ldeo
1370 437 1495 510 divino
1514 440 1663 512 consilio
1685 437 1857 524 historiae
1870 439 1985 516 literis
1996 441 2150 514 manda·

18 509 60 586 i*
118 570 263 645 cunque
294 560 494 642 pugnantes
513 557 607 618 'curn
639 545 836 638 Evangelio
869 559 904 618 et
941 546 1112 643 symbolis
1160 555 1332 636 taesunt,
1353 539 1427 612 imo
1448 540 1529 612 ideo
1544 545 1740 634 spectacula
1755 545 1868 617 tristis
1891 546 2030 619 etlscta
2051 541 2150 617 Dens

11 639 52 688 Μ
115 663 322 724 constanter
344 649 487 737 reiicio‘,
515 648 637 720 reiicio
661 662 696 722 et
716 651 854 722 errores‘
866 647 929 744 qui
945 660 1112 722 taxantur
1161 645 1329 736 proponit
1350 643 1516 714 omnibus
1539 647 1777 737 temporibus,
1800 662 1842 722 ut
1857 647 2149 720 sinteommones

10 741 48 839 ⁹!
114 757 158 824 in
182 751 350 826 Ecclesiis
374 746 481 821 huius
505 751 654 822 ditionis
679 751 737 822 cui
761 774 818 820 me
835 751 1051 844 praefecisti,
1077 762 1111 820 et
1160 747 1329 816 factiones
1344 745 1509 815 universo
1525 747 1647 836 generi
1662 741 1833 823 humano.
1872 747 1993 838 Quare
2008 743 2148 821 erbam

10 844 54 892 Μ’
114 856 185 927 tibi
200 853 342 926 aeterne
357 849 453 924 Deus
468 863 568 944 pater
582 851 729 924 Domini
743 852 857 923 nostri
873 849 953 923 lesu
965 847 1111 937 Christi,
1160 845 1334 918 Eriderici
1350 841 1533 918 historiam
1545 848 1726 920 interdum
1741 853 1946 948 cogitemus.

13 951 52 1040 ’ἔ
116 957 183 1051 qui
199 969 234 1026 te
247 957 418 1024 immensa
435 939 593 1026 b'onitate
606 953 817 1046 patefecisti,
841 955 1007 1026 conditor
1020 953 1110 1024 coeli
1260 945 1379 1018 Multa
1402 942 1460 1019 hic
1476 962 1511 1020 et
1533 951 1577 1018 de
1594 951 1670 1022 eius
1685 965 1894 1024 testamento
1913 951 2058 1030 'uanari
2080 977 2147 1045 po-

12 1044 50 1101 ..b

115 1073 153 1130 et
177 1071 291 1128 terrae
311 1069 345 1128 et
367 1051 554 1125 hominum
571 1069 605 1126 et
620 1051 798 1126 Ecclesiae
813 1067 916 1143 tuae,
941 1079 1012 1127 una
1029 1077 1108 1124 cum
1160 1062 1294 1135 terant,
1327 1050 1366 1118 in
1387 1075 1458 1142 quo
1479 1049 1584 1120 etiam
1606 1054 1717 1124 multa
1738 1053 1838 1144 signa
1855 1054 2065 1146 sapientiae,
2089 1077 2147 1124 res

10 1137 48 1250 if·
114 1159 192 1230 filio
214 1171 276 1230 tuo
297 1153 455 1228 Domino
478 1168 600 1227 nostro
621 1155 702 1226 lesu
723 1153 887 1242 Christo,
919 1170 954 1228 et
970 1155 1109 1250 Spiritu
1158 1151 1336 1222 verentiae
1352 1175 1433 1242 erga
1442 1149 1574 1233 Deum,
1597 1157 1728 1224 amoris
1742 1179 1823 1247 erga
1835 1155 2002 1243 fratrem,
2022 1171 2058 1228 et
2072 1155 2148 1247 ple-

10 1260 47 1304 ll.

117 1269 261 1346 sancto,
277 1345 280 1352 Ι
294 1258 452 1349 sapiens,
482 1259 594 1344 bone,
620 1282 743 1344 verax,
764 1259 873 1346 iuste,
899 1261 1025 1346 iudex,
1050 1281 1109 1329 ca-
1159 1255 1241 1325 tatis
1259 1277 1338 1344 erga
1356 1253 1505 1344 patriam
1522 1254 1840 1348 conspiciebantur.

117 1377 190 1448 ste,
221 1359 420 1446 liberrime,
451 1359 669 1445 misericors,
702 1359 831 1450 gratias
846 1381 930 1450 ago,
954 1361 1053 1454 quod
1074 1372 1109 1430 te
1242 1355 1370 1426 initio
1386 1355 1467 1424 fidei
1482 1377 1565 1425 suae
1582 1359 1838 1432 confessionem
1855 1359 1979 1433 recitat
1994 1381 2147 1449 coagm-

117 1456 276 1534 humano
290 1461 411 1552 generi
427 1461 639 1554 patefecisti,
664 1463 761 1554 quod
778 1462 890 1534 filiurn
905 1462 1049 1550 misisti,
1073 1473 1109 1531 et
1159 1469 1276 1528 entem
1302 1481 1381 1527 cum
1404 1455 1467 1526 illa
1489 1457 1733 1543 invocatione,
1765 1485 1873 1556 quarn
1894 1473 1976 1532 snte
1996 1475 2147 1531 mortem

116 1563 313 1636 Ecclesiam
333 1561 400 1633 tibi
415 1561 569 1651 colligis,
596 1565 692 1656 quod
708 1587 764 1632 me
777 1565 821 1634 ad
834 1559 1012 1634 Ecclesiae
1026 1576 1108 1634 tuae
1159 1581 1262 1650 saepe
1276 1558 1377 1628 clera
1390 1583 1475 1628 voce
1494 1559 1668 1650 repetivit.
1716 1558 1766 1634 Et
1779 1562 1879 1635 addit
1899 1562 2148 1656 precationem.

33 1690 39 1703 ·
117 1667 320 1736 societatem
333 1663 486 1744 vocasti,
511 1665 607 1758 quod
625 1685 681 1732 me
702 1673 736 1734 et
751 1664 902 1758 patriam
918 1665 1108 1735 elementer
1159 1659 1297 1732 Deinde
1312 1659 1414 1730 fratri
1430 1661 1538 1732 tradit
1551 1661 1861 1750 gubernationem,
1886 1663 2147 1738 etuominatim

29 1779 35 1793 '
115 1767 319 1860 protexisti,
352 1777 457 1858 teque
479 1766 626 1857 supplex
648 1789 730 1850 oro,
763 1779 804 1836 ut
824 1779 970 1858 propter
992 1767 1106 1838 filium
1160 1763 1192 1832 ei
1227 1763 1450 1835 commendat
1474 1759 1668 1846 Ecclesias,
1708 1790 1859 1861 eumque
1890 1762 2074 1852 hortatur,
2106 1780 2148 1840 ut

25 1881 37 1920 ⁵
117 1884 220 1941 tuum
239 1865 434 1939 Dominum
454 1879 616 1937 nostrum
644 1865 759 1938 lesum
774 1863 977 1954 Christum,
1001 1892 1107 1963 quem
1159 1864 1308 1956 gloriam
1329 1863 1397 1939 Dei
1419 1862 1611 1949 illustrari,
1644 1879 1679 1936 et
1707 1869 1879 1960 populum
1909 1881 2002 1939 recte
2025 1868 2147 1938 doceri

116 1969 351 2044 inenarrabili
364 1966 513 2039 consilio
527 1967 757 2040 mediatorem
770 1970 1003 2058 constituisti,
1025 1995 1107 2064 pec-
1159 1979 1279 2053 curet,
1304 1987 1368 2036 nec
1389 1966 1530 2038 dubitet
1546 1966 1660 2036 filium
1681 1967 1750 2040 Dei
1770 1964 1834 2040 has
1855 1965 2148 2062 ipsssEcclesias,

21 2097 36 2122 ‘²
117 2089 194 2146 cata
209 2093 287 2142 mea
301 2070 421 2142 omnia
436 2065 527 2140 mihi
543 2071 717 2159 remittas,
741 2087 776 2146 et
788 2097 845 2144 me
861 2089 1005 2169 propter
1013 2098 1107 2159 eum,
1159 2071 1199 2141 in
1220 2067 1351 2164 quibus
1371 2091 1439 2142 vox
1464 2062 1652 2161 Evangelii
1677 2084 1779 2145 sonat
1801 2072 2029 2168 incorrupta,
2060 2095 2146 2167 pro·

29 2189 36 2203 '·
118 2175 257 2266 Spiritu
273 2187 394 2245 sancto
408 2175 452 2244 ad
474 2174 584 2246 vitam
600 2189 777 2248 aeternam
799 2179 1011 2263 sanctifices,
1040 2177 1108 2249 tibi
1159 2185 1333 2246 tenturum
1350 2195 1435 2249 esse.
2103 2204 2109 2212 ·

28 2301 34 2328 ·-·
116 2300 176 2346 me
207 2289 242 2346 et
265 2271 479 2362 Ecclesiam,
516 2289 551 2347 et
583 2299 700 2349 meum
723 2279 869 2350 fratrem
896 2293 931 2350 et
956 2280 1106 2372 patriam
1260 2272 1432 2348 Prohibet
1453 2289 1488 2348 et
1508 2277 1598 2348 ritus
1617 2277 1783 2351 funebres
1804 2277 2021 2373 improbatos
2034 2279 2074 2348 iu
2089 2273 2147 2350 his

10 2393 31 2434 g
118 2379 340 2451 commendo.
390 2374 440 2449 Et
461 2379 620 2450 exaudiri
643 2405 664 2450 a
688 2393 724 2452 te
749 2373 835 2451 haec
857 2405 933 2452 mea
947 2395 1048 2466 vom,
1073 2393 1107 2452 et
1158 2374 1336 2448 Ecclesiis.
1395 2377 1465 2450 Sed
1488 2393 1683 2472 pauperum
1706 2379 1806 2452 iubet
1822 2383 1994 2454 rationem
2011 2376 2147 2465 haberi,

14 2508 31 2536 ·=
116 2501 216 2550 meos
249 2477 399 2570 gemitus
429 2493 575 2572 propter
599 2481 712 2550 lilium
745 2485 868 2568 credo,
904 2485 965 2576 qui
1000 2483 1105 2554 dixit:
1159 2482 1290 2574 quibus
1311 2494 1345 2552 et
1366 2493 1452 2552 tunc
1471 2480 1510 2550 in
1532 2481 1657 2552 funere
1674 2481 1754 2554 dari
1767 2497 1896 2554 certam
1911 2483 2097 2578 pecuniam
2112 2496 2148 2552 et

11 2597 30 2640 a
117 2581 305 2674 Quidquid
323 2582 494 2672 petieritis
510 2596 644 2672 patrem
669 2583 708 2652 in
724 2585 871 2653 nomine
885 2607 984 2669 meo,
1009 2585 1107 2656 dabit
1160 2596 1271 2653 vestes
1292 2585 1449 2655 mandat.
1508 2579 1557 2654 Et
1578 2585 1679 2656 addit
1698 2585 1798 2656 aliud
1822 2608 1957 2663 munus
1966 2585 2055 2656 utile
2069 2585 2147 2654 sine

10 2701 28 2766 s
115 2684 231 2756 vohis.
283 2677 413 2754 Olesu
425 2678 577 2768 Christe,
598 2683 650 2752 fili
664 2682 729 2754 Dei
744 2686 905 2754 crucifixe
920 2709 986 2778 pro
1003 2686 1107 2756 nobis
1158 2685 1405 2756 ostentatione.
1456 2678 1565 2755 Anno
1581 2700 1663 2757 ante
1678 2699 1826 2758 mortem
1845 2686 1956 2778 ipsius
1971 2686 2146 2778 proximo,

117 2801 152 2857 et
166 2783 387 2870 resuscitate,
410 2785 602 2870 mediator,
624 2786 689 2877 qni
704 2786 840 2857 dixisti:
868 2786 980 2868 Nemo
994 2789 1106 2879 rapiet
1158 2785 1323 2855 videlicet
1345 2809 1440 2854 auno
1469 2801 1510 2858 ut
1538 2811 1764 2858 numeramus
1789 2783 1901 2862 1524.
1927 2811 2048 2859 mense
2077 2787 2147 2860 Ee-

10 2910 25 2950 s
115 2909 200 2958 oves
224 2907 318 2954 meas
341 2909 382 2956 ex
402 2886 567 2956 manibus
592 2887 698 2972 meis,
725 2911 780 2956 me
802 2889 869 2958 tibi
885 2890 1107 2975 commendo,
1161 2886 1322 2968 bruerio,
1350 2886 1491 2958 fuerant
1504 2889 1577 2958 diri
1592 2911 1797 2979 congressus
1812 2891 1972 2962 omnium
1987 2892 2148 2982 planeta·

17 2987 25 3049 l·
116 3005 156 3060 tu
179 3011 244 3080 pro
266 3009 323 3056 me
346 2985 555 3060 intercedito
571 2990 664 3078 apud
682 3002 864 3058 aeternnm
887 2999 1041 3081 patrem,
1066 3003 1106 3061 tu
1159 3011 1240 3058 rum
1258 2985 1297 3056 in
1312 2985 1486 3062 Piscibus.
1544 2987 1635 3061 Cum
1655 2991 1764 3080 igitur
1776 2992 1910 3086 ubique
1923 2993 2071 3063 flumina
2088 2993 2146 3062 in-

10 3111 19 3153 :
115 3089 728 3175 sisumbraculumadversusiram,
753 3103 792 3162 tu
807 3087 895 3160 mihi
913 3093 1053 3177 adesto,
1073 3105 1107 3162 et
1160 3101 1390 3161 tumescerent
1423 3103 1459 3160 et
1491 3089 1528 3168 in
1555 3114 1660 3181 agros
1690 3092 1974 3181 effunderentur,
2014 3109 2146 3186 segetes

10 3215 21 3256 s
114 3215 173 3262 me
192 3189 367 3260 sanctifica
391 3189 529 3282 Spiritu
545 3203 607 3260 tuo
629 3203 762 3262 sancto.
812 3189 860 3263 Et
875 3193 1034 3262 exaudiri
1049 3217 1106 3262 me
1158 3187 1395 3284 strangulatae
1409 3204 1502 3264 sunt.
1553 3190 1701 3286 Semper
1714 3208 1831 3266 autern
1846 3197 1890 3264 ad
1907 3219 2012 3268 usum
2025 3197 2146 3289 publi-

10 3329 12 3340 =
115 3307 185 3364 ate
205 3291 331 3375 credo,
357 3291 440 3384 quala
461 3291 597 3361 dixisti:
624 3289 753 3363 Venite
773 3295 819 3362 ad
835 3318 891 3362 me
906 3317 1029 3365 omnes
1044 3295 1105 3390 qui
1158 3315 1238 3362 curn
1252 3288 1408 3362 habebat
1426 3293 1596 3364 instructa
1616 3295 1778 3385 panaria
1794 3295 2006 3370 Fridericus.
2056 3297 2147 3369 lude

10 3715 13 3762 ξ
113 3672 200 3719 voce
215 3672 278 3742 per
291 3643 427 3741 aliquot
442 3647 531 3734 dies,
556 3648 778 3720 adstantibus
788 3649 910 3720 multis
923 3665 1105 3742 praestan-

10 3931 11 3934 ,
114 3849 297 3922 domicilio
320 3849 452 3924 eduxit.
509 3847 601 3920 Cum
624 3849 733 3942 igitur
753 3864 789 3924 et
811 3853 944 3924 multae
957 3856 1104 3944 magnae

115 3393 335 3466 laboratiset
349 3393 487 3463 onerati
509 3393 613 3480 estis,
647 3415 710 3483 ego
725 3395 879 3465 reficiam
895 3419 970 3470 ros.
1158 3419 1237 3466 cum
1249 3394 1466 3466 frumentum
1483 3395 1615 3488 populo
1632 3400 1785 3483 deesset,
1806 3412 1940 3470 certum
1957 3423 2146 3472 numerum

1157 3496 1422 3566 medimnorum
1437 3496 1555 3588 precio
1570 3498 1741 3570 mediocri
1756 3501 1862 3569 vendi
1877 3499 1991 3574 iussit.
2037 3497 2145 3592 Agri·

1157 3597 1244 3668 colis
1268 3621 1352 3668 vero
1372 3597 1590 3668 frumentum
1612 3601 1657 3668 ad
1676 3601 1829 3672 familias
1849 3603 2012 3690 alendas,
2044 3616 2078 3675 ct
2098 3607 2144 3674 ad

1156 3701 1366 3784 serendum,
1397 3699 1475 3769 dari
1506 3713 1631 3771 mutuo
1659 3701 1762 3774 iussit
1786 3727 1826 3775 ea
1846 3705 2069 3792 conditio-ne,
2104 3723 2144 3778 ut

214 3543 318 3616 Hanc
334 3544 595 3617 invocationem
612 3569 692 3616 cum
713 3537 814 3640 saepe
826 3560 998 3640 repeteret
1012 3549 1105 3620 clara

113 3751 210 3824 tibus
225 3747 331 3834 viris,
355 3750 497 3822 taudem
519 3747 616 3822 Deus
633 3749 788 3822 animam
803 3749 879 3822 eius
902 3775 944 3822 ex
958 3751 1104 3824 minoso

1156 3901 1278 3976 menti.
1346 3899 1385 3972 ld
1411 3901 1450 3970 in
1480 3915 1707 3992 testamento,
1739 3931 1820 3977 eum
1847 3923 1962 3980 essent
1987 3911 2054 3980 tria
2081 3923 2144 3982 aut

1155 4017 1309 4099 quatuor
1347 4003 1460 4073 millia
1502 4004 1781 4094 medimnoruns,
1830 4009 1875 4080 iis
1915 4011 1979 4104 qui
2017 4027 2144 4084 mutuo

1155 4118 1394 4198 sumpserant,
1422 4107 1586 4191 donavit,
1620 4122 1654 4180 et
1675 4110 1785 4201 repeti
1808 4111 1931 4186 vetuit.

1159 4241 1164 4248 ·
1256 4205 1407 4277 Talibus
1430 4207 1609 4278 beneficiis
1633 4224 1667 4282 et
1686 4225 1787 4282 antea
1812 4227 1996 4308 paternam
2016 4225 2052 4285 et
2066 4239 2142 4290 uon

1155 4309 1303 4380 fucatam
1324 4309 1606 4380 benevolentiam
1628 4335 1707 4401 erga
1731 4335 1812 4384 suos
1834 4316 1958 4386 crebro
1984 4315 2144 4387 declara-

113 3955 263 4025 virtutes
284 3947 458 4022 Fridsrici
482 3951 632 4038 fuerint,
657 3965 692 4024 et
713 3953 789 4024 eius
805 3953 1017 4044 gubernatio
1033 3951 1104 4028 Ec-

111 4054 238 4126 clesiae
250 4065 296 4124 ‘et
318 4053 452 4146 patriae
470 4053 633 4126 salutaris
648 4055 773 4141 fuerit,
799 4069 834 4126 et
858 4081 941 4128 vera
958 4057 1103 4130 invoca-

112 4156 212 4228 tione
224 4153 341 4226 Deum
357 4154 506 4226 coluerit
526 4154 617 4248 ipse,
643 4169 678 4228 et
694 4156 732 4228 iu
753 4159 847 4229 exitu
864 4183 906 4228 es
929 4153 993 4230 hac
1006 4185 1103 4230 mor·

111 4257 175 4330 tali
189 4257 263 4330 vita
279 4278 315 4324 se
332 4256 406 4326 lilio
426 4251 493 4326 Dei
509 4260 829 4346 commendaverit,
854 4260 1008 4352 primum
1026 4259 1102 4332 Deo

112 4358 241 4452 imm
269 4379 434 4444 ‘'gam'’
465 4359 559 4452 ‘1⁰⁰⁶
594 4359 790 4452 principem
818 4355 875 4432 Μ’
898 4363 1102 4452 regimim
1155 4423 1273 4496 verat,
1298 4410 1336 4478 in
1359 4411 1489 4505 quibus
1509 4412 1660 4484 utilitati
1676 4415 1800 4506 populi·
1820 4418 2041 4505 consulebat,
2066 4445 2143 4492 non

111 4461 299 4581 ⁵i¹u²9oem
322 4459 442 4578 dedit,
473 4473 508 4532 οἱ
530 4459 758 4580 (Ῑυοά.ἰΡ5ἰω
781 4475 903 4555 pedm
920 4467 1101 4584 adferam
1154 4512 1339 4582 ambitiose
1355 4513 1563 4584 offundebat
1573 4509 1757 4584 hominum
1773 4521 1885 4591 oculis
1901 4520 2075 4592 inanem:
2102 4545 2143 4591 e·-

111 4575 276 4655 pretatem
298 4563 471 4636 accendit.
525 4555 574 4634 Et
603 4575 750 4634 virtutes
778 4557 843 4634 has
876 4567 1105 4654 admiremur,
1174 4614 1184 4632 .
1730 4593 1733 4602 ·
2078 4547 2099 4616 Ρ

110 4677 147 4735 et
169 4663 309 4734 labores
331 4659 442 4756 ipsius
463 4663 556 4753 grati
576 4663 836 4756 praedicemus,
866 4668 1102 4740 acvultdeus
1153 4638 1242 4684 “em
1268 4615 1567 4704 ¹¹¹³g¹¹ffic²¹¹¹i³⁰’
1608 4630 1648 4689 ¹¹⁸
1678 4618 1718 4708 fii
1751 4618 1790 4688 in
1816 4621 2038 4764 ⁸902¹3⁶ffl5⁸2
2078 4637 2143 4698 ⁸¹¹⁸
2217 4715 2221 4720 .

137 4765 147 4782 .
662 4765 722 4782 ..
844 4767 853 4784 .
993 4770 1001 4789 .
1072 4771 1080 4788 .
1152 4739 1230 4786 snm
1257 4717 1368 4786 trrosis
1389 4717 1574 4787 conviviis.

109 4759 405 4960 Ezssnqgfflssaff
420 4789 509 4860 ‘¹⁰⁰⁸
526 4765 693 4882 benefim
711 4781 888 4860 mpeffli’
912 4774 1101 4860 granium*
1145 4875 1147 4881 Α
1233 4741 1356 4888 pHanc
1370 4819 1511 4889 brevem
1532 4814 1715 4890 historiam
1732 4819 1906 4894 Friderici
1926 4849 1968 4898 eo
1985 4827 2145 4914 recitavi,

577 4991 579 4994 ¹
820 5008 823 5016 μ
1151 4919 1234 5014 quia
1256 4923 1456 5010 prodestet
1478 4923 1636 5013 exempla
1660 4925 1836 4996 bonorum
1860 4929 2082 5022 principum,
2106 4947 2142 5004 et

208 5014 258 5090 Et
277 5039 481 5112 quanquam
503 5017 571 5087 alia
594 5019 751 5110 exempla
773 5019 853 5088 aliis
869 5019 1100 5103 conveniunt,
1151 5021 1298 5092 consilia
1334 5045 1456 5092 rerum
1494 5024 1732 5095 maximarum·
1764 5029 1886 5100 multis
1927 5045 2016 5102 nota
2055 5057 2141 5110 esse.

106 5145 172 5192 nec
188 5121 281 5190 vires
294 5134 435 5190 nostrae
457 5118 588 5189 imitari
608 5121 816 5192 excellentes
832 5122 1001 5213 imagines
1018 5145 1099 5214 pos-
1150 5119 1333 5211 Quaedam
1349 5124 1458 5195 etiam*
1476 5125 1704 5215 gratitudinis
1717 5128 1925 5218 significatio
1946 5149 2023 5220 est,
2043 5136 2144 5206 dele-

106 5236 210 5304 sunt,
234 5237 353 5292 tamen
369 5221 502 5292 multae
525 5233 609 5290 sunt
623 5221 771 5293 virtutes
789 5248 879 5318 quae
896 5247 1100 5295 communes
1149 5225 1237 5298 ctari
1265 5225 1587 5298 benemeritorum
1618 5231 1881 5318 recordatione,
1912 5235 1957 5305 de
1986 5249 2143 5330 quorum·

106 5323 269 5394 omnium
291 5323 531 5408 essedebent,
555 5344 705 5415 quarem
724 5327 959 5398 consideratio
974 5327 1098 5419 singu-
1147 5327 1338 5418 sapientia,
1382 5329 1646 5414 moderatione,
1687 5330 1848 5406 bonitate
1884 5347 1919 5407 et
1948 5326 2144 5413 'voluntate

106 5427 150 5498 lis
166 5426 212 5497 ad
227 5425 601 5497 commonefactionem
618 5427 772 5518 prodest.
1146 5451 1228 5521 erga
1257 5428 1430 5522 patriam,
1464 5443 1506 5504 ut
1539 5431 1679 5524 saepius
1702 5435 1917 5526 cogitemus,
1952 5463 2144 5517 moremur

1156 3813 1236 3894 post
1265 3801 1411 3871 alteram
1443 3823 1590 3870 messem
1619 3805 1808 3878 redderent
1834 3809 2041 3902 tnntrrndem
2066 3809 2145 3877 fru-
2252 3813 2253 3818 ’
