4704 5826
104 321 181 400 on
575 309 739 400 nucu
766 307 846 396 nn
876 303 1210 395 saturnino
1241 303 1395 392 nucu
1427 308 1548 394 sax.
1579 311 1664 396 nn.
1797 419 1799 424 ι
2063 319 2139 402 osa

100 489 404 588 generosissimis,
435 515 528 586 quas
544 505 586 564 ot
607 506 681 564 crat
701 502 803 586 peter
826 486 977 563 maxime
993 483 1099 588 psid-
1149 487 1238 560 Vult
1264 501 1382 562 antem
1408 487 1505 562 Deos
1527 493 1629 582 opem
1660 476 1769 564 lecre'
1783 487 2070 584 confugientibus
2089 497 2136 567 ad

100 617 279 694 στοργος,
302 595 405 664 valde
416 595 602 684 diligebat:
625 595 712 665 alias
726 617 807 667 cum
817 588 992 666 bothero:
1021 615 1099 665 cre-
1147 591 1261 661 lilium
1286 613 1369 662 vera
1393 591 1627 663 invocatione.
1678 593 1816 666 Deinde
1839 591 2016 667 ethorum
2032 597 2136 692 prin-

97 699 257 770 berrimr
273 719 357 766 vero
373 716 454 768 curn
467 694 649 768 Pontano:
674 696 787 768 multa
802 695 907 767 ctiam
922 719 1003 766 cum
1016 718 1097 766 meo
1147 692 1286 785 cipum,
1312 695 1356 764 de
1379 695 1510 788 quibus
1530 693 1621 780 dixi,
1642 697 1813 768 memoria
1836 697 1941 768 nobis
1956 711 2053 790 grata
2072 700 2135 772 sit:

98 813 222 892 patre,
252 799 297 868 de
325 797 486 868 sontibus
514 797 717 888 religionis,
749 799 795 869 de
820 795 1097 884 immortalitate,
1148 807 1277 866 etcum
1292 789 1540 867 honestissima
1559 799 1716 890 exempla
1740 799 1912 871 sinotum
1929 799 1968 870 in
1984 795 2041 870 his
2056 801 2136 872 lau-

98 901 146 972 de
160 899 346 990 fugacitate
363 923 484 970 rerum
499 894 754 985 humanarum,
778 900 823 970 de
838 898 1097 989 gubernatione
1146 896 1238 968 datis
1254 897 1340 966 viris
1355 897 1565 990 aspicimus,
1586 921 1676 992 quae
1691 899 1835 993 quidem
1842 897 1940 972 Dens
1955 902 2036 973 ideo
2048 925 2136 996 pro-

96 1002 240 1094 reipob.
256 1001 301 1072 de
323 1000 500 1072 maiorum
521 1001 710 1092 exemplis,
734 1023 777 1072 sc
797 999 963 1094 inprimis
974 1000 1019 1070 de
1033 1023 1097 1092 pa-
1147 997 1266 1089 ponit,
1301 1009 1343 1070 ut
1367 997 1440 1072 sint
1463 1001 1837 1087 commonefactiones,
1873 1015 1908 1073 et
1940 1005 2158 1077 accendant=

96 1117 153 1186 tre
172 1125 237 1173 suo
257 1101 388 1173 multa:
415 1121 518 1196 saepe
533 1113 567 1172 et
583 1101 782 1193 posteritati
796 1097 882 1174 haec
898 1103 989 1188 fata,
1014 1100 1096 1196 qui-
1146 1099 1285 1193 aliquos
1307 1101 1351 1171 ad
1366 1101 1523 1172 studium
1537 1099 1700 1186 virtutis,
1724 1103 1901 1173 discamus
1921 1103 2006 1176 inde
2019 1106 2135 1178 virtu·

96 1205 167 1275 bus
187 1203 258 1274 iam
282 1225 504 1286 exercemur,
538 1203 775 1296 praedicebat.
829 1199 921 1276 Cum
947 1215 1097 1294 poterat,
1145 1200 1191 1270 tis
1210 1202 1430 1288 doctrinam,
1464 1215 1499 1273 et
1517 1225 1557 1272 ea
1577 1225 1667 1298 quae
1687 1227 1751 1272 sno
1768 1203 2010 1300 qnisquelocu
2028 1209 2134 1280 debet

97 1305 238 1396 legebat
261 1305 335 1396 ipsc
360 1303 510 1399 aliquid.
570 1299 662 1375 Cum
691 1303 810 1376 morbi
841 1303 1096 1398 impediebant,
1146 1314 1180 1374 et
1195 1316 1308 1395 potest
1330 1301 1481 1388 imitari,
1515 1303 1672 1374 studiose
1695 1321 1872 1399 sequatur.
1935 1303 2014 1378 Etsi
2036 1309 2133 1380 enim
2245 1323 2249 1329 “

97 1406 269 1478 audiebat
290 1405 523 1476 libentissime
544 1403 653 1476 liliam
674 1405 865 1498 legentem,
886 1429 976 1500 quae
997 1429 1095 1478 nunc
1146 1405 1317 1496 qtraedam
1340 1418 1424 1476 sunt
1443 1403 1644 1498 principum
1667 1404 1817 1477 virtutes
1841 1407 2026 1500 propriae,
2049 1433 2133 1481 ,non

96 1507 324 1579 nobilissimo
349 1506 502 1599 principi
524 1503 617 1578 Duci
640 1503 872 1582 Pomeraniac
896 1521 1009 1602 nupta
1026 1520 1094 1578 est:
1145 1527 1349 1576 communes
1373 1506 1536 1597 privatis,
1570 1517 1690 1578 tamen
1721 1507 1956 1579 consideratio
1988 1513 2133 1602 prodest

97 1623 162 1680 aut
185 1607 442 1693 adolescentes,
465 1607 528 1704 qui
545 1603 694 1680 honesto
710 1633 809 1679 more
825 1607 935 1679 veteri
950 1622 1096 1702 propter
1144 1607 1322 1678 omnibns.
1380 1605 1518 1679 Deinde
1540 1629 1622 1678 vera
1638 1603 1706 1678 Dei
1728 1609 1924 1696 invocatio,
1947 1610 2134 1702 diligentia

98 1709 325 1801 disciplinam
341 1709 380 1778 in
393 1708 491 1778 aulas
504 1709 715 1792 mittuntur,
736 1707 913 1782 audiebat.
954 1707 1095 1782 Lectio-
1145 1709 1406 1797 cognoscendae
1428 1706 1610 1780 doctrinae
1635 1710 1811 1794 coelestis,
1844 1711 1949 1795 fides,
1974 1712 2133 1785 veritatis

97 1813 138 1882 ni
155 1812 323 1882 miscebat
339 1809 415 1902 ipse
429 1809 580 1901 gemitus
599 1823 633 1882 et
650 1823 752 1892 vota,
778 1824 813 1884 et
829 1833 901 1882 sese
924 1823 957 1882 et
971 1805 1094 1882 Eccle·
1144 1829 1263 1892 amor,
1288 1809 1447 1895 iusticia,
1472 1809 1661 1896 modestia,
1687 1813 1846 1897 castitas,
1870 1812 2018 1883 virtutes
2035 1837 2132 1885 rom-

98 1913 170 1983 sias
193 1923 229 1982 et
245 1909 416 2004 patriam,
440 1924 475 1982 et
498 1933 598 1981 suam
617 1911 877 2004 posteritatem,
902 1907 980 1983 Deo
997 1936 1095 1984 cum·
1143 1931 1268 1980 munes
1284 1933 1356 1980 esse
1371 1912 1511 1983 debent.
1563 1908 1700 1982 Harum
1717 1913 1874 2005 exempla
1888 1913 2041 1986 illustria
2055 1937 2133 1987 aas

98 2013 314 2097 mandabat,
347 2012 517 2082 invocans
548 2037 629 2084 enm
661 2013 996 2086 commemoratione
1018 2013 1096 2102 lilii,
1142 2033 1187 2101 pe
1200 2011 1401 2102 aspicienda
1418 2025 1516 2096 sunt,
1540 2026 1580 2084 nt
1601 2013 1868 2086 commonefacti
1883 2016 1928 2084 de
1948 2016 2132 2090 voluntate

99 2139 208 2212 quem
221 2112 405 2186 constituit
420 2114 650 2184 mediatorem
667 2129 701 2185 et
716 2113 940 2206 placatorem.
993 2113 1095 2186 Tan·
1142 2109 1229 2198 Dei,
1254 2125 1290 2184 et
1314 2115 1357 2183 de
1379 2115 1503 2186 multis
1524 2115 1638 2184 causis
1658 2127 1751 2184 recte
1770 2115 1942 2200 faciendi,
1968 2118 2077 2189 simus
2092 2119 2132 2190 in

99 2231 207 2312 taque
221 2213 332 2285 animi
347 2215 544 2308 praesentia
560 2227 593 2286 et
608 2215 840 2312 aequabilitas
853 2215 934 2302 luit,
954 2230 1095 2290 ottone
1143 2227 1215 2284 tota
1230 2214 1302 2286 vita
1319 2218 1472 2305 regenda
1485 2214 1745 2306 diligentiores,
1771 2231 1812 2289 nt
1826 2218 1922 2289 scitis
1937 2219 1982 2287 ad
1998 2220 2134 2290 doctri-

100 2341 244 2413 quoque
260 2315 383 2386 referri
399 2317 495 2386 adse
513 2317 723 2410 quotidiana
738 2316 882 2408 negocia
900 2318 1024 2406 vellet,
1049 2319 1095 2388 de
1143 2339 1226 2384 nam
1242 2313 1413 2388 virtutum
1438 2316 1595 2406 exempla
1611 2317 1808 2408 pertinere,
1831 2321 1922 2391 sicut
1944 2329 1979 2390 et
1993 2343 2061 2392 vor
2075 2322 2133 2392 di-

99 2419 232 2514 quibus
246 2417 327 2489 aula
342 2417 552 2491 consulitur.
602 2415 657 2488 De
674 2415 1095 2513 quibussimilicircum-
1143 2417 1227 2486 vina
1242 2429 1399 2489 testatur.
1451 2411 1529 2490 Oro
1545 2431 1661 2488 autem
1678 2415 1792 2489 Deum
1808 2433 1882 2491 toto
1900 2434 2061 2513 pectore,
2086 2447 2132 2494 ne

99 2519 280 2614 spectione
296 2533 330 2590 et
345 2519 515 2608 gravitate
531 2520 786 2612 respondebat,
810 2533 852 2593 ut
866 2533 980 2596 antea.
1021 2519 1094 2593 Sed
1143 2518 1364 2588 barbaricam
1381 2519 1578 2591 vastitatem
1592 2519 1631 2587 in
1648 2513 1703 2588 his
1718 2521 1923 2610 regionibus
1937 2521 2013 2591 beri
2023 2522 2132 2597 sinat:

100 2621 303 2718 petentibus
327 2619 545 2692 frumentum
577 2633 639 2691 aut
664 2621 782 2712 ligna,
810 2621 1001 2714 benignius
1023 2619 1095 2692 lar·
1143 2621 1204 2689 sed
1221 2615 1394 2691 Ecclesiae
1410 2623 1525 2716 ipsum
1540 2619 1633 2690 reris
1649 2621 1838 2710 gemitibus
1851 2624 2075 2710 invocantes,
2097 2637 2134 2697 et

100 2724 280 2816 giebatur,
303 2721 455 2793 subinde
471 2733 633 2813 repetens
648 2717 739 2793 hanc
754 2746 889 2796 vocem:
916 2715 964 2794 Se
976 2735 1094 2818 pater·
1144 2741 1265 2790 earum
1286 2717 1459 2814 hospitia,
1492 2735 1526 2794 et
1547 2715 1731 2793 honestam
1752 2724 1993 2818 disciplinam,
2018 2739 2053 2798 et
2066 2726 2133 2798 do-

100 2849 150 2894 no
177 2823 298 2895 animo
320 2847 457 2916 semper
476 2845 557 2914 erga
581 2845 663 2894 suos
687 2823 816 2906 fuisse,
848 2846 954 2916 seque
972 2838 1094 2916 optare
1144 2822 1277 2895 ctrinae
1293 2822 1409 2893 studia
1425 2835 1576 2899 tucatur.
1627 2819 1721 2896 Dixi.

101 2940 142 2998 ut
162 2928 208 2998 ad
230 2924 470 3020 posteritatem
495 2925 600 2996 etiam
624 2924 737 3018 patria
759 2925 952 3020 tranquilla
970 2926 1034 3012 sit,
1059 2939 1099 3021 et,

101 3025 260 3120 paternis
286 3023 444 3118 imperiis
472 3039 623 3118 regatur.
658 3023 777 3098 'Cum
806 3049 888 3098 vera
922 3026 1031 3117 igitur
1059 3041 1097 3100 et

103 3142 198 3200 certa
223 3126 447 3198 invocatione
461 3133 505 3198 'se
526 3125 604 3197 Deo
620 3127 766 3198 adsidue
782 3129 1097 3211 commendaverit,

102 3244 141 3300 et
159 3229 325 3300 voluntas
349 3227 456 3298 suerit
474 3249 554 3318 erga
571 3223 766 3298 Ecclesiam
783 3241 819 3299 et
836 3227 1094 3321 rempublicam
1151 3205 1329 3330 §RQ
1958 3243 2006 3284 ⁸¹¹·
2029 3221 2124 3290 1³51·

102 3331 256 3422 optima,
277 3343 310 3402 et
328 3352 443 3399 mores
464 3327 551 3400 casti
567 3341 603 3399 et
616 3323 780 3414 honesti,
798 3352 873 3399 non
891 3329 1094 3402 dubitemus
1955 3311 2127 3344 m

102 3456 185 3502 eum
202 3435 247 3501 ad
265 3429 504 3501 dulcissimam
522 3429 683 3500 coelestis
702 3425 879 3502 Ecclesiae
892 3431 1092 3504 societatem
1268 3409 1344 3495 De
1366 3409 1605 3496 Frt'dert'co
1633 3411 1765 3498 Duce
1793 3411 1912 3502 Sax-
1937 3413 2014 3504 ΕΙ.

102 3535 305 3604 traductum
321 3553 405 3605 esse.
457 3529 626 3622 Prodigia
641 3529 717 3600 eins
733 3543 882 3600 mortem
898 3545 1094 3604 antecesse-
1213 3563 1245 3619 1,
1269 3565 1466 3624 „1„„1)„1‚
1491 3565 1710 3640 pugggg·
1750 3567 1870 3628 sm,
1898 3571 2122 3646 012⁰„ng
2189 3617 2192 3622 ¹

101 3647 205 3720 runt,
224 3657 316 3728 quae
332 3645 365 3702 et
383 3631 580 3723 posteritati
596 3631 810 3702 calamitates
825 3633 1093 3707 denuntiarunt.
1246 3631 1376 3690 ΝΜ·
1394 3636 1429 3690 Τ·
1445 3635 1598 3760 ¹¹·1715·
1633 3637 1809 3711 ᾸΜΙΙῑθῑΰ
1828 3617 2132 3724 sumatur-aspar:

101 3735 183 3806 Nou
201 3735 381 3827 proculab
398 3730 566 3803 isennaco
584 3733 658 3803 visa
673 3745 726 3804 est
743 3731 781 3801 in
797 3736 876 3803 aire
890 3733 1021 3825 species
1034 3757 1093 3804 ar·
1247 3703 1316 3760 ³¹⁸¹·
1335 3704 1455 3760 ’ΜΝ
1474 3723 1488 3760 ²
1528 3723 1574 3761 '¹³'
1594 3707 1672 3762 ¹⁵⁵¹·

102 3837 202 3907 boris
218 3849 374 3906 vetustae
386 3834 544 3917 ruentis,
568 3833 718 3926 perinde
733 3857 773 3904 ac
791 3833 821 3902 si
837 3833 908 3903 iam
924 3835 1093 3906 evellere·

103 3951 162 4009 tur
180 3951 349 4016 exterra:
376 3935 505 4006 deinde
529 3935 690 4028 sequitur
710 3957 816 4029 eques
832 3949 969 4026 gestans
987 3937 1093 4008 arbo-

103 4063 177 4108 rem
193 4038 527 4121 rursusllorentem,
554 4050 673 4128 postea
689 4029 994 4124 canisvenaticns,
1018 4052 1093 4110 atra

101 4153 137 4210 et
169 4162 296 4228 magna
330 4161 437 4223 crux,
480 4154 633 4210 extrema
667 4137 798 4230 species
823 4154 896 4212 erat
922 4141 1093 4226 fulminis,
1142 4124 1230 4211 Una
1253 4146 1304 4204 est
1327 4132 1365 4202 in
1386 4135 1534 4204 summit
1556 4133 1741 4208 doloribus
1763 4137 1974 4220 consolatio,
2004 4140 2132 4212 unicus

102 4243 200 4311 velut
226 4239 480 4309 inflammantis
505 4239 706 4331 proximum
733 4257 872 4332 pagum.
931 4237 1092 4312 ibicum
1142 4247 1283 4328 portus,
1309 4245 1426 4305 mente
1439 4233 1569 4306 intueri
1588 4237 1786 4309 testimonia
1802 4240 1846 4308 de
1860 4237 1957 4325 Deo,
1981 4253 2017 4312 et
2032 4242 2132 4314 lirina

101 4343 206 4413 multi
232 4341 271 4412 in
294 4339 387 4433 agris
404 4336 488 4409 brec
500 4355 704 4422 cernerent,
732 4343 847 4433 puella
869 4342 906 4410 in
924 4367 965 4414 eo
980 4342 1092 4433 agmi-
1142 4335 1344 4408 assensione
1367 4347 1538 4421 statuere,
1570 4361 1644 4409 esse
1665 4340 1819 4434 aliquam
1836 4336 1904 4410 Dei
1926 4340 2132 4430 Ecclesiam,

101 4468 148 4514 ne
162 4441 333 4526 attonita,
358 4441 544 4512 exclamat:
576 4441 650 4513 Vae
665 4465 761 4513 meae
779 4437 1002 4514 charissimae
1016 4467 1092 4514 ma-
1141 4451 1178 4509 et
1191 4460 1256 4507 nos
1267 4438 1309 4508 ln
1321 4459 1361 4507 ea
1376 4436 1452 4509 Deo
1467 4461 1569 4509 curae
1585 4461 1676 4524 esse,
1700 4456 1734 4512 et
1748 4451 1893 4533 propter
1905 4461 1981 4513 eam
1998 4448 2130 4517 serrari

100 4546 170 4635 tri,
195 4567 301 4638 qnam
323 4566 443 4614 vocem
461 4544 505 4612 de
525 4543 637 4634 patria
653 4559 737 4616 tunc
754 4567 898 4638 quoque
915 4545 1018 4616 multi
1035 4546 1091 4614 in·
1140 4534 1311 4630 hospitia,
1335 4539 1473 4622 lilem.
1495 4539 1740 4635 dsttlpflntm·
1761 4544 1870 4633 1⁰8⁶,
1893 4556 1928 4614 ‘l
1942 4544 2030 4616 ³¹3⁰!
2048 4569 2129 4618 ¹¹0¹·-

101 4646 397 4737 terpretabantur.
455 4642 528 4714 Sed
559 4639 645 4715 llaec
673 4644 812 4715 omitto.
869 4645 983 4737 ipsam
1006 4671 1090 4718 vero
1140 4663 1204 4710 vos
1220 4636 1395 4710 humanae
1408 4639 1594 4718 societatis.
1645 4641 2055 4718 Hacnusconsolationc
2071 4647 2128 4718 in·

100 4743 287 4818 historiam
311 4757 429 4814 mente
451 4758 666 4836 repetentes,
697 4743 774 4816 Deo
790 4767 933 4836 agamus
949 4747 1090 4838 gratim,
1139 4757 1194 4815 ter
1209 4755 1325 4813 tantas
1339 4742 1570 4836 imperiorum
1590 4744 1712 4814 minas
1733 4758 1986 4832 sustentemus,
2010 4761 2045 4819 et
2061 4743 2128 4820 ltac

99 4849 197 4940 quod
222 4846 329 4935 longo
351 4846 480 4916 ordine
505 4845 698 4938 sapientes,
729 4845 857 4932 iustos,
888 4851 1089 4920 moderatos
1138 4867 1201 4936 spe
1221 4844 1420 4914 doctrinam
1435 4843 1529 4915 vitae
1543 4845 1665 4916 utilem
1682 4869 1932 4939 propagemus,
1956 4871 2021 4918 nec
2036 4849 2127 4936 ideo,

96 4949 284 5040 Principes
310 4942 366 5016 lais
390 4947 595 5037 regionibus
619 4947 735 5033 dedit,
765 4971 918 5044 quorum
943 4965 980 5024 et
1009 4974 1089 5041 erga
1138 4945 1223 5040 quia
1238 4945 1276 5014 in
1290 4939 1354 5016 hac
1370 4944 1464 5016 vitae
1478 4945 1685 5018 confusione
1698 4950 1811 5020 molta
1826 4962 1950 5020 contra
1963 4951 2124 5024 ordinem

96 5049 274 5142 populum
295 5050 461 5120 volontas
482 5049 549 5120 luit
567 5061 733 5141 paterna,
758 5063 793 5120 et
817 5073 939 5122 cursus
954 5054 1090 5124 salutm
1137 5048 1246 5131 finnt,
1285 5045 1399 5118 excuti
1424 5047 1527 5118 nobis
1558 5049 1793 5120 assensionem
1827 5051 1874 5121 de
1902 5051 2124 5141 providentia

97 5153 164 5223 ris:
197 5173 237 5220 ac
260 5147 377 5220 Deum
400 5150 605 5220 ardentibus
628 5153 720 5224 sotis
740 5173 899 5238 oremus,
923 5167 963 5226 nt
985 5155 1090 5225 dein·
1137 5149 1260 5219 divina
1275 5147 1450 5234 sinamus,
1473 5149 1534 5220 ted
1553 5163 1704 5244 ulriqsst'
1727 5175 1855 5234 mnu,
1879 5163 1921 5232 Ul
1936 5153 1986 5222 8ῑο
2000 5153 2125 5240 ditm.

98 5275 181 5346 ceps
201 5275 345 5346 qaoque
368 5265 466 5343 regat
483 5250 686 5343 principum
708 5267 913 5326 nostrorum
934 5267 1088 5348 pectora.
1137 5263 1317 5322 teneamus
1335 5249 1488 5321 illustria
1517 5263 1552 5322 ct
1571 5249 1716 5322 immota
1743 5252 1788 5321 dc
1814 5247 1891 5320 Deo
1913 5253 2124 5338 testimonia,

96 5353 332 5425 Verissimum
353 5365 406 5422 est
427 5353 542 5433 enim,
572 5375 637 5422 nec
660 5354 839 5441 lorlicem,
870 5379 935 5428 nec
957 5359 1088 5429 saluta·
1138 5347 1233 5422 ltonc
1249 5349 1365 5442 ipsum
1380 5352 1541 5423 ordinem
1556 5365 1702 5426 naturae
1714 5345 2010 5446 pulcherrimum,
2036 5357 2126 5448 ligu.

96 5479 173 5528 rem
194 5453 487 5550 gubernationem
506 5473 580 5524 esse
602 5453 673 5524 nisi
695 5455 867 5528 divlmtus
888 5460 1087 5533 adiuvetur.
1136 5477 1212 5526 ram
1227 5451 1428 5547 etpositum
1444 5453 1551 5541 coeli,
1573 5453 1685 5542 seris,
1709 5477 1840 5550 aquae,
1864 5467 1995 5548 terrae,
2020 5461 2124 5556 syde·
2239 5547 2240 5552 Ἰ

145 5560 327 5628 llansrra.
351 5559 454 5630 Ocra.
480 5557 564 5626 voc.
579 5557 643 5626 Xl.
1558 5555 1606 5630 61

1143 3885 1271 3956 Oratio
1296 3879 1344 3954 de
1362 3881 1550 3956 Friderico
1573 3885 1680 3958 Duce
1700 3891 1796 3960 Sus.
1819 3890 2008 3982 Electum
2042 3913 2067 3963 o
2082 3893 2132 3968 D.

1167 3989 1309 4058 Ioanne
1333 3984 1595 4059 recreabat
1615 3993 1716 4060 laris
1734 3991 1904 4064 Consulto
1927 3998 2115 4097 recitato,
