4614 5820
212 247 289 326 ote
788 231 952 310 nttcta
1002 229 1078 310 DE
1109 229 1307 312 PAULO
1338 231 1670 316 aeos‘rOLO.
2159 241 2230 318 620

321 413 375 488 De
389 409 446 484 bis
459 408 567 484 tantis
579 408 703 493 rebus,
727 405 866 502 quotics
879 401 1010 478 Paulus
1023 405 1099 500 ipse
1112 429 1199 478 con-
1352 401 1474 480 Altera
1489 429 1592 480 crosa
1607 421 1670 495 est,
1694 421 1735 482 nt
1749 431 1868 482 rerum
1882 435 1970 506 quan
1984 426 2176 502 gesserunt,
2199 424 2231 484 et

213 520 396 600 eluuntur,
417 509 575 605 superari
599 532 635 580 se
656 506 900 600 magnitudine
921 531 1042 578 earum
1057 509 1200 596 fatetur,
1250 507 1422 580 virtutum
1440 507 1677 582 consideratio
1700 533 1765 580 nos
1785 513 1943 598 erudiat,
1967 528 2008 586 ut
2030 514 2158 584 melius
2178 514 2232 582 in-

215 642 342 712 easque
357 615 455 686 nulla
470 610 670 706 eloquentia
686 610 770 694 satis
788 607 954 700 explicari
977 633 1078 702 posse
1092 621 1199 682 testa-
1249 609 1814 704 telligsmus,quidprol'1tcsntur.
1846 611 1985 684 Deinde
1997 615 2104 686 etiam
2120 637 2231 684 esem-

215 713 286 796 tur'.
336 716 427 788 Com
441 727 558 812 autern
572 712 621 782 sic
635 708 801 782 iudicarit
815 710 871 778 vir
884 721 1020 795 tantus,
1045 711 1106 804 qui
1123 722 1199 780 erat
1250 711 1307 800 pla
1324 733 1613 804 unumquemque
1626 733 1691 784 suo
1707 712 1803 794 loco,
1838 727 1872 784 et
1889 738 1954 804 pro
1968 739 2032 788 sua
2046 715 2233 788 mediocri·

215 822 352 904 verius,
375 839 482 910 quam
508 811 660 882 Pericles
682 824 801 882 orator
824 823 971 896 tonans,
1002 811 1200 901 fulgurans,
1250 811 1378 884 tatead
1397 811 1537 884 virtutis
1556 811 1790 884 imitationem
1807 813 1969 892 excitent.
2112 871 2116 881 .

213 923 303 993 etin
320 917 497 988 mentibus
517 913 719 984 auditorum
735 910 873 981 aculcos
894 909 1118 1006 relinquens,
1140 935 1198 982 ar·
1349 925 1554 1011 pamm,
1578 940 1616 998 ur
1633 929 1725 998 mi,
1741 942 1778 998 et
1798 931 2006 1002 „dentiam
2019 931 2114 1004 voti,
2129 927 2234 1001 ,nm

214 1023 320 1092 debat
339 1017 437 1089 enim
457 1014 583 1086 divino
604 1025 704 1084 motu
724 1024 829 1106 atque
847 1009 994 1082 adflatu:
1023 1012 1111 1106 quid
1131 1033 1197 1083 nos
1249 1039 1427 1118 petamus,
1451 1041 1491 1098 ut
1506 1023 1699 1098 Ecclesiam
1723 1043 1855 1114 servet,
1879 1054 1920 1100 ac
1939 1023 2007 1102 ¹neas
2022 1055 2168 1125 quoque
2185 1033 2234 1102 fs-

215 1123 253 1192 iu
269 1117 334 1190 hac
350 1115 591 1188 imbecillitate
606 1126 745 1196 nostra,
767 1113 913 1198 dignum
935 1105 999 1182 bac
1018 1113 1197 1182 maiestate
1250 1129 1461 1218 cmm-3211,
1475 1128 1596 1212 utilia,
1615 1129 1758 1200 adiuvet
1781 1153 1822 1198 ὃς
1841 1128 2012 1220 provehat
2028 1145 2172 1203 maros
2187 1133 2236 1200 12.

213 1246 332 1294 rerum
348 1219 466 1289 dicere
479 1213 687 1308 possumus?
714 1209 766 1282 Ac
780 1212 840 1280 ille
854 1210 997 1306 quidem
1011 1235 1084 1282 sese
1096 1225 1199 1284 vocat
1250 1231 1354 1300 bom
1363 1281 1374 1313 ‚
1400 1241 1438 1300 ug
1459 1228 1498 1298 iu
1515 1251 1702 1299 commune
1717 1230 1856 1319 prosint
1871 1227 2066 1320 Ecclesiae,
2094 1234 2169 1302 sint
2182 1255 2235 1300 ῃ.

215 1321 407 1415 ἴκτρωμᾱ»
434 1315 501 1387 ¹¹⁰⁰
516 1330 585 1400 ²⁵²2
609 1315 742 1384 s⁰²1¹¹¹¹¹
758 1312 986 1430 ifnmflluffl'?
1003 1328 1107 1408 alque
1129 1314 1198 1382 im·
1250 1330 1380 1400 lutares
1410 1329 1531 1412 bouis,
1565 1352 1630 1398 nec
1659 1330 1803 1401 abiiciat
1832 1355 1898 1400 nos
1922 1345 2094 1426 tanquam
2126 1346 2236 1423 pestes

213 1424 393 1504 becillem,
418 1442 491 1490 non
514 1439 633 1508 parem
655 1427 800 1485 melem
813 1409 1006 1504 AP0320113·
1057 1413 1127 1485 Sed
1145 1428 1199 1485 ²³·
1250 1429 1388 1520 generis
1411 1425 1579 1514 bumsni,
1604 1451 1666 1500 seu
1689 1443 1729 1500 ut
1748 1429 1881 1506 Paulus
1903 1447 2022 1518 vocat,
2047 1457 2133 1504 vasa
2156 1435 2236 1516 irae,

213 1548 295 1594 men
309 1519 507 1591 illustribus
520 1514 730 1588 testimoniis
741 1525 884 1583 vocatus
896 1513 940 1582 ad
953 1513 1104 1584 docendi
1118 1539 1198 1584 mu·
1251 1555 1403 1624 quotum
1437 1529 1584 1600 infoelix
1609 1531 1825 1602 curriculum
1857 1534 2104 1624 multipliciter
2138 1546 2237 1604 „0001

109 1683 117 1700 e
213 1647 299 1708 nus,
329 1620 501 1692 divinitus
523 1617 566 1686 ad
597 1639 673 1685 eam
705 1613 869 1684 militiam
893 1613 1085 1686 instructus
1113 1627 1198 1686 crat.
1250 1629 1554 1714 communificari,
1578 1629 2106 1721 navigitsauladummum,
2129 1634 2238 1704 etalii

212 1725 287 1795 Nos
320 1721 432 1792 multo
463 1717 590 1789 iustius
623 1737 850 1804 agnoscamus
882 1738 947 1784 nos
980 1707 1198 1810 ἐκτρώματα
1250 1730 1537 1804 innumerabile&

213 1847 306 1910 ase,
331 1817 399 1892 hoc
423 1832 492 1903 est,
517 1818 623 1888 rudes
644 1829 678 1885 et
699 1815 868 1885 informes
882 1837 1032 1902 massas,
1056 1817 1102 1886 ab
1116 1827 1199 1886 ortu
1352 1845 1453 1934 Quo,
1471 1846 1532 1916 3155
1554 1847 1641 1916 fine,
1663 1847 1700 1916 pn
1716 1849 1936 1940 panegyricis
1958 1866 2158 1942 proponat,
2184 1848 2238 1922 hic

214 1927 343 2003 ‘dim’
369 1922 593 2003 ifflmfflffl’
617 1917 783 2008 imnum·
1249 1949 1396 2018 recitare
1413 1947 1557 2036 longum
1574 1961 1675 2022 esset.
1716 1948 1785 2019 Sed
1802 1951 1845 2018 ad
1864 1945 1928 2019 hos
1944 1975 2034 2043 quos
2047 1953 2125 2020 dixi
2140 1977 2237 2043 prae·

244 2113 248 2120 .
302 2053 380 2148 Ego
394 2057 502 2144 igitur
516 2054 560 2124 de
575 2075 651 2120 mea
666 2049 904 2122 imbecillitate
920 2047 1085 2140 cogitans,
1100 2047 1197 2120 aliud
1249 2049 1351 2139 cipue
1374 2048 1573 2118 reserantur
1602 2043 1688 2118 haec
1719 2049 1895 2134 encomia,
1936 2065 2145 2122 nostrorum
2178 2048 2239 2121 be-

212 2171 457 2252 argumentum
476 2154 708 2225 institueram.
758 2150 826 2222 Sed
846 2175 903 2220 me
918 2151 1021 2220 amici
1044 2151 1087 2220 ad
1106 2148 1199 2220 Pau-
1249 2171 1371 2234 roum,
1402 2169 1466 2240 per
1486 2169 1575 2240 quos
1606 2146 1703 2222 Deus
1730 2150 1893 2220 mirando
1923 2152 2073 2222 consilio
2101 2167 2140 2222 et
2173 2153 2238 2220 im·

212 2263 306 2340 lum,
338 2253 404 2328 hac
433 2255 592 2326 oratione
613 2251 839 2322 revocabant.
890 2249 998 2341 Quod
1023 2251 1088 2321 etsi
1111 2244 1210 2318 hacc·
1249 2269 1369 2318 mensa
1393 2247 1552 2318 bonitate
1574 2270 1640 2318 nos
1661 2250 1706 2318 ad
1732 2249 1892 2320 coelestis
1916 2251 2011 2322 vitae
2036 2254 2237 2324 societatem

212 2363 353 2432 infirma
373 2357 568 2428 mortalitas
589 2378 653 2424 nec
668 2349 734 2421 Dei
758 2365 940 2437 naturam,
965 2375 1029 2420 nec
1043 2351 1194 2420 ciusbe
1251 2349 1400 2440 vocarit.
1449 2343 1504 2418 Ac
1526 2348 1564 2416 in
1600 2341 1730 2418 horum
1755 2350 1880 2420 linium
1911 2351 2133 2444 expositione
2168 2367 2237 2424 tota

212 2461 334 2531 neficia
351 2459 491 2550 penitus
509 2455 736 2544 introspicere
757 2451 882 2542 possit,
904 2449 1050 2542 cogitari
1068 2463 1198 2530 tamen,
1249 2444 1336 2520 haec
1352 2447 1465 2520 oratio
1480 2461 1601 2518 nosue
1614 2449 1821 2524 versabitur.

212 2560 353 2652 agnosci
378 2573 411 2628 et
432 2557 540 2650 aspici
563 2579 601 2624 ca
615 2553 712 2625 Deus
735 2553 981 2646 aliquomodo
999 2550 1095 2620 velit.
1146 2547 1198 2619 Nc
1351 2563 1510 2636 primum
1524 2562 1721 2654 {picurum
1738 2579 1901 2653 aeterno,
1925 2569 2016 2658 patri
2038 2569 2237 2642 libmgofig

211 2653 298 2733 solis
313 2660 457 2754 quidem
478 2657 653 2752 fulgorem
677 2652 852 2770 stlsfissflnl
874 2652 988 2770 ⁰⁰95,
1014 2663 1198 2768 nequest
1249 2665 1365 2736 nostri
1382 2664 1461 2736 lesu
1475 2659 1621 2750 Christi,
1636 2667 1812 2738 conditori
1830 2669 1991 2739 omnium
2007 2693 2144 2756 return,
2163 2693 2238 2760 gra-

211 2787 293 2833 men
311 2757 622 2854 ΡΥΟΙἏἨΕἏῙΜΘῙῃ
638 2755 804 2843 sudumst·
856 2750 977 2841 Qum?
1011 2753 1105 2846 ‘1⁰⁰¹'
1125 2772 1198 2841 '12⁵⁹
1249 2769 1317 2838 tias
1330 2789 1416 2854 ago,
1444 2787 1576 2859 vosque
1590 2788 1728 2835 mecum
1743 2779 1819 2838 toto
1841 2783 1981 2859 pectore
1997 2793 2099 2859 agere
2121 2773 2238 2854 iubeo,

210 2859 308 2934 Deus
324 2859 457 2954 pariter
471 2879 508 2927 se
523 2880 647 2928 senum
668 2869 701 2924 et
725 2876 914 2944 puerorum
929 2877 1013 2922 voce
1029 2849 1198 2968 celebrari
1250 2868 1345 2962 quod
1359 2863 1553 2936 Ecclesiam
1575 2865 1644 2936 ,ibi
1668 2881 1873 2958 perpetuam
1896 2869 2076 2950 condidit,
2102 2895 2145 2942 ὃς
2162 2871 2238 2942 Do.

211 2963 326 3036 iussit.
377 2957 540 3051 Denique
562 2955 810 3046 disputabam,
835 2966 868 3022 0¹
892 2951 1089 3044 exemplum
1112 2951 1200 3020 ”¹¹¹⁸
1250 2983 1364 3040 ctores
1400 2965 1444 3034 sd
1484 2989 1561 3036 earn
1602 2965 1869 3038 instaurandam
1911 2971 2063 3040 subinde
2102 2974 2238 3044 excitat.

212 3087 285 3134 csse
299 3061 454 3143 caeteris,
478 3072 514 3128 ct
530 3057 634 3126 bonis
647 3055 782 3124 nullam
801 3052 994 3122 orationem
1010 3049 1198 3142 gratiorem
1251 3068 1415 3156 Quorum
1449 3089 1513 3136 vo,
1544 3066 1611 3156 ipat
1639 3067 1846 3157 praecipuo,
1871 3071 2000 3138 „nimis
2026 3089 2236 3152 enumerate,

211 3167 307 3247 fore,
339 3157 408 3230 1¹⁰0
433 3157 638 3249 prseterllm
665 3155 743 3239 dte,
782 3177 888 3272 qufffl
920 3153 1200 3246 quaemcunque
1250 3169 1335 3238 inde
1357 3189 1469 3260 usque
1491 3189 1511 3236 a
1534 3161 1646 3236 Nohe.
1705 3165 1801 3254 Quid
1831 3170 1926 3238 enim
1952 3171 2147 3242 iucundius
2169 3195 2237 3240 esse

212 3265 382 3342 Paulissae
395 3256 565 3344 hssleffle
579 3267 963 3327 mmmmm·
1251 3271 1366 3338 bonae
1382 3267 1492 3336 menti
1508 3279 1641 3358 potest,
1664 3291 1771 3360 quam
1795 3271 1840 3338 de
1853 3269 1985 3338 virtute
2005 3295 2045 3341 ac
2059 3273 2105 3340 de
2129 3288 2237 3344 certa·

198 3391 201 3398 ’
310 3395 451 3467 nomm
481 3373 671 3462 „Saeuam
699 3411 763 3458 affl
794 3387 947 3471 iudicio,
979 3409 1041 3456 ,ω
1066 3385 1199 3474 fludio,
1251 3367 1409 3439 minibus
1428 3367 1554 3436 talium
1568 3366 1745 3447 virorum,
1774 3367 1846 3436 imo
1860 3371 1904 3438 de
1917 3366 1986 3439 Dei
2007 3373 2168 3444 bonitate
2181 3397 2239 3440 co-
2305 3371 2306 3458 ᾗ

210 3499 304 3572 redii
317 3499 363 3568 ad
379 3494 549 3578 Paulum,
573 3513 705 3584 vosque
719 3513 801 3574 oro,
822 3501 863 3558 ut
879 3487 1017 3557 etiamsi
1033 3486 1200 3578 amplitu-
1251 3469 1383 3561 Klima
1407 3466 1470 3560 (1¹¹5
1490 3461 1559 3584 1¹⁰}
1582 3467 1659 3558 59⁸⁰
1680 3467 1868 3553 bfssefitltt,
1893 3472 1987 3563 quod
2010 3493 2101 3561 pene
2125 3473 2238 3542 conti·
2305 3503 2306 3514 ¹

212 3601 290 3672 dini
300 3595 501 3690 argumenti
515 3617 588 3664 oon
603 3589 833 3684 respondebit
844 3587 960 3659 orstio
975 3611 1063 3676 mea,
1081 3601 1200 3658 tamen
1251 3569 1334 3640 nnis
1348 3567 1521 3638 auctibus
1544 3579 1794 3638 instauratores
1816 3569 1995 3654 excitavit,
2014 3583 2161 3642 testatus
2179 3587 2236 3652 est,

211 3690 277 3794 pro
299 3713 416 3770 vestra
438 3695 585 3786 pietate,
608 3705 644 3762 et
664 3693 820 3762 candore
834 3701 971 3767 vestro,
997 3683 1089 3758 banc
1111 3711 1201 3780 qua.
1251 3668 1446 3742 Ecclesiam
1467 3667 1534 3736 sibi
1557 3687 1705 3756 magnae
1726 3691 1830 3737 curae
1849 3693 1933 3741 esse.
1984 3669 2054 3741 Sed
2071 3675 2179 3742 venio
2194 3675 2234 3742 ad

211 3804 436 3896 lemenmque
451 3817 596 3887 operam
616 3791 703 3862 boni
727 3789 929 3862 consulatis.
981 3786 1074 3858 illud
1094 3789 1199 3858 etiam
1252 3770 1445 3841 secundum
1462 3768 1659 3836 membrum
1677 3765 1857 3840 institutae
1874 3771 2084 3861 partitionis.
2305 3765 2306 3776 ’

212 3903 252 3971 in
276 3897 342 3970 hac
369 3913 442 3970 tam
467 3895 582 3986 ampla
603 3914 707 3961 causa
729 3889 833 3962 nobis
853 3889 1118 3960 incommodum
1139 3900 1202 3972 est,
1351 3881 1443 3954 Cum
1463 3881 1530 3952 alia
1553 3881 1686 3967 multa,
1707 3895 1783 3954 tum
1806 3907 1889 3954 vero
1906 3885 2011 3956 etiam
2032 3889 2234 3962 constitutio
2305 3883 2306 3962 t

215 4001 311 4098 quod
338 4011 477 4090 tempus
507 3997 551 4066 ad
572 3991 762 4064 dicendum
790 3989 903 4060 multo
929 3988 1071 4060 brevius
1096 3987 1201 4057 nobis
1253 3999 1287 4058 et
1301 3983 1407 4056 series
1422 3981 1670 4076 imperiorum,
1695 3993 1844 4054 testatur
1868 3979 1964 4056 hunc
1981 3989 2156 4058 mundum
2171 3987 2234 4060 Dei
2305 3997 2306 4076 j

212 4101 429 4184 conceditur,
454 4121 560 4192 quam
574 4107 746 4190 quantum
763 4085 871 4164 buius
882 4089 1078 4182 argumenti
1093 4090 1201 4159 uber·
1253 4083 1401 4158 consilio
1420 4108 1461 4154 ac
1487 4081 1711 4175 providentia
1735 4083 1828 4174 regi,
1860 4101 1911 4172 et,
1942 4111 1997 4156 res
2023 4087 2184 4181 loquitur
2200 4090 2233 4156 in
2305 4081 2306 4114 ³

210 4187 265 4300 tas
286 4199 450 4293 postulat.
502 4193 622 4284 Quare
636 4194 793 4264 breviter
809 4214 945 4262 summa
959 4213 1088 4285 sequar
1101 4187 1202 4260 lasti·
1253 4183 1406 4260 heroicis
1430 4184 1599 4263 ducibus,
1627 4197 1668 4254 ut
1693 4183 1732 4254 io
1757 4181 1871 4278 Cyro,
1909 4181 2133 4274 Alexandro,
2164 4187 2233 4260 Sci·

211 4304 267 4396 'gia
284 4325 422 4384 rerum,
444 4295 631 4370 utPodtae
647 4294 763 4365 verbis
780 4307 872 4366 utar.
1253 4287 1371 4382 pione,
1395 4281 1569 4374 Augusto,
1596 4283 1748 4378 impetus
1762 4306 1867 4376 supra
1884 4307 2107 4357 communem
2122 4283 2233 4358 homi·
2305 4291 2306 4294 ’

300 4431 353 4506 Ac
373 4430 403 4500 ..ι
419 4427 649 4520 panegyrico,
666 4438 799 4502 mm
813 4423 947 4494 impuri
961 4423 1215 4508 hupitupmmr
1253 4413 1340 4460 num
1374 4398 1538 4456 naturam
1563 4383 1729 4474 flagrare,
1758 4397 1793 4456 et
1818 4385 1983 4458 accedere
2013 4389 2231 4460 foelicitatem

211 4535 368 4630 primum
384 4531 428 4600 de
441 4527 545 4600 Pauli
556 4549 703 4617 genere,
728 4524 859 4617 patria,
884 4525 1122 4609 incunabulis,
1145 4523 1203 4594 di·

212 4659 344 4718 ccrem:
378 4630 447 4711 sed¹
463 4629 614 4698 aliunde'
628 4626 745 4697 ordiri
766 4625 919 4702 decrevi.
971 4623 1136 4696 Primum
1157 4625 1202 4694 de

209 4736 324 4817 musis
346 4731 526 4804 monenda
548 4741 601 4798 est
615 4727 874 4810 adolescentia,
907 4749 972 4798 cur
997 4727 1110 4818 prosit
1137 4719 1202 4793 has

211 4837 379 4916 historias
400 4851 621 4921 cognoscere.
670 4825 766 4901 Sunt
785 4826 883 4900 enim
904 4839 976 4898 tres
993 4825 1202 4918 praeetpnae

211 4963 354 5024 causac,
388 4955 540 5029 quarum
555 4928 674 5024 prima
691 4942 762 5000 est:
796 4924 845 5001 Ut
860 4927 953 5021 qnid
976 4927 1024 4998 sit
1045 4923 1203 5000 Ecclesia
1354 4915 1567 4994 linianum
1583 4912 1640 4988 his
1658 4917 1877 4990 antecellunt
1899 4920 2013 4990 nostri
2028 4921 2154 5008 duces,
2177 4919 2230 5016 qui

212 5043 423 5132 cogitemus.
449 5047 484 5120 et
507 5031 680 5104 div-initus
700 5030 828 5102 missos
845 5053 923 5102 esse
943 5029 1050 5100 duces
1071 5051 1111 5103 ac
1136 5049 1203 5118 gu·
1252 5019 1447 5098 Ecclesiam
1468 5020 1728 5112 gubernarunt:
1755 5031 1872 5090 tamen
1895 5043 2018 5090 eorum
2032 5021 2146 5094 virtus
2165 5043 2229 5094 noo

213 5145 427 5219 bernatorcs
439 5153 687 5226 agnoscamus,
718 5155 760 5202 ac
780 5143 856 5202 toto
877 5130 1106 5222 pectorellco
1121 5151 1205 5220 gra·
1255 5123 1402 5220 perinde
1426 5119 1642 5214 compicitur
1663 5117 1708 5192 ab
1729 5119 1863 5210 ignaris
1882 5144 2004 5193 rerum
2026 5121 2229 5194 divinamm.

213 5245 280 5314 tias
296 5262 454 5329 agamus,
480 5260 543 5326 pro
564 5235 705 5302 donatis
729 5232 881 5302 aeternis
903 5231 1009 5300 bonis
1034 5245 1069 5306 et
1095 5229 1202 5300 mini·
1254 5220 1466 5318 tlt-gutlaci·
1483 5218 1694 5314 sapientiam
1705 5218 1871 5306 Solonis,
1889 5217 2062 5312 Augrrsti,
2085 5237 2121 5295 et
2141 5221 2228 5294 simi·

212 5341 345 5424 stertis,
369 5345 538 5430 peranu
552 5357 592 5404 ea
607 5328 815 5414 hominibus
829 5329 999 5424 impertit.
1144 5401 1149 5412 ,
1183 5400 1187 5409 ,
1255 5330 1358 5412 liuor,
1382 5345 1535 5420 (pronam
1544 5321 1654 5412 leges,
1678 5343 1806 5412 magna
1819 5322 1988 5415 imperis,
2011 5323 2142 5396 multas
2153 5345 2229 5416 gen·

1254 4488 1479 4581 singularem.
1530 4481 1632 4556 Hanc
1651 4481 1802 4556 Virtutis
1823 4497 1857 4554 et
1872 4485 2050 4558 Fortunae
2068 4491 2232 4559 excellen-

1253 4591 1339 4683 tiam
1369 4585 1446 4659 sani
1479 4608 1602 4654 omnes
1633 4584 1829 4670 mirantur,
1869 4599 1904 4655 et
1929 4587 2127 4680 suspiciunt
2159 4591 2231 4659 illos

1253 4711 1410 4762 summos
1424 4686 1538 4772 viros,
1562 4685 1624 4780 qui
1639 4683 1724 4755 alias
1738 4685 1823 4756 alibi
1840 4687 1895 4756 vcl
1910 4690 2170 4764 constituerunt
2182 4687 2230 4760 vel

1253 4791 1504 4868 defenderunt,
1529 4787 1586 4856 vel
1600 4787 1843 4858 instaurarunt
1859 4787 2018 4881 imperia.
