4704 5826
137 275 216 350 sta

135 461 212 544 tas,
245 461 352 520 erunt
377 461 412 522 et
441 470 575 539 poenae
597 459 760 520 aeternae
785 445 947 518 omnium
972 447 1034 540 qui
1060 471 1133 516 non

137 551 352 640 confugiunt
367 552 413 620 ad
424 550 539 620 lilium
554 546 632 622 Dei.

242 651 407 726 'sentium
430 651 586 722 officinm
606 663 674 724 est:
710 649 868 722 Summis
886 647 1136 740 gubernatori·

135 754 213 826 bus'
231 753 269 826 iu
290 753 414 844 politia
431 754 638 827 mandatum
655 767 723 838 est,
746 765 787 822 ut
804 752 871 843 ipsi
886 776 1028 847 quoque
1044 753 1136 841 leges

137 857 273 928 addant
286 857 475 946 decalogo,
496 877 586 948 quae
602 869 720 926 tarum
738 877 818 926 cum
834 854 972 944 legibus
989 867 1135 924 naturae

137 981 215 1028 non
233 970 404 1048 pugnent,
429 957 490 1026 sed
505 969 567 1027 aut
581 955 774 1027 necessaria
789 957 1053 1050 consequentia,
1075 967 1136 1026 aut

139 1059 320 1150 probabili
345 1059 484 1132 ratione
515 1083 557 1128 ex
586 1058 659 1128 illis
683 1069 861 1128 extructae
885 1057 976 1143 sint,
1010 1069 1044 1126 et
1065 1056 1136 1126 sint

141 1161 240 1232 velut
253 1162 455 1232 adiumenta
468 1161 585 1250 legum
601 1159 829 1238 naturalium,
856 1171 891 1228 et
905 1159 1136 1230 circumstan-

138 1262 207 1334 tias
223 1263 361 1355 aliquas
376 1262 556 1332 definiant.
596 1258 646 1332 Ut
661 1261 715 1330 lex
731 1273 877 1331 naturae
891 1261 1045 1330 ostendit
1059 1261 1136 1328 fur-

138 1377 216 1434 tum
233 1364 456 1454 puniendum
470 1385 555 1436 esse.
598 1360 730 1432 Modus
746 1386 941 1454 poenarum
957 1359 1136 1454 probabili

139 1467 281 1562 ratione
296 1467 518 1554 magistratus
534 1465 729 1537 constituit.

143 1621 145 1624 -
243 1568 423 1654 Quartum
436 1567 591 1638 officium
609 1579 675 1652 est,
699 1561 881 1662 ethorum
896 1565 1001 1636 etiarn
1017 1565 1135 1654 legum

139 1683 261 1742 custos
282 1669 346 1750 sit,
373 1682 408 1740 ει
432 1669 557 1760 puniat
580 1680 822 1754 contumaces,
848 1681 1035 1760 totumque
1055 1688 1137 1736 mu-

138 1794 209 1842 nus
232 1769 363 1842 referat
382 1772 427 1842 ad
449 1771 673 1862 disciplinam
694 1784 729 1840 et
747 1793 879 1862 pacem.
931 1767 998 1838 His
1012 1766 1137 1838 officiis

138 1874 419 1960 gubernatorum
433 1873 675 1958 consideratis,
695 1895 786 1966 quae
798 1871 972 1942 divinitus
986 1871 1019 1939 ei
1034 1891 1136 1938 man-

140 1977 225 2046 data
243 1998 318 2046 esse
331 1974 565 2047 certissimum
589 1988 660 2056 est,
685 1997 774 2068 quae
789 1973 836 2044 sit
850 1972 1010 2046 doctrina
1027 1970 1137 2042 luris-

140 2077 316 2157 consulti‚
349 2077 412 2170 qui
431 2090 483 2154 est
500 2077 597 2148 velut
621 2100 689 2146 vor
713 2075 980 2166 magistratuum
996 2069 1136 2170 (legum

142 2179 239 2247 enirn
267 2179 427 2250 custodia
448 2191 483 2250 et
500 2179 744 2271 interpretatio
759 2190 880 2250 nostro
897 2177 1018 2248 ordini
1034 2197 1135 2246 man-

141 2282 228 2353 data
241 2283 308 2373 eat)
325 2281 427 2356 facile
444 2281 594 2372 intelligi
613 2293 737 2372 potest.

246 2381 320 2455 Nec
340 2407 423 2454 vero
436 2383 716 2456 *existimandum
736 2393 805 2469 est,
830 2395 989 2454 nostram
1001 2378 1137 2452 doctri-

141 2508 228 2554 nam
244 2497 384 2556 tantum
405 2507 568 2558 acervum
591 2508 664 2556 esse
686 2485 962 2569 sententiarum,
986 2505 1136 2577 quarum

141 2586 239 2660 nulli
261 2586 337 2656 sint
359 2588 454 2660 certi
485 2588 618 2673 fontes,
650 2587 771 2656 nullae
803 2585 1136 2658 demonstrationes.

142 2687 213 2760 Sed
226 2689 448 2761 verissimum
464 2703 527 2774 est,
542 2689 728 2781 principia,
743 2701 784 2758 ut
797 2701 927 2758 vocant
940 2685 1137 2768 Dialectici,

141 2812 219 2860 esse
233 2805 416 2882 praecepta
434 2791 605 2881 decalogi,
628 2810 718 2884 quae
734 2803 818 2862 sunt
834 2787 990 2882 primurn
1007 2788 1046 2856 in
1061 2787 1137 2879 ipsa

141 2905 263 2964 mente
281 2893 424 2981 divina,
450 2893 571 2982 regula
594 2891 754 2964 iusticiae
775 2891 933 2962 immota.
986 2885 1136 2960 Etcum

142 2994 218 3064 sint
229 2993 383 3074 noticiae
396 2995 570 3066 divinitus
583 3017 722 3086 sparsae
735 2993 774 3062 in
787 2988 976 3084 hominum
991 3004 1138 3076 mentes,

141 3109 272 3167 natura
295 3109 400 3166 notae
419 3111 505 3166 sunt
524 3110 559 3170 ει
574 3097 715 3180 firmae,
740 3105 781 3165 ut
799 3117 1032 3166 numerorum
1048 3094 1137 3164 ordo

141 3209 252 3266 notus
268 3211 320 3271 est
343 3211 377 3266 et
401 3198 647 3268 immutabilis.
698 3193 753 3268 Ex
767 3191 824 3266 his
840 3197 952 3266 initiis
966 3219 1048 3266 cum
1061 3217 1138 3264 cer-

143 3313 223 3370 tum
237 3299 284 3368 sit
297 3299 471 3391 reliquam
490 3300 690 3370 doctrinam
708 3310 900 3368 extructam
918 3319 990 3368 esse
1007 3296 1136 3388 partim

144 3400 529 3486 demonstrationibus,
559 3401 689 3492 partim
716 3395 973 3470 honestissimis
993 3411 1029 3468 et
1052 3422 1138 3490 pro-

142 3501 327 3576 bahilibus
351 3503 570 3588 rationibus,
607 3523 698 3596 quae
724 3501 862 3570 vicinae
893 3513 977 3572 sunt
1006 3499 1138 3568 divinis

143 3607 357 3695 praeceptis,
382 3627 611 3694 agnoscamus
628 3616 742 3676 totum
757 3603 975 3688 aedificium,
998 3603 1138 3693 sapien-

142 3707 233 3776 tiam
255 3723 329 3778 es'se
350 3705 462 3778 aDe'o
484 3711 713 3776 monstratam
736 3705 856 3795 generi
871 3699 1049 3788 humano,
1075 3703 1138 3796 qui

143 3809 252 3877 etiam
278 3809 426 3878 consilia
448 3808 722 3899 gubernantium
748 3807 858 3896 rexit,
894 3819 933 3876 ut
962 3805 1138 3897 principia

143 3911 327 3994 viderent,
361 3923 396 3980 et
420 3910 549 3979 deinde
571 3909 745 3978 concinna
775 3909 933 3978 membra
958 3908 1138 3981 adderent.

145 4011 220 4082 Scit
230 4009 504 4081 Iurisconsultus
520 4011 695 4080 iusticiam
709 4011 747 4078 in
759 4011 999 4080 contractibus
1009 4032 1139 4101 aequa-

145 4114 281 4184 litatem
299 4137 391 4198 esse,
420 4136 509 4208 quae
530 4127 669 4204 sumpta
687 4125 739 4181 est
762 4136 803 4180 er
827 4123 1027 4202 praecepto:
1056 4109 1137 4180 Non

144 4217 282 4286 furtum
308 4216 427 4287 facies.
485 4213 580 4284 Hinc
609 4214 768 4284 nascitur
796 4215 934 4302 regula,
961 4209 1137 4284 iniustum

146 4339 221 4385 esse
240 4341 321 4386 cum
337 4317 482 4407 alterius
499 4317 634 4386 iniuria
654 4315 873 4406 locupletari.
924 4309 1139 4385 Eruditissi-

144 4443 202 4486 me
216 4418 497 4513 igiturquaesita
515 4431 566 4488 est
580 4417 790 4510 aequalitas,
815 4440 855 4486 ac
870 4440 971 4507 saepe
988 4417 1139 4486 demon·

144 4521 335 4592 stratioues
351 4521 555 4590 manifestae
571 4533 672 4603 sunt,
698 4533 737 4588 ut
759 4519 797 4588 in
821 4519 897 4607 lege
917 4518 1077 4588 lulianus
1093 4519 1138 4610 .§.

147 4647 189 4690 ex
211 4623 377 4706 vendito,
400 4623 440 4695 ff.
461 4625 506 4692 de
527 4621 726 4692 actionibus
742 4619 852 4712 empti
865 4633 899 4690 et
913 4619 1067 4692 venditi:
1099 4619 1139 4689 Si

147 4737 286 4816 emptor
308 4749 382 4793 non
403 4725 503 4795 dedit
524 4726 678 4816 precium
703 4735 779 4814 post
803 4723 897 4808 diem
924 4721 1139 4804 traditionis,

866 271 1027 381 naon.
1067 271 1140 348 nn
1171 273 1439 348 ansteus.

1187 467 1281 528 esse,
1306 458 1341 516 et
1353 443 1551 516 laudandos
1567 465 1639 514 esse
1653 444 1819 530 artifices,
1841 459 1916 516 turn
1933 461 2077 532 veteres,
2103 466 2177 524 tum

1186 559 1362 634 recentes,
1385 543 1570 616 Bartolum
1587 558 1621 618 et
1634 545 1784 630 similes,
1808 549 1871 640 qui
1885 549 2025 640 ingenia
2040 553 2180 625 discen-

1186 649 1277 722 tium
1309 651 1351 720 ad
1384 651 1499 717 fontes
1529 648 1721 722 deducunt.
1774 647 1957 723 Interdum
1983 656 2179 746 probabilis

1187 765 1326 824 tantum
1344 750 1434 820 ratio
1451 750 1536 839 legis
1551 762 1623 834 εει,
1650 752 1709 820 sed
1727 763 1847 836 tamen
1865 754 2057 842 concinna,
2082 761 2178 828 utin

1188 852 1337 924 diversis
1363 875 1558 944 poenarum
1584 851 1709 922 modis.
1765 850 1895 924 Nostro
1922 856 1999 938 iure
2026 861 2179 948 debitor,

1188 955 1251 1050 qui
1266 979 1339 1024 non
1353 965 1467 1046 potest
1481 953 1629 1035 solvere,
1642 953 1731 1022 facta
1740 957 1944 1026 excussione
1959 960 2180 1050 facultatum,
2259 971 2263 982 '

1188 1057 1258 1126 nisi
1281 1056 1386 1125 bonis
1409 1056 1527 1139 cedat,
1560 1055 1689 1126 multas
1710 1078 1832 1144 graves
1853 1082 1985 1150 poenas
2006 1065 2179 1134 sustinere

1188 1157 1336 1247 cogitur.
1388 1153 1532 1226 Alicubi
1556 1157 1595 1224 in
1621 1153 1770 1226 Graecia
1796 1159 1851 1227 lex
1879 1163 2030 1240 addebat
2057 1179 2178 1236 notam

1188 1273 1282 1330 certo
1306 1259 1522 1350 spectaculo,
1549 1272 1589 1328 ut
1613 1260 1804 1330 deterreret
1825 1261 1963 1351 plures,
1987 1289 2032 1334 ne
2055 1291 2180 1339 cumu-

1187 1361 1304 1432 larent
1318 1383 1375 1430 aes
1390 1361 1558 1434 alienum.
1602 1357 1785 1430 Pendebat
1801 1361 1840 1428 in
1856 1359 2011 1454 cophino
2030 1369 2181 1457 debitor,

1189 1477 1223 1534 et
1239 1487 1387 1532 coenum
1404 1463 1443 1530 in
1464 1487 1545 1532 curn
1566 1462 1829 1532 coniiciebatur.
1863 1461 1935 1540 ¹Ac
1955 1483 2089 1559 patrem
2105 1467 2180 1544 Eu-

1188 1565 1315 1657 ripidis
1337 1563 1453 1636 virum
1479 1586 1667 1655 pauperem
1690 1565 1852 1636 scribunt
1872 1559 1939 1637 hac
1952 1593 2065 1663 poena
2082 1576 2180 1643 adfe-

1188 1679 1285 1738 ctum
1307 1689 1391 1736 esse.
1445 1663 1547 1734 Talia
1572 1667 1728 1750 decreta,
1762 1690 1852 1760 quae
1873 1669 1936 1738 etsi
1957 1668 2182 1748 nonhabent
2294 1658 2301 1672 ⁴

1189 1791 1329 1840 causam
1354 1767 1602 1852 necessariam,
1644 1779 1764 1838 tamen
1787 1769 1953 1842 oriuntur
1977 1797 2019 1844 ex
2043 1777 2181 1848 ratione

1188 1869 1368 1963 probabili
1392 1883 1425 1940 et
1445 1868 1638 1954 concinna,
1664 1871 1783 1942 valent
1798 1885 1942 1963 propter
1958 1877 2181 1966 magistratus

1189 1972 1426 2052 autoritatem,
1452 1995 1556 2062 quem
1572 1967 1669 2040 Deus
1685 1973 1836 2044 armavit
1854 1968 1919 2046 hac
1935 1989 2116 2067 potestate,
2140 1997 2180 2054 ut

1189 2075 1293 2146 certis
1309 2072 1569 2146 circunstantiis
1583 2095 1786 2144 communes
1806 2081 1997 2148 sententias
2012 2082 2181 2156 includat.

1188 2175 1262 2248 Nec
1278 2177 1434 2248 recitabo
1450 2176 1551 2268 plura
1574 2176 1751 2267 meropia,
1774 2203 1853 2247 cum
1870 2179 1905 2246 in
1930 2181 2034 2252 libris
2050 2187 2180 2257 nostris

1188 2281 1322 2372 ubique
1337 2279 1441 2348 obvia
1457 2278 1539 2348 sint.
1592 2275 1690 2347 Haec
1707 2278 1768 2371 qui
1787 2280 1973 2381 derident,
1990 2303 2182 2378 excerpunt

1189 2382 1314 2452 mutila
1332 2394 1367 2450 et
1380 2380 1472 2450 levia
1490 2381 1659 2470 exempla.
1699 2379 1767 2452 Sed
1786 2383 1898 2454 bonae
1913 2387 2042 2456 mentis
2057 2404 2108 2460 est
2124 2391 2181 2460 in·

1189 2483 1282 2554 tueri
1303 2495 1418 2556 totum
1441 2480 1638 2552 aedificium
1663 2483 1864 2568 doctrinae,
1897 2500 1931 2555 et
1957 2490 2181 2564 considerare

1190 2586 1251 2656 illa
1268 2585 1411 2654 divinae
1426 2583 1616 2675 sapientiae
1634 2585 1795 2668 oracula,
1821 2587 1983 2660 videlicet
1999 2601 2181 2686 praecepta

1189 2685 1367 2780 decalogi,
1400 2685 1586 2778 exquibus
1602 2699 1721 2776 postea
1736 2686 1872 2780 reliqua
1889 2691 1998 2760 moles
2014 2697 2056 2762 ad
2081 2695 2182 2766 fasti-

1190 2789 1287 2880 gium
1306 2811 1429 2880 usque.
1443 2785 1627 2857 extruitur.
1677 2786 1756 2862 Irno
1783 2803 1896 2859 totum
1920 2793 2105 2883 politicum
2122 2823 2182 2868 or·

1189 2892 1311 2962 dinem
1326 2887 1508 2962 intuearis.
1557 2889 1642 2958 Non
1661 2889 1755 2958 enim
1776 2903 1914 2962 tantum
1932 2907 2132 2969 contractus
2149 2917 2182 2973 et

1189 2991 1425 3064 successiones
1445 2990 1536 3080 regit
1557 2985 1644 3086 haec
1658 2992 1836 3078 doctrina,
1863 2997 2044 3066 sedetiam
2066 3023 2182 3072 mores

1188 3090 1397 3178 hominum,
1429 3092 1542 3164 sancit
1570 3115 1700 3184 poenas
1731 3095 1892 3168 omnium
1921 3098 2111 3185 scelerum,
2142 3117 2183 3174 ut

1189 3196 1416 3286 disciplinam
1439 3194 1595 3274 muniat,
1621 3220 1662 3266 ac
1683 3219 1806 3266 revera
1831 3200 1992 3271 omnium
2009 3202 2181 3275 virtutum

1190 3299 1390 3368 doctrinam
1415 3297 1591 3380 continet,
1621 3298 1715 3391 quod
1738 3297 1775 3366 in
1793 3300 1973 3372 actionum
1990 3316 2025 3373 et
2040 3329 2183 3377 accusa-

1189 3401 1328 3472 tionum
1363 3398 1552 3493 gencribus
1582 3400 1748 3494 adparet,
1781 3425 1872 3492 quae
1901 3405 1944 3472 ad
1975 3405 2181 3498 decalogum

1189 3501 1369 3592 aptissime
1391 3502 1582 3593 quadrant:
1624 3513 1659 3571 et
1684 3501 1962 3588 gubernatorem
1979 3520 2020 3577 ut
2046 3511 2183 3598 puniat,
2247 3590 2252 3596 ¹

1190 3617 1412 3674 contumaces
1436 3601 1517 3670 ideo
1539 3615 1670 3685 armat,
1703 3601 1785 3693 quia
1811 3603 1928 3694 legum
1953 3631 2020 3677 vox
2044 3610 2182 3682 inutilis

1190 3719 1296 3789 esset,
1328 3704 1400 3774 nisi
1430 3705 1586 3774 executio
1615 3705 1810 3789 accederet,
1845 3707 1937 3780 sicut
1961 3733 2042 3780 vere
2065 3713 2183 3808 inquit

1190 3803 1402 3886 Aeschines,
1428 3799 1532 3876 Nihil
1549 3805 1665 3874 valere
1689 3807 1867 3894 politiam,
1894 3833 1968 3881 non
1993 3807 2180 3894 habentem

1191 3931 1320 3979 nervos
1332 3921 1453 3980 contra
1467 3907 1696 3976 facinorosos.
1994 3905 2003 3920 '
2155 3927 2159 3939 ’

1191 4101 1199 4108 ‚
1290 4009 1381 4082 Cum
1405 4009 1514 4099 igitur
1530 4023 1625 4080 totus
1644 4011 1732 4078 ordo
1751 4009 1916 4099 politicus
1931 4013 2182 4088 admirandum

1189 4111 1257 4182 Dei
1280 4135 1369 4202 opus
1392 4112 1454 4195 sit,
1480 4124 1515 4182 et
1530 4124 1669 4182 nostrae
1687 4111 1850 4182 utilitatis
1872 4137 1992 4201 causa,
2018 4129 2053 4186 et
2074 4131 2115 4190 ut
2137 4121 2183 4192 sit

1190 4214 1431 4284 testimonium
1447 4215 1490 4282 de
1506 4210 1604 4294 Deo,
1631 4236 1671 4282 ac
1687 4212 1914 4303 sapientiam,
1938 4215 2133 4290 bonitatem
2148 4231 2183 4293 et

1191 4315 1366 4386 iusticiam
1389 4317 1464 4384 eius
1487 4317 1665 4398 ostendat,
1691 4315 1912 4401 institutum,
1937 4332 1972 4390 et
1994 4319 2040 4389 sit
2063 4343 2182 4393 assue-

1191 4417 1296 4488 factio
1312 4419 1355 4486 ad
1375 4429 1488 4488 totum
1505 4412 1655 4488 chorum
1676 4417 1864 4488 virtutum:
1887 4441 1954 4489 vos
1970 4419 2101 4492 iterum
2116 4427 2183 4494 ob-
2254 4421 2255 4426 ’

1191 4533 1311 4600 testor,
1334 4515 1374 4590 ιιι
1389 4532 1424 4590 ει
1438 4521 1551 4610 ipsum
1568 4518 1751 4610 politicum
1768 4520 1929 4590 ordinem
1947 4536 2093 4614 propter
2105 4527 2182 4615 glo-

1191 4621 1285 4692 riam
1298 4622 1369 4692 Dei
1387 4621 1528 4706 ametis,
1555 4637 1588 4692 et
1603 4633 1804 4690 reverenter
1820 4622 1913 4692 tueri
1932 4625 2120 4715 studeatis,
2148 4641 2182 4700 et

1191 4717 1284 4793 hanc
1304 4725 1501 4794 doctrinam
1528 4724 1701 4804 eruditam
1725 4725 1770 4794 de
1791 4723 1889 4794 civili
1915 4726 2183 4814 gubernatione,

2108 281 2182 356 914
2283 302 2288 316 ¹

147 4849 229 4895 curu
253 4825 393 4897 fruatur
413 4850 452 4894 re
476 4841 605 4918 empta,
630 4825 782 4894 vicissim
807 4825 937 4916 pendat
962 4823 1140 4893 venditori
1192 4842 1260 4897 eta
1286 4826 1455 4920 sapientia
1476 4823 1542 4896 Dei
1558 4839 1690 4918 ortam,
1716 4838 1755 4896 ut
1770 4825 1830 4895 illa
1848 4827 1923 4918 ipsa
1938 4829 2109 4920 sapientia
2125 4833 2183 4902 di-

147 4928 274 5022 quanti
291 4928 445 5000 interest.
485 4925 673 5019 Perspicua
689 4927 854 5008 curatio,
881 4939 921 4996 ut
937 4927 1010 5017 ipse
1026 4940 1140 4997 textus
1193 4929 1274 4996 vina
1291 4929 1425 5023 inquit:
1452 4925 1590 4998 Parme
1608 4950 1705 5017 reges
1721 4943 1888 5017 regnant,
1914 4933 2182 5019 magnifaciatis,

146 5028 284 5122 inquit,
311 5044 352 5100 ut
374 5031 418 5099 sit
437 5031 641 5122 aequalitas.
695 5025 795 5098 Pleni
814 5021 900 5098 ¹sunt
922 5027 1004 5097 libri
1028 5027 1139 5097 nostri
1194 5043 1228 5102 et
1249 5031 1315 5100 toti
1338 5033 1456 5122 generi
1481 5026 1658 5116 humano,
1682 5053 1746 5102 suo
1767 5031 1915 5124 quisque
1938 5033 2017 5102 loco
2040 5041 2182 5106 conser-

148 5131 274 5201 talium
288 5131 598 5222 investigationum
621 5131 859 5222 aequalitatis,
885 5153 1034 5222 quarum
1052 5130 1141 5204 aliae
1193 5132 1269 5202 vari
1284 5133 1423 5207 curetis.
2050 5191 2080 5210 .,
2104 5191 2108 5200 .
2176 5167 2179 5174 ¹

148 5233 271 5322 magis,
291 5233 380 5303 aliae
392 5235 514 5304 'minus
531 5233 733 5322 perspicuae
748 5247 847 5302 sunt:
870 5255 960 5326 quae
974 5253 1054 5300 cum
1070 5232 1142 5304 sint
1294 5231 1456 5326 Cumque
1473 5227 1531 5302 hic
1548 5231 1683 5325 inquiri
1700 5233 1869 5302 virtutum
1887 5248 2030 5309 naturas
2047 5239 2185 5310 videbi-

149 5337 488 5419 demonstrationes,
522 5335 713 5424 fateamur,
745 5347 786 5404 ut
819 5335 857 5401 in
892 5333 970 5400 aliis
996 5333 1143 5420 artibus,
1194 5335 1259 5420 tis,
1284 5359 1387 5430 saepe
1402 5337 1444 5404 in-
1457 5348 1610 5404 mentem
1627 5335 1763 5416 veniat,
1790 5335 1869 5408 ideo
1889 5339 2095 5426 patefactam
2111 5366 2185 5410 esse

149 5437 334 5508 veritatem
356 5437 656 5509 demonstratione
679 5451 836 5520 erutam,
863 5435 1141 5527 amplectendam
1194 5437 1366 5509 virtutum
1389 5437 1608 5526 doctrinam,
1640 5449 1682 5506 ut
1706 5451 1740 5506 et
1762 5459 1836 5506 esse
1856 5435 1989 5524 Decem,
2016 5455 2049 5510 et
2069 5445 2185 5533 qualis

203 5535 391 5608 Mensura.
419 5546 524 5609 Ores.
551 5543 635 5608 Ver..
662 5540 725 5607 xl.
1480 5534 1529 5607 58
