4718 5828
82 211 136 288 45
599 207 759 296 DECL.
791 205 868 286 DE
898 205 1135 286 STUDllS
1169 197 1591 286 THEOLOGICIS.
2062 204 2113 282 ts

79 385 360 478 inissetlapsus,
385 396 472 456 tuuc
485 405 608 454 omnes
623 382 771 474 posteri,
803 379 1073 454 ctbnminesex
1120 381 1219 475 ‚quod
1253 379 1352 474 quasi
1384 381 1511 470 figulus
1543 379 1794 452 candelabrum
1826 375 1928 450 linxit
1954 389 2054 470 pater
2078 387 2114 446 et
2230 451 2239 460 ,

80 515 122 560 eo
151 488 242 573 orti,
278 478 388 582 φύσει
417 485 566 586 luissent
591 481 782 575 Theologi:
823 500 898 557 tum
926 486 1073 556 vidisses
1125 483 1220 554 Deus
1242 496 1371 552 noster.
1429 481 1570 552 Deinde
1590 481 1680 553 Cain
1703 481 1868 552 etHabel
1892 480 2051 572 parvuli,
2079 491 2114 549 et
2152 518 2153 521 =

78 605 195 664 totum
211 591 335 658 orbern
351 602 525 660 terrarum
541 583 741 660 niltilaliud
758 611 849 668 esse,
871 611 978 682 quam
993 611 1071 678 spa·
1125 580 1240 656 adhuc
1260 585 1299 654 iu
1319 583 1420 654 cuuis
1441 597 1635 676 reptantes,
1658 598 1720 655 aut
1737 585 1899 654 alacriter
1913 582 2113 653 circumvo-

78 693 213 762 ciosam
255 691 434 782 quandam
473 713 514 758 ae
554 689 877 782 frequentissimam
917 683 1072 758 scholam
1125 687 1239 758 lantes
1265 687 1406 778 potius,
1437 687 1574 780 quoties
1597 681 1742 756 herbam
1773 687 1928 780 aliquam
1951 686 2115 767 odoram,

77 791 357 882 Theologicam,
389 790 428 860 in
459 791 536 884 ipso
564 791 747 884 paradiso,
779 791 880 885 quasi
903 791 943 860 iu
967 785 1072 860 horto
1125 791 1263 882 quoties
1285 787 1416 856 violam
1442 804 1503 860 aut
1525 813 1659 873 rosam,
1689 789 1825 882 quoties
1848 810 1992 880 pomum
2008 807 2115 874 gene-

76 899 257 990 quodam.
305 905 367 964 aut
414 891 554 983 porticu
595 887 868 986 Philosopbica,
916 891 1073 962 mirabili
1126 915 1265 976 rosum,
1296 891 1440 960 botrum
1470 905 1531 962 aut
1561 914 1650 960 rivas
1676 892 1908 982 aspexissent,
1941 911 2014 957 non
2038 885 2115 955 siue

76 997 315 1078 amoenitate,
344 995 468 1084 passim
491 995 782 1074 consedentibus,
808 993 1074 1088 obambulanti·
1125 991 1380 1062 iucundissimo
1412 1013 1518 1062 sensu
1553 993 1712 1064 infinitae
1743 1005 1778 1061 et
1811 986 2115 1082 inperserutabilis

76 1099 143 1168 bus
168 1111 221 1168 tot
248 1095 450 1186 discipulis,
484 1119 636 1188 quorum
659 1089 935 1192 συμφιλόσοφοι
958 1109 1073 1166 essent
1125 1094 1293 1164 bonitatis
1310 1106 1344 1164 et
1358 1094 1550 1182 sapientiae
1566 1091 1650 1178 Dei,
1674 1095 1898 1184 cogitassent:
1930 1085 2016 1160 haec
2031 1101 2116 1160 sunt

75 1199 230 1290 Angeli,
263 1221 415 1291 quorum
443 1195 611 1274 dominus
643 1211 676 1266 et
702 1198 867 1288 magister
887 1213 976 1268 esset
998 1198 1072 1288 ipse
1125 1198 1217 1266 dona
1241 1195 1353 1264 nostri
1384 1195 1482 1264 illius
1510 1193 1643 1280 Patris,
1675 1191 1734 1266 hie
1757 1199 1864 1276 odor,
1896 1188 1955 1262 hic
1977 1215 2115 1277 succus,

73 1299 191 1372 Deus:
227 1299 375 1368 vidisses
395 1299 588 1366 masculum
612 1311 646 1368 et
663 1299 855 1368 foeminam
875 1300 914 1368 in
935 1322 1071 1370 summa
1124 1322 1231 1390 opera
1267 1311 1349 1366 sunt
1384 1297 1543 1368 coelestis
1581 1301 1740 1368 dextrae:
1787 1291 1896 1366 hrrius
1923 1294 2018 1364 botri
2057 1292 2116 1360 rel

76 1404 260 1488 castitate,
300 1413 334 1470 et
364 1397 517 1491 puritate
544 1399 641 1468 dulci
666 1401 837 1493 quadam,
872 1415 906 1472 et
936 1401 1072 1472 sincera
1124 1425 1236 1470 unum
1267 1399 1474 1490 pampinum
1506 1423 1569 1490 ego
1597 1423 1671 1468 nun
1703 1423 1839 1490 possem
1862 1398 2004 1485 lingere.
2066 1389 2117 1465 Et

75 1509 241 1601 στοργῇ,
276 1525 358 1570 vera
381 1502 532 1594 quadam
557 1514 592 1572 et
614 1503 766 1592 perlecta
788 1503 959 1572 suavitate
981 1503 1073 1574 vitae
1124 1515 1199 1571 tum
1220 1498 1333 1570 Adam
1352 1516 1386 1571 et
1402 1497 1477 1570 Eva
1493 1501 1633 1570 coelesti
1652 1503 1823 1594 quadam,
1854 1501 1956 1569 beata
1978 1510 2013 1567 et
2033 1519 2116 1566 sua-

73 1621 106 1676 et
124 1629 290 1688 morum,
313 1599 443 1672 deDeo
458 1615 491 1672 et
506 1603 674 1693 operibus
686 1601 751 1672 Dei
766 1603 956 1689 disserere,
984 1628 1069 1674 con·
1124 1603 1266 1672 vissima
1294 1601 1579 1690 conversatione,
1618 1627 1691 1672 uon
1721 1603 1825 1672 aliter
1854 1615 1958 1693 atque
1992 1595 2115 1669 tenelli

73 1706 250 1776 laberlari:
281 1703 428 1774 vidisses
456 1697 620 1774 homines
640 1719 796 1796 expertes
821 1707 1072 1798 calamitatum,
1125 1705 1187 1773 lilii
1210 1704 1277 1774 sub
1298 1705 1431 1774 blando
1453 1718 1615 1796 parente,
1650 1704 1687 1772 in
1714 1727 1850 1774 somma
1878 1701 2007 1772 fiducia
2032 1723 2119 1790 erga,

74 1831 351 1891 aerumnarum,
385 1803 572 1888 tristiciae,
603 1805 745 1895 ignaros
767 1807 933 1878 lunarum
960 1821 993 1877 et
1015 1831 1072 1876 se·
1123 1805 1261 1892 Deum,
1297 1805 1336 1874 in
1363 1829 1499 1876 summa
1526 1806 1734 1878 certitudine
1764 1818 1799 1876 et
1827 1804 2013 1876 dulcedine
2036 1826 2116 1878 eor-

75 1905 242 2000 pulcbri,
268 1909 502 1978 liberosatot
514 1909 710 1978 terroribus
725 1903 888 1990 Diaboli,
913 1909 959 1980 ab
974 1908 1073 1978 omni
1124 1909 1241 1992 dium,
1274 1905 1377 1976 illum
1399 1905 1516 1978 Deum
1543 1908 1662 1979 vivum
1685 1922 1719 1978 et
1740 1931 1863 1977 verum
1883 1930 1985 1976 suum
2005 1927 2115 1992 agno-

75 2012 246 2092 tristitia,
273 2023 392 2094 metu,
423 2031 572 2102 pavore,
605 2021 641 2080 et
664 2009 823 2092 miseria,
848 2013 1072 2104 inperpetuo
1125 2010 1257 2079 risseut
1277 2010 1521 2096 conditorem,
1552 2010 1825 2092 nutricatorem‚
1855 2019 2057 2100 parentem,
2080 2017 2115 2078 et

75 2113 209 2206 gaudio
226 2111 383 2203 Spiritus
402 2109 535 2194 sancti,
558 2110 836 2184 admirabundus
854 2113 1013 2208 quotidie
1029 2115 1073 2184 de
1124 2113 1316 2182 admodum
1328 2113 1511 2204 perspicua
1524 2111 2008 2201 cognitioneintellexissent,
2022 2132 2114 2202 quo·

78 2215 249 2306 operibus
265 2211 350 2298 Dei,
376 2211 671 2285 iucundissimum
688 2201 886 2286 in'modum
904 2215 1070 2308 colloqui.
1124 2217 1231 2286 modo
1254 2227 1305 2286 tot
1328 2213 1511 2302 magnilica
1535 2228 1569 2284 et
1590 2213 1802 2306 praestantia
1826 2237 1952 2305 opera,
1986 2223 2038 2280 tot
2054 2233 2114 2278 ex·

75 2315 160 2386 Non
181 2315 334 2386 luissent
355 2315 521 2384 tenebrae
541 2309 626 2401 hae,
651 2327 703 2386 tot
723 2317 1072 2408 moestaecogitatiu-
1124 2317 1287 2388 celleutes
1325 2329 1523 2400 creaturae,
1563 2339 1659 2384 mera
1688 2315 1895 2410 quotidiana
1931 2311 2116 2397 miracula,

76 2443 141 2488 nes
169 2433 205 2487 et
229 2441 334 2488 curae
367 2411 601 2486 humanarum
630 2418 822 2502 mentium,
856 2443 945 2512 quae
976 2443 1072 2489 nuuc
1122 2441 1218 2488 mera
1233 2417 1373 2507 specula
1388 2431 1521 2500 essent,
1545 2417 1584 2486 iu
1601 2417 1730 2510 quibus
1744 2418 1861 2507 fulgor
1876 2415 2033 2484 infinitae
2049 2414 2115 2482 bn-

77 2535 179 2600 sunt,
206 2521 267 2587 sed
284 2519 403 2588 omnia
420 2517 522 2608 plena
540 2520 638 2600 luce,
663 2520 755 2604 vita,
779 2515 976 2606 hilaritate,
1001 2521 1073 2590 lae·
1123 2518 1245 2590 nitatis
1260 2531 1295 2588 et
1317 2519 1496 2610 potentiae
1508 2515 1573 2588 Dei
1591 2519 1763 2590 redditur.
1821 2517 1912 2588 Nam
1932 2510 2114 2608 bnecpul·

76 2623 161 2694 ticia
191 2621 384 2688 ineffabili:
422 2631 456 2688 et
481 2619 696 2690 eiuscemodi
722 2623 883 2692 coelestia
909 2625 1071 2715 po'e'mata
1124 2617 1298 2690 cherrima
1326 2645 1444 2690 rerum
1471 2617 1633 2690 machina
1656 2622 1695 2688 in
1719 2615 1786 2690 boc
1809 2619 1951 2690 condita
1975 2632 2042 2702 est,
2073 2629 2115 2687 ut

76 2748 117 2793 ac
130 2724 268 2792 cantica
285 2723 328 2790 de
343 2717 419 2792 Deo
434 2734 467 2792 et
482 2719 726 2812 operibusDei
743 2721 997 2818 (cuiuscemodi
1013 2725 1071 2796 vis
1124 2725 1168 2794 sit
1198 2736 1357 2808 aeterna,
1393 2723 1541 2792 mirifica
1571 2736 1606 2792 ct
1642 2722 1843 2792 indelebilis
1881 2721 2038 2812 pictura,
2073 2717 2114 2788 in

74 2825 226 2894 summis
251 2819 482 2906 Patriarchis,
515 2820 664 2908 Davidi,
697 2839 731 2894 et
754 2827 931 2898 similibus
947 2851 1072 2898 canere
1124 2851 1192 2918 qua
1217 2821 1314 2894 Deus
1341 2838 1374 2896 et
1397 2821 1502 2915 opera
1525 2823 1601 2895 cius
1628 2844 1836 2910 cernantur,
1867 2824 1956 2893 sicut
1982 2820 2114 2891 Patulus

75 2941 197 3018 postea
219 2927 343 2996 datum
370 2921 438 3020 est)
459 2939 534 2995 tum
558 2925 689 2995 bimuli
711 2927 881 3009 infantes,
907 2942 941 2998 et
957 2926 1071 2998 Habel
1123 2925 1430 2999 adRum.1.dicit.
1471 2923 1587 2996 Multa
1603 2928 1887 2996 suntadmodum
1904 2927 1998 2996 dese
2014 2923 2114 3012 signa

77 3028 250 3118 parvulus
269 3029 307 3096 in
326 3027 447 3111 cunis,
474 3025 567 3096 inter
581 3027 655 3118 ipsa
672 3030 864 3120 crepundia
881 3031 1072 3112 cecinisset.
1123 3029 1261 3112 dantia,
1282 3042 1316 3100 et
1330 3050 1488 3118 expressa
1505 3029 1646 3116 vestigia
1663 3029 1882 3111 divinitatis,
1905 3027 1942 3094 in
1960 3023 2025 3096 hac
2041 3039 2113 3096 tota

76 3129 165 3200 Nam
189 3128 263 3198 nisi
287 3154 305 3196 e
333 3127 431 3198 coelo
455 3150 622 3218 generosa
647 3129 708 3198 illa
734 3144 767 3200 et
792 3131 924 3201 nobilis
947 3146 1072 3203 natura
1122 3129 1352 3200 universitate
1374 3153 1514 3213 rernm,
1546 3127 1823 3221 pulcherrimum
1840 3125 1909 3198 hoc
1928 3143 1962 3198 et
1977 3128 2114 3220 spacio-

77 3226 256 3314 hominis,
299 3255 364 3321 per
396 3244 575 3322 peccatum
606 3230 755 3320 originis
787 3245 821 3302 et
852 3228 1070 3304 horrendum
1123 3258 1220 3317 sum,
1253 3245 1289 3300 et
1312 3245 1364 3302 tot
1390 3245 1563 3300 astrorum
1588 3232 1787 3302 luminibus
1809 3231 2013 3299 distinctum
2033 3253 2114 3298 coe-

77 3333 217 3424 lapsum
233 3328 353 3417 Adae,
379 3355 459 3402 cum
482 3331 521 3400 in
537 3333 713 3422 corporis,
736 3349 811 3404 turn
832 3335 970 3406 animae
985 3335 1072 3404 viri·
1123 3337 1216 3420 lum,
1242 3334 1366 3424 iugens
1388 3333 1448 3402 illa
1472 3335 1584 3402 moles
1600 3347 1731 3419 terrae,
1758 3347 1791 3402 et
1808 3333 1952 3400 mirifica
1970 3333 2045 3400 eius
2063 3333 2116 3400 el-

76 3435 141 3504 bus
157 3447 330 3525 corrupta
348 3447 455 3518 esset,
484 3433 655 3503 etlumen
672 3435 762 3504 illud
779 3431 955 3506 humanae
971 3462 1072 3506 men·
1123 3436 1293 3515 ficientia,
1322 3449 1356 3506 et
1371 3436 1408 3504 in
1423 3435 1520 3504 omni
1538 3457 1663 3525 genere
1680 3435 1910 3505 crescentium
1927 3433 2114 3502 foecundi-

77 3537 120 3606 tis
139 3531 372 3616 hebetatum,
403 3547 477 3605 tum
500 3534 589 3604 mira
611 3537 762 3627 quadam
791 3539 865 3608 acie
888 3539 1016 3607 mentis
1039 3551 1073 3608 et
1123 3553 1193 3621 tas,
1226 3537 1363 3606 infinita
1388 3560 1477 3628 pene
1508 3537 1715 3626 magnitudo
1737 3537 1865 3618 maris,
1899 3549 1931 3604 et
1960 3533 2114 3606 inclusio

77 3639 286 3722 oculorum,
323 3652 441 3707 motus
479 3637 561 3704 illos
592 3638 773 3721 coelestes,
818 3640 918 3723 solis,
955 3641 1072 3724 lunae,
1122 3663 1294 3732 aquarum
1319 3639 1413 3716 eius,
1446 3651 1485 3706 ut
1499 3635 1660 3707 Psalmus
1677 3639 1744 3723 ait,
1769 3639 1867 3732 quasi
1884 3637 1921 3704 in
1939 3651 2036 3720 utre,
2060 3649 2114 3705 tot
2168 3657 2176 3664 ·

76 3741 304 3830 aliorumque
326 3739 480 3808 siderum
502 3751 595 3806 ratos
622 3737 928 3834 immutabilesque
950 3765 1071 3811 cursus
1122 3741 1298 3826 volrrcres,
1331 3753 1383 3810 tot
1404 3763 1530 3827 genera
1554 3739 1788 3810 animantium
1812 3753 1846 3810 et
1870 3739 2036 3828 piscium,
2059 3751 2121 3808 tot*

77 3855 146 3910 tam
163 3864 279 3931 prope
293 3837 407 3908 Adam
423 3839 697 3928 essetfliutuitus,
722 3865 827 3934 quam
848 3867 915 3912 nos
928 3868 1084 3938 currum
1121 3840 1270 3927 herbae,
1303 3856 1357 3912 tot
1383 3843 1556 3927 remedia,
1591 3849 1687 3912 tauta
1720 3844 1757 3911 io
1781 3843 1910 3924 succis,
1943 3841 2115 3911 odoribus

78 3942 256 4025 interra,
289 3954 350 4010 aut
373 3943 492 4010 narvim
513 3942 551 4008 in
573 3943 662 4010 mari
685 3945 874 4032 gubernari
899 3945 1070 4018 videmus.
1123 3947 1293 4030 varietas,
1321 3966 1410 4037 quos
1430 3968 1501 4012 arna
1525 3959 1557 4016 et
1580 3947 1699 4014 eadem
1725 3959 1815 4014 terra
1841 3943 1991 4034 profert,
2023 3965 2114 4035 quae
2188 3951 2194 3960 “

79 4039 123 4114 Et
144 4068 221 4112 nou
245 4043 361 4112 solum
383 4043 631 4132 cognovissent
652 4057 726 4114 tum
747 4047 852 4135 primi
874 4047 927 4115 illi
944 4072 1071 4137 paren·
1122 4047 1240 4116 omnia
1264 4071 1304 4114 ex
1329 4070 1402 4114 eruo
1428 4049 1621 4139 eodemque
1641 4047 1869 4118 sobolescunt
1891 4045 2051 4138 pulvere,
2079 4057 2114 4115 ct

80 4157 147 4226 tes,
184 4147 284 4238 quod
311 4141 406 4214 Deus
429 4157 578 4216 creasset
598 4146 928 4230 coelum„tcrram,
963 4173 1071 4231 mare,
1122 4143 2113 4238 incompreheusibiliacocerrltissimoauctunascuntur.

79 4261 111 4317 et
133 4247 256 4315 omnia
283 4271 373 4339 quae
393 4247 431 4315 in
451 4247 502 4316 eis
523 4259 627 4329 sunt,
659 4249 779 4320 sedet
807 4251 896 4318 mira
919 4252 1069 4341 quadam
1122 4248 1218 4318 Haec
1241 4250 1383 4342 quidem
1408 4248 1492 4316 satis
1514 4272 1637 4338 magua
1659 4251 1859 4320 testimonia
1881 4264 1983 4333 sunt,
2016 4250 2113 4342 quod

79 4347 295 4439 perspicacia
327 4347 599 4432 intellexissent,
642 4347 757 4437 ipsum
793 4366 963 4442 perpetuo
997 4375 1070 4420 esse
1122 4347 1180 4420 bic
1197 4354 1354 4421 muudus
1369 4373 1441 4418 nou
1458 4373 1538 4418 casu
1553 4352 1726 4437 extiterit,
1752 4377 1816 4422 nec
1831 4377 1871 4422 ex
1886 4351 2012 4421 atomis
2026 4376 2112 4419 ron-

80 4464 299 4541 praesentem
333 4451 500 4522 omuibus
534 4445 740 4519 hominibus
769 4452 895 4537 simul,
932 4465 966 4521 et
991 4453 1069 4520 ani·
1121 4453 1225 4522 flatus
1255 4453 1320 4537 sit,
1356 4451 1569 4543 mquidem
1600 4449 1808 4544 Philosophi
1836 4456 2010 4534 sentiunt,
2050 4455 2112 4522 sed

81 4551 261 4621 mantibus
282 4553 367 4620 dare
388 4553 497 4622 vitam
518 4565 552 4620 et
574 4546 744 4635 halitum,
769 4567 875 4648 atque
893 4556 941 4625 ita
959 4553 1068 4622 animi
1121 4567 1298 4624 aeternam
1326 4555 1504 4645 quandam
1534 4567 1566 4621 et
1592 4554 1766 4624 infinitam
1799 4579 1871 4624 esse
1893 4556 2115 4648 sapientiam,
2168 4599 2171 4606 ·

81 4667 113 4723 et
132 4655 241 4724 corda
264 4677 387 4723 eorum
410 4653 672 4724 iucundissimis
696 4653 887 4726 affectibus.
900 4655 1020 4746 gaudii
1037 4669 1071 4725 et
1121 4680 1211 4750 quae
1226 4651 1446 4724 haecomnia
1463 4654 1609 4724 mirilice
1625 4653 1848 4727 architectata
1864 4657 1927 4741 sit,
1953 4683 2112 4749 quaeque.

80 4755 271 4825 ineffabilis
286 4755 443 4826 laeticiae
460 4755 687 4846 inussissent,
715 4758 758 4824 de
773 4753 873 4844 Deo,
889 4762 943 4828 'de
962 4755 1068 4826 utini.
1121 4760 1242 4828 eodem
1261 4756 1518 4848 elegantissimo
1537 4757 1664 4826 o‘idine
1677 4772 1859 4829 conservet
1875 4783 1914 4828 ac
1929 4761 2113 4848 guireroet,

80 4859 142 4926 mis
158 4856 397 4950 maximisque
416 4857 583 4949 operibus
607 4855 691 4941 Dei,
716 4857 798 4927 tum¹
809 4861 952 4952 quidem
971 4871 1068 4929 tauta
1120 4875 1159 4928 ut
1182 4857 1316 4930 Paulus
1337 4883 1478 4952 quoque
1504 4858 1542 4926 in
1569 4853 1668 4930 Actis
1692 4875 1856 4945 testatur,
1890 4864 1985 4954 quod
2015 4859 2114 4930 Deus

80 4959 270 5045 certitudo,
298 4974 367 5030 tam
382 4951 728 5052 firmaulqpopopiu
742 4957 878 5034 deDeo
893 4962 1013 5032 luisset
1031 4961 1068 5029 in
1121 4961 1201 5031 ideo
1225 4963 1264 5031 in
1287 4974 1359 5031 tota
1385 4971 1541 5029 creatura
1563 4959 1611 5030 ita
1639 4963 1782 5054 vestigia
1806 4965 1879 5050 sui,
1908 4966 1946 5032 iu
1962 4964 2113 5054 singulis

80 5063 258 5132 mentibus
284 5055 466 5145 humanis,
497 5078 535 5132 ut
559 5060 697 5153 quoties
720 5057 835 5130 Adam
858 5067 925 5134 sub
941 5087 1068 5133 aurora
1121 5088 1209 5154 pene
1231 5062 1406 5146 flosculis,
1437 5061 1585 5148 singulis
1607 5087 1697 5154 pene
1718 5067 1886 5136 arborum
1907 5066 2002 5136 loliis
2026 5067 2112 5137 reli-

80 5187 199 5249 orans,
224 5177 287 5233 aut
305 5157 381 5232 Eva
399 5186 502 5230 osane
524 5185 655 5232 ornans
669 5185 705 5230 se
726 5165 769 5230 ad
788 5167 940 5254 proximi
958 5163 1069 5235 sontis
1120 5165 1256 5257 querit,
1290 5177 1325 5235 et
1345 5186 1419 5233 sese
1437 5164 1657 5254 depinxerit,
1691 5183 1730 5240 ut
1754 5191 2004 5256 cognoscamus
2028 5195 2109 5240 enus

79 5267 276 5356 speculum,
310 5265 421 5332 solem
445 5265 618 5350 orientem
642 5263 805 5350 vidisset,
830 5291 966 5337 summa
985 5291 1067 5336 cum
1119 5289 1192 5335 uon
1207 5267 1311 5357 longe
1328 5265 1448 5336 abesse
1469 5265 1513 5336 ab
1527 5290 1745 5364 unoquoque
1762 5285 1944 5355 nostrum,
1970 5286 2004 5344 et
2023 5295 2112 5364 pens

80 5369 254 5462 voluptate
272 5367 474 5458 cogitassetc
500 5365 560 5440 En
575 5367 704 5438 iterum
721 5367 825 5440 nobis
847 5370 945 5442 sidus
965 5370 1067 5455 illud,
1119 5367 1157 5436 in
1184 5382 1307 5440 nostro
1328 5367 1473 5463 proprio
1497 5393 1662 5464 corpore,
1701 5373 1740 5442 iu
1768 5397 1862 5470 pane
1890 5390 1926 5449 et
1949 5375 2043 5446 riuo'
2060 5375 2111 5450 sic
