4646 5824
85 292 160 368 aar
615 289 777 366 nucu
812 283 892 364 nu
923 283 1123 362 uranu:
1158 283 1347 359 rurus
1379 225 1534 357 asro
1561 301 1646 398 erc.
2045 281 2122 360 sta

84 462 183 538 dinis
205 462 252 535 in'
266 458 426 536 Ecclesia
448 462 602 537 coelesti.
650 459 720 534 Dic
745 475 842 534 sexto
865 458 1078 534 Novembris
1130 458 1247 529 clesiis
1261 456 1388 527 vicinis
1411 457 1637 528 retinendum
1658 457 1811 549 profuit,
1837 456 2120 540 convenerimus,

83 564 240 641 Cbasma
257 568 299 637 in
310 567 409 638 coelo
424 566 528 638 valde
536 565 773 658 conspicuum
785 564 905 648 fulsit,
929 567 976 636 ab
996 577 1078 636 ortu
1128 585 1204 630 non
1218 574 1258 632 ut
1272 573 1396 631 contra
1410 560 1619 654 cuiusquam
1635 560 1862 631 autoritatem
1886 561 2024 655 aliquid
2048 559 2119 642 fiat,

82 671 221 742 aestivo
240 691 362 740 versus
377 669 576 740 brumalem
593 690 756 738 oceasum
773 689 951 758 sparsum,
981 667 1077 760 quod
1129 665 1189 733 sed
1205 676 1246 733 ut
1261 662 1320 753 pie
1336 675 1369 732 et
1386 676 1545 733 amanter
1569 663 1614 732 de
1637 665 1761 733 eodem
1786 687 1961 734 consensu
1986 663 2120 734 tuendo

82 773 156 844 late
173 783 401 864 conspectum
423 783 494 853 est,
522 783 558 864 et
572 767 880 840 flammaealirubi
894 769 933 838 in
947 781 1077 842 terram
1128 763 1391 858 colloquamur:
1426 787 1571 855 agamus
1592 766 1734 846 eadem,
1761 788 1852 858 quae
1873 777 1976 836 antea
2003 759 2120 834 iubis
2163 849 2166 854 Ι

82 875 270 965 delapsae,
311 895 436 944 rursus
456 873 496 942 in
518 878 636 944 aerem
665 873 863 949 evolamut.
930 869 972 940 ld
1003 871 1077 963 ipse
1128 867 1457 961 piiscongressibus
1473 889 1574 956 agere
1591 867 1850 941 consuevimus.

79 977 191 1048 etiam
205 987 314 1048 noctu
329 975 477 1062 viderat,
503 976 552 1046 ita
568 975 714 1059 cubans,
738 986 779 1044 ut
795 997 872 1042 eam
889 973 980 1042 coeli
995 997 1079 1066 par·
1230 969 1283 1039 Ac
1307 969 1461 1059 primum
1485 967 1615 1058 gratias
1637 967 1773 1059 agimus
1795 969 1863 1040 tibi
1891 967 2119 1059 omnipotens

80 1092 155 1149 tem
173 1077 309 1150 intueri
326 1089 455 1169 posset.
488 1074 544 1149 Eo
560 1089 677 1148 motus
691 1075 874 1168 prodigio,
898 1099 980 1146 cnm
996 1074 1078 1170 qui·
1128 1069 1243 1156 Deus,
1268 1084 1409 1142 aeterne
1429 1087 1464 1142 et
1485 1071 1591 1142 unice
1614 1085 1714 1163 pater
1730 1069 1879 1142 Domini
1901 1070 2015 1141 nostri
2039 1067 2121 1141 lesu

80 1183 166 1252 dem
182 1194 269 1253 tune
285 1179 378 1252 vires
392 1179 468 1250 eius
483 1180 586 1250 valde
602 1179 990 1268 langueiactaeessent,
1013 1178 1077 1247 ad·
1127 1169 1282 1255 Christi,
1309 1173 1474 1244 eonditor
1495 1173 1583 1243 coeli
1607 1186 1642 1244 et
1662 1186 1793 1259 terrae,
1819 1186 1855 1243 et
1877 1167 2066 1244 hominum
2087 1184 2123 1242 et
2166 1177 2167 1180 ’

80 1284 233 1354 modum
259 1295 390 1353 moesta
413 1282 592 1366 oratione,
633 1304 713 1350 curu
735 1279 906 1374 postridie
927 1282 972 1350 ad
997 1303 1077 1352 eum
1127 1273 1306 1346 Ecclesiae
1323 1290 1421 1362 tuae,
1445 1299 1516 1346 una
1539 1297 1620 1346 cum
1643 1277 1717 1346 lilio
1740 1288 1802 1346 tuo
1819 1272 1976 1346 Domino
1995 1286 2119 1346 nostro

78 1385 321 1466 venissemus,
347 1384 547 1476 deploravit
557 1379 736 1454 Ecclesiae
751 1381 1017 1474 dissipationes,
1044 1393 1078 1451 et
1129 1375 1208 1448 Iesu
1228 1372 1371 1449 Christo
1399 1391 1434 1448 et
1460 1375 1598 1469 Spiritu
1631 1391 1772 1464 sancto,
1805 1378 1902 1471 quod
1928 1399 2003 1446 non
2030 1376 2120 1448 sinis
2193 1379 2194 1384 ’

80 1502 256 1562 venturos
274 1500 392 1558 motus
411 1487 600 1580 praedixit:
625 1509 667 1556 ac
683 1487 803 1556 decem
819 1484 894 1554 dies
911 1483 1078 1577 reliquos,
1128 1480 1287 1570 extingui
1303 1480 1418 1550 lucem
1433 1479 1616 1550 doctrinae
1631 1493 1730 1562 tuae,
1757 1492 1792 1549 et
1809 1481 1904 1552 inter
1919 1501 1985 1548 nos
2000 1472 2120 1550 hacte-

80 1591 217 1684 quibus
244 1602 418 1680 superstes
447 1589 535 1674 luit,
575 1587 813 1679 consumpsit,
851 1599 892 1658 ut
930 1586 1078 1672 solebat,
1129 1604 1197 1654 nus
1213 1583 1403 1652 clementer
1416 1582 1562 1652 servasti
1576 1577 1639 1652 has
1655 1583 1825 1676 reliquias
1839 1595 1919 1652 tuae
1931 1577 2121 1666 Ecclesiae,

81 1693 123 1762 in
139 1691 366 1765 invocatione
382 1703 417 1761 et
432 1690 665 1762 confessione.
1128 1707 1218 1779 quae
1232 1707 1353 1754 vocem
1369 1680 1556 1774 Evangelii
1571 1685 1624 1754 tui
1641 1685 1882 1776 incorruptam
1898 1707 2025 1754 sonare
2044 1697 2121 1754 stu·-

187 1791 241 1864 lta
264 1793 358 1864 inter
379 1807 461 1866 vota
483 1792 679 1886 tranquillo
702 1791 831 1868 animo,
848 1791 906 1861 die
921 1787 1076 1861 Novem-
1128 1791 1225 1861 dent.
1274 1783 1414 1855 Deinde
1436 1799 1471 1857 et
1493 1786 1748 1858 ardentissimis
1769 1786 1861 1857 votis
1884 1787 2034 1877 teipsum
2058 1809 2120 1855 ve-

78 1895 158 1967 bris
171 1895 357 1976 sedecimo,
378 1889 488 1966 Anno
506 1889 617 1966 1548.
631 1893 780 1966 decessit
795 1917 837 1963 ex
851 1888 919 1962 hac
932 1892 1076 1962 mortali
1128 1913 1208 1959 rum
1225 1885 1359 1972 Deum,
1385 1886 1605 1958 conditorem
1623 1889 1712 1958 coeli
1735 1901 1771 1960 et
1793 1902 1926 1968 terrae,
1950 1901 1984 1974 et
2000 1881 2118 1958 bomi-

78 1999 160 2069 vita
189 1996 324 2090 Caspar
358 1997 590 2088 Crucigerus,
628 1997 686 2066 vir
717 1995 890 2066 excellens
921 1994 1078 2085 ingenio,
1128 2015 1215 2062 num
1234 2003 1268 2060 et
1282 1986 1459 2060 Ecclesiae
1478 2002 1578 2072 tuae,
1604 1991 1838 2084 alloquimur,
1865 2005 1898 2062 ct
1913 1989 2121 2060 ardentibus

79 2099 303 2186 eruditione,
343 2099 524 2190 agnitione
551 2121 635 2168 vera
665 2095 755 2184 Dei,
804 2097 995 2190 sapientia,
1041 2109 1076 2166 et
1129 2093 1222 2162 votis
1257 2105 1403 2184 propter
1434 2091 1549 2162 filium
1575 2088 1771 2164 Dominum
1803 2105 1965 2164 nostrum
2000 2092 2118 2164 lesum

78 2202 447 2293 omnium-virtutum
462 2202 579 2272 laude.
633 2198 710 2290 Qui
731 2224 811 2270 cum
831 2199 971 2270 fruatur
995 2221 1075 2266 coe·
1127 2188 1309 2266 Christum
1333 2197 1496 2280 oramus,
1531 2207 1572 2274 ut
1596 2209 1631 2264 et
1652 2193 1817 2287 deinceps
1839 2218 1976 2287 semper
2000 2195 2038 2264 in
2063 2193 2121 2263 his

76 2303 182 2374 lestis
195 2300 374 2375 Ecclesiae
391 2302 669 2388 consuetudine,
695 2301 764 2393 ipsi
788 2301 931 2396 quidem
955 2312 1077 2390 gratu·
1128 2295 1333 2386 regionibus
1348 2309 1528 2366 aeternam
1544 2296 1611 2368 tibi
1620 2293 1835 2379 Ecclesiam,
1860 2309 2007 2390 propter
2021 2311 2119 2368 tuam

77 2405 202 2476 lemur
237 2418 310 2476 tam
347 2405 537 2498 placidam·
560 2404 827 2494 migrationem,
867 2404 930 2473 sed
958 2414 1078 2472 nostra
1128 2398 1296 2490 gloriam,
1321 2399 1467 2488 colligas
1480 2412 1514 2470 et
1529 2407 1656 2472 serves.¹
1701 2406 1705 2414 '

78 2531 188 2580 cansa
220 2507 414 2580 doleamus.
480 2506 555 2578 Nos
582 2507 678 2578 enim
706 2529 836 2596 magno
868 2516 1077 2576 ornamento
1230 2497 1321 2570 Cum
1334 2513 1452 2574 autem
1469 2500 1507 2570 in
1523 2497 1580 2571 his
1597 2501 1832 2572 conventibus
1848 2515 1927 2593 post
1943 2501 2121 2594 precatio-

80 2609 199 2682 orbati
226 2630 360 2680 sumus.
413 2605 549 2681 Vemm
565 2609 769 2680 testimonia
784 2631 867 2678 suae
885 2606 1077 2678 sententiae
1128 2623 1211 2670 nem
1234 2601 1371 2696 aliquid
1394 2605 1438 2672 de
1461 2616 1640 2695 pastorum
1664 2603 1781 2674 officio
1804 2605 1921 2674 dicere
1949 2603 2121 2675 usitatum

79 2729 117 2786 et
133 2711 353 2798 studiorum,
379 2711 544 2804 vitaeque
567 2711 769 2802 exemplum
792 2711 898 2781 nobis
921 2707 1078 2802 reliquit.
1129 2705 1192 2789 sit,
1218 2716 1259 2775 ut
1275 2718 1309 2776 et
1325 2704 1510 2795 diligentia
1525 2705 1565 2774 in
1580 2706 1740 2776 docendo
1767 2719 1801 2776 et
1824 2706 1987 2795 regendis
2008 2707 2122 2776 mori·
2158 2735 2161 2742 ¹

77 2813 181 2886 Haec
202 2814 249 2884 ad
272 2835 376 2884 usum
399 2826 561 2884 nuurum
586 2812 856 2898 transieramus,
891 2811 1077 2883 confirme-
1129 2808 1216 2892 bus,
1243 2819 1277 2876 et
1300 2807 1457 2878 studium
1481 2809 1633 2878 tuendae
1653 2808 1862 2878 concordiae
1884 2809 1922 2878 in
1940 2808 2121 2902 aliquibus

80 2940 163 2988 mus
178 2937 246 2986 noa
259 2915 336 2998 eius
350 2915 510 3007 scriptis,
536 2929 572 2987 et
586 2913 770 2986 imitemur
790 2915 926 3002 studia,
951 2937 1078 2996 mores,
1129 2907 1337 2978 excitentur:
1365 2904 1442 2998 Ego
1458 2933 1600 3003 quoque
1616 2933 1713 2980 nunc
1732 2910 2014 2982 admonitionem
2039 2933 2122 3000 gra-

78 3020 261 3111 pietatem.
320 3019 407 3089 Ideo
430 3015 528 3090 Deus
551 3017 724 3087 immensa
747 3015 989 3087 misericordia
1007 3011 1078 3084 Ec·
1128 3011 1309 3081 vissimam
1330 3009 1436 3080 Pauli
1455 3011 1558 3081 vobis
1587 3034 1805 3104 proponam,
1844 3037 1951 3106 quam
1981 3012 2122 3105 scripsit

79 3121 208 3192 clesiae
222 3122 284 3192 dat
296 3120 434 3214 aliquos
450 3121 659 3191 excellentes
672 3116 864 3204 Doctores,
888 3131 930 3190 ut
951 3141 1075 3188 eorum
1128 3108 1185 3184 bis
1197 3113 1315 3183 verbis
1329 3113 1374 3182 ad
1392 3107 1635 3188 Timotheum.
1789 3179 1793 3184 .

80 3247 168 3294 voce
184 3237 219 3294 et
236 3221 351 3292 literis
363 3222 427 3292 alii
447 3222 657 3292 erudiantur
679 3233 714 3292 et
734 3221 1010 3310 confirmentur,
1044 3232 1079 3289 et
1229 3212 1355 3309 Typus
1371 3227 1445 3284 estu
1461 3215 1619 3286 fidelium
1642 3216 1682 3284 in
1701 3237 1884 3302 sermone,
1914 3215 1954 3285 in
1971 3239 2121 3288 conver·
2205 3241 2207 3244 ·

81 3324 259 3418 exemptis,
268 3325 314 3394 ad
340 3324 508 3416 pietatem
528 3324 778 3396 accendantur.
828 3321 946 3394 Simul
969 3322 1078 3412 igitur
1129 3315 1286 3403 satione,
1311 3315 1351 3384 in
1366 3314 1575 3407 dilectione,
1602 3318 1641 3388 in
1660 3316 1809 3410 spiritu,
1834 3318 1874 3388 in
1887 3319 1978 3405 lide,
1994 3319 2040 3388 in
2063 3342 2122 3392 ca-

78 3442 116 3500 et
135 3427 213 3500 Deo
244 3425 374 3516 gratias
401 3447 563 3516 agamus,
601 3426 699 3519 quod
723 3425 830 3496 talem
852 3425 958 3496 nobis
979 3423 1079 3494 dedit
1128 3417 1256 3491 stitate.
1869 3423 1874 3434 '

77 3530 254 3620 collegam
271 3541 315 3599 ,et
336 3524 544 3598 Ductorem:
578 3540 613 3598 et
638 3527 749 3618 ipsius
770 3523 955 3618 Crucigeri
975 3527 1077 3598 labo-
1230 3518 1314 3592 Non
1354 3521 1449 3592 enirn
1481 3521 1548 3592 nni
1579 3516 1774 3593 Timotheo
1807 3519 1894 3595 haec
1924 3521 2123 3600 admonitio

77 3632 183 3704 ribus
198 3632 378 3716 fruamur,
402 3643 438 3701 et
449 3629 542 3702 vitae
558 3628 830 3724 studiorumque
847 3629 1007 3722 exempla
1022 3652 1073 3699 se·
1129 3623 1340 3716 scriptnest:
1366 3624 1428 3695 sed
1441 3617 1529 3695 haec
1543 3648 1613 3694 vox
1621 3621 1776 3718 Spiritus
1790 3624 1902 3696 sancti
1917 3646 2041 3694 omnes
2055 3645 2122 3714 gu·

77 3757 244 3830 quamur.
295 3729 390 3806 Dixi.
1128 3727 1334 3798 bernatores
1362 3739 1397 3796 et
1418 3728 1581 3800 doctores
1609 3726 1648 3796 in
1671 3739 1744 3800 tota
1768 3722 1926 3800 Ecclesia
1952 3725 2122 3798 omnibus

1128 3827 1349 3921 temporibus
1370 3829 1575 3922 alloquitur.
1708 3855 1713 3866 ’
1804 3833 1808 3844 “

1033 3985 1076 3998 ..
1231 3924 1287 4002 Ae
1310 3953 1449 4024 semper
1476 3925 1641 4002 homiues
1668 3930 1845 4023 sapientes
1872 3922 1941 4000 boc
1968 3926 2123 4000 docendi

1129 4055 1242 4125 genus
1269 4033 1567 4125 magnilecerunt,
1600 4035 1745 4122 tradere
1770 4035 1895 4103 breves
1923 4028 2142 4115 sententias,

76 4163 156 4239 No:
174 4163 261 4238 100,
883 4190 934 4237 m·
955 4167 1050 4236 1549·
1127 4136 1167 4205 in
1184 4135 1315 4230 quibus
1332 4135 1540 4228 praecipuae
1553 4135 1701 4207 virtutes
1716 4128 2004 4227 comprehensae,
2029 4155 2123 4203 sem-

85 4259 261 4292 0‘*
856 4259 1069 4332 *ἢν
1127 4260 1193 4331 per
1214 4237 1255 4308 in
1280 4251 1473 4330 conspectu
1494 4251 1626 4320 essent,
1652 4251 1694 4308 ut
1715 4237 1761 4306 ad
1784 4236 1868 4307 talia
1893 4235 2007 4320 dicta,
2041 4247 2122 4306 tan-

1128 4363 1235 4434 quam
1253 4341 1298 4410 ad
1314 4363 1477 4412 normam
1495 4341 1567 4411 vita
1586 4353 1620 4411 et
1638 4338 1755 4411 studia
1773 4338 2022 4427 dirigerentur.
2073 4331 2123 4408 Et

1062 4519 1067 4530 g
1127 4436 1197 4512 hoc
1219 4441 1298 4533 ipso
1321 4442 1443 4533 generi
1466 4442 1620 4512 docendi
1643 4435 1862 4532 Prophetae,
1896 4434 2060 4510 Christus
2086 4451 2122 4510 et

231 4381 310 4468 Dc
342 4379 489 4470 dioto:
528 4355 688 4496 typos
711 4391 807 4466 esto
838 4389 938 4466 eto,

146 4565 181 4620 te
199 4559 249 4616 ιιι.
272 4557 353 4618 nael.
371 4563 408 4618 'tt
420 4557 471 4616 111.
486 4575 515 4630 p.
527 4558 680 4684 ffl'fl‘l‘s’,
697 4558 819 4617 uictred
839 4563 874 4618 r.
890 4559 938 4619 tu.
961 4579 987 4634 p.
1004 4560 1077 4631 tta,
1128 4539 1295 4636 Apostoli
1308 4545 1461 4616 multum
1477 4558 1511 4615 et
1525 4552 1626 4636 saep‘e
1647 4545 1701 4615 usi
1719 4556 1820 4615 sunt:
1855 4543 1953 4634 quod
1976 4541 2121 4635 quidem

176 4628 1075 4774 1⁵22?ss[3¹20ssssffigffssngffiefflggfgffl·e{¹{2r¹}gff;
1129 4645 1369 4717 consideranti
1394 4647 1689 4718 iucundissimum
1716 4657 1779 4720 est.
1837 4639 1998 4714 Delectat
2024 4643 2119 4728 enim

176 4766 279 4840 psas.
320 4767 460 4854 manenter
480 4766 843 4852 cananaeumgum
863 4769 1026 4825 Metaurum
1047 4772 1075 4826 a.
1106 4747 1249 4824 ¹videre
1265 4761 1433 4843 tanquam
1449 4749 1488 4818 in
1503 4749 1632 4820 tabella
1648 4748 1757 4840 pictas
1769 4745 1942 4836 imagines
1954 4739 2122 4837 pulcher-

85 4887 89 4894 ·
181 4837 1075 4977 Ἓᾞξῆοἷξί·ξῗὲοξξζΡζξὲἱὴῗζΐκῖᾖυῙὲιῶ(Μ
1127 4851 1298 4922 rimarum
1315 4850 1490 4922 virtutum
1507 4851 1735 4922 ethonorum
1752 4849 2044 4940 gubernatorum.
2158 4921 2161 4924 ,

177 4926 193 4963 ⁸
286 4928 300 4963 ³
507 4925 524 4977 Β
844 4947 852 4968 ’
936 4947 946 4968 ’
1227 4948 1276 5024 Et
1291 4965 1435 5045 propter
1449 4953 1657 5024 brevitatem
1673 4951 1813 5022 facilius
1827 4950 2026 5042 inligentur
2042 4947 2121 5018 ani-

76 5089 209 5164 matio
226 5081 275 5156 de
291 5039 434 5157 paple·
457 5080 558 5155 dicto
573 5081 624 5155 aa
645 5079 806 5156 mmm,
825 5083 971 5179 gagg,
1002 5089 1075 5182 gg,
1126 5053 1212 5141 mis,
1237 5068 1280 5126 ut
1293 5078 1330 5124 se
1344 5055 1484 5148 saepius
1497 5055 1649 5130 offerant
1666 5055 1703 5124 in
1718 5052 2054 5136 deliberationibus,
2086 5063 2122 5121 et
2250 5117 2253 5126 ,

210 5209 285 5282 μω
307 5195 386 5260 0310
406 5181 580 5285 fidam,
597 5189 639 5258 g„
657 5208 829 5260 gemm
852 5197 924 5262 πο.
1127 5179 1247 5226 earum
1281 5157 1481 5229 recordatio
1514 5158 1609 5230 vitae
1641 5171 1675 5228 et
1707 5157 1888 5227 actionum
1915 5155 2036 5244 regula
2063 5152 2120 5222 sit.

1126 5255 1248 5346 Quare
1273 5273 1307 5330 ct
1334 5259 1464 5330 summi
1484 5257 1598 5350 Reges
1620 5285 1661 5330 ae
1683 5257 1868 5348 Principes
1889 5257 1957 5327 sibi
1979 5269 2013 5326 et
2037 5255 2120 5325 aliis

75 5341 178 5432 Cum
209 5355 270 5448 piu
291 5353 411 5428 studio
435 5365 580 5445 propter
609 5353 905 5426 consuetudinem
932 5353 1074 5448 aliquot
1126 5360 1210 5431 talia
1228 5360 1349 5431 brevia
1373 5376 1558 5453 praerepta
1583 5386 1626 5432 cx
1648 5359 1847 5451 sapientum
1872 5357 1976 5428 libris
1997 5357 2120 5442 electa,

75 5482 274 5546 annorum,
309 5481 400 5552 quac
414 5456 459 5528 ad
474 5477 682 5526 consensum
699 5457 747 5528 de
763 5455 927 5530 doctrina
944 5455 984 5526 in
1002 5452 1075 5530 Ec·
1126 5483 1228 5556 saepe
1243 5463 1556 5558 praescripserunt.
1609 5461 1710 5536 Sicut
1721 5457 1903 5554 Augustus
1919 5483 2020 5551 saepe
2034 5457 2117 5546 Ma-¹

1297 5675 1324 5718 .,
