4614 5820
192 239 267 318 oet

778 231 939 314 onon.
968 228 1043 310 nn
1076 227 1275 309 ranno
1310 187 1646 320 xrosroxo

2154 239 2226 316 ott

195 439 289 500 cem,
315 435 404 507 quos
420 407 553 480 hostes:
580 410 677 480 unde
701 407 746 479 sit
769 401 856 478 haec
877 407 1064 480 iufirmitas
1081 431 1187 499 gene-
1236 409 1337 496 tiam,
1357 433 1447 504 quae
1464 425 1599 484 mentes
1613 413 1662 484 ita
1677 425 1786 504 regat,
1802 437 1849 485 ne
1864 416 1905 486 in
1921 413 2009 486 tales
2024 436 2126 486 casus
2140 413 2228 486 caeci

111 533 122 560 ⁸
197 519 247 590 ris
273 511 442 598 humani,
473 513 570 582 unde
599 507 783 582 horribilis
807 511 968 582 conlusio
991 511 1103 598 vitae,
1135 525 1190 582 tot

199 619 354 711 gentium
369 631 472 708 atque
488 615 680 706 impiorum
702 615 912 699 eversiones,
937 627 971 684 et
985 615 1049 706 qni
1064 627 1189 704 portus

199 721 375 794 Ecclesiae
400 719 444 788 sit
472 718 565 786 inter
588 730 687 788 tanta
713 717 880 808 pericula.
937 713 1099 808 Cumque
1120 711 1187 785 hu·

200 847 304 894 mana
319 821 501 910 diligentia
521 819 655 888 servari
672 816 829 888 Ecclesia
852 843 927 888 non
950 819 1077 910 possit,
1110 842 1190 888 ore-

200 948 279 994 mus
294 921 411 994 Deum
427 923 520 991 veris
542 921 743 992 animorum
768 921 942 1002 motibus,
977 934 1017 990 ut
1038 944 1100 990 sua
1122 921 1191 988 im-

202 1047 322 1098 mensa
339 1024 495 1096 bonitate
512 1036 656 1116 propter
677 1023 790 1092 filium
811 1037 924 1092 servet
941 1019 1119 1094 Ecclesiae
1135 1045 1191 1090 re-

202 1129 349 1222 liquias,
376 1141 411 1196 et
432 1129 493 1196 det
515 1127 564 1196 eis
589 1125 781 1218 tranquilla
805 1121 981 1216 hospicia,
1007 1125 1045 1192 in
1063 1124 1193 1218 aliqui-

201 1235 268 1302 bus
287 1229 455 1322 imperiis‚
481 1229 646 1300 defendat
659 1241 694 1298 et
709 1228 805 1298 iuvet
820 1227 946 1312 studia,
973 1228 1102 1320 quibus
1120 1229 1193 1316 ipse

202 1357 284 1402 vere
303 1332 510 1412 celebratur,
528 1354 593 1398 nec
610 1331 703 1400 sinat
720 1329 877 1420 extingui
895 1330 1060 1400 noticiam
1071 1327 1193 1399 Evan-

203 1435 286 1526 gelii
301 1435 355 1505 sui
372 1434 465 1502 inter
480 1427 653 1518 homines,
680 1456 744 1502 nec
760 1433 853 1502 sinat
870 1447 983 1504 totum
999 1455 1110 1522 genus
1126 1427 1195 1502 hu·

76 1578 79 1586 ,
202 1561 348 1606 manum
364 1559 466 1604 ruere
481 1535 518 1604 in
536 1548 719 1604 aeternum
736 1535 896 1606 exitium·

200 1677 205 1686 ·
307 1637 397 1728 Quis
416 1651 467 1706 est
483 1651 555 1706 tam
571 1638 684 1706 ferreo
711 1649 867 1726 pectore,
891 1649 952 1706 aut
970 1649 1067 1706 tanta
1090 1649 1196 1704 natu-

205 1765 263 1811 rae
294 1739 532 1822 immanitate,
566 1751 605 1806 ut
633 1740 818 1828 cogitans‚·
847 1753 979 1831 quanta
1006 1733 1194 1806 homiuum

205 1843 396 1913 multitudo
422 1841 607 1910 manifesto
628 1841 751 1912 lurore
775 1853 978 1912 contemnat
998 1839 1136 1922 Deum,
1163 1851 1198 1908 et

204 1946 271 2016 sibi
288 1959 471 2016 aeternum
488 1943 633 2012 exitium
650 1958 819 2026 accersat,
846 1967 918 2012 non
940 1941 1102 2034 deploret
1126 1936 1195 2010 hu-

205 2071 344 2116 manain
377 2045 579 2114 miseriam?
629 2042 725 2134 Ergo
756 2069 801 2114 ne
830 2058 904 2116 tota
933 2057 1057 2114 natura
1081 2037 1198 2112 homi-

204 2175 291 2221 num
305 2171 450 2240 prorsus
467 2161 602 2240 peceat,
630 2147 769 2238 excerpi
792 2146 980 2241 reliquias,
1004 2143 1197 2216 asservari

204 2275 356 2324 oremus.

132 2431 137 2440 ,
306 2353 447 2426 Deinde
470 2353 514 2422 de
532 2375 604 2422 sese
622 2351 772 2446 quisque
790 2350 940 2443 cogitet,
966 2349 1122 2442 exempla
1145 2348 1199 2416 vi-

207 2461 286 2530 deat
305 2455 468 2526 omnium
484 2469 639 2526 aetatum
655 2467 691 2524 et
704 2455 922 2537 consideret,
950 2475 1101 2545 quorum
1118 2475 1199 2520 cur-

207 2586 265 2632 sus
282 2557 445 2629 salutaris
467 2559 587 2646 generi
608 2553 764 2626 humano
787 2555 911 2640 suerit,
938 2569 971 2624 et
993 2549 1121 2622 horum
1144 2577 1200 2622 se-

208 2676 337 2757 quatur
356 2659 511 2748 vestigia.
550 2655 706 2728 Econtra
722 2681 806 2726 vero
824 2669 962 2742 caveat,
992 2679 1037 2724 ne
1054 2655 1200 2724 abiicia»

207 2781 267 2836 tur
283 2765 376 2834 inter
392 2775 504 2854 pestes
519 2751 656 2852 generis
670 2754 839 2842 humani,
866 2759 985 2850 quales
1002 2756 1106 2826 multi
1122 2757 1200 2824 sue-

208 2879 312 2951 runt,
336 2882 377 2935 ut
396 2862 506 2948 Cain,
532 2859 692 2948 Pharao,
719 2859 842 2946 ludas,
868 2857 1052 2943 Marcion,
1078 2856 1201 2928 Mani-

209 2965 338 3040 chacus
352 2985 386 3038 ct
399 2965 473 3038 alii.

312 3069 419 3158 Quod
437 3070 475 3136 in
491 3091 593 3136 scena
608 3066 742 3136 dictum
758 3077 825 3134 est:
851 3063 967 3132 Vitam
983 3063 1072 3150 regit
1086 3062 1201 3132 sortu-

1238 513 1521 606 praecipitemur,

1338 613 1492 684 Econtra
1517 617 1674 688 conferte
1689 615 1858 688 leremiae
1881 619 2061 709 politiam,
2088 621 2229 713 quaein

1239 719 1389 808 speciem
1411 719 1539 788 misera
1562 733 1632 805 est,
1663 743 1743 791 cum
1765 721 1812 790 sit
1833 721 1998 792 salutaris
2021 724 2173 815 populo,
2200 735 2232 792 et

1241 845 1322 890 vere
1347 821 1517 910 gloriosa,
1549 845 1663 892 annos
1687 823 1841 915 amplius
1863 825 2117 916 quadraginta,
2150 848 2232 894 con-

1241 924 1404 992 cionatur
1419 925 1462 992 de
1475 922 1611 993 excidio
1628 924 1792 1005 civitatis,
1819 928 1864 995 de
1877 927 2110 1018 dissipatione
2123 926 2233 1017 gentis

1242 1041 1275 1097 et
1291 1025 1408 1094 reditu
1422 1025 1674 1117 reliquiarum,
1699 1030 1804 1098 toties
1817 1028 1984 1099 abiicitur
1998 1030 2037 1098 in
2051 1051 2236 1112 carcerem,

1242 1151 1344 1220 saepe
1378 1128 1516 1218 rapitur
1546 1130 1590 1198 ad
1621 1129 1815 1220 supplicia,
1847 1134 1991 1202 tandem
2017 1131 2236 1212 interficitur,

1244 1231 1299 1299 vel
1317 1229 1440 1314 asnis,
1467 1229 1523 1297 vel
1545 1255 1563 1299 a
1581 1232 1832 1322 superbissimo
1858 1255 1939 1322 rege
1958 1229 2157 1324 Aphricae,
2182 1233 2236 1302 cui

1243 1333 1349 1403 etiam
1366 1333 1574 1402 vaticinatus
1597 1347 1671 1402 erat
1686 1333 1845 1432 exitium.
1898 1332 1947 1406 At
1964 1331 2021 1405 hic
2032 1357 2236 1429 quanquam

1244 1447 1423 1504 exercetur
1453 1435 1590 1524 magnis
1623 1436 1900 1522 calamitatibus,
1934 1451 2053 1506 tamen
2080 1451 2237 1508 servator

1245 1549 1296 1606 est
1312 1558 1395 1604 suae
1410 1531 1516 1625 Reip.
1568 1535 1659 1605 Nam
1678 1533 1787 1610 huius
1804 1539 1954 1608 consilio
1977 1539 2044 1608 flos
2059 1537 2237 1610 Ecclesiae

1250 1637 1406 1708 lecouias
1425 1651 1459 1706 et
1481 1639 1618 1730 aliquot
1634 1639 1746 1708 millia
1762 1641 1893 1709 civium
1914 1641 2136 1710 deditionem
2151 1643 2239 1711 fece·

1246 1753 1342 1812 runt.
1410 1737 1487 1808 Hac
1519 1741 1690 1833 reliquiae
1723 1743 1868 1812 fuerunt
1902 1742 2115 1830 seminaria,
2155 1765 2240 1835 quae

1248 1844 1490 1912 instaurarunt
1515 1857 1632 1934 postea
1652 1841 1780 1934 Remp.
1831 1843 1937 1914 Nune
1959 1846 2090 1934 cogites
2123 1845 2239 1914 animo
2301 1907 2302 1914 ,

1247 1967 1398 2036 qnorum
1422 1943 1619 2013 similitudo
1644 1947 1754 2034 magis
1772 1948 1928 2036 optanda
1949 1947 2015 2031 sit,
2046 1947 2239 2018 Samuelis-

1248 2071 1312 2129 ne‚
1336 2043 1481 2128 Esaiae,
1507 2045 1695 2130 lerenriae,
1720 2046 1845 2131 Pauli,
1869 2071 1914 2116 an
1931 2073 2015 2118 vero
2032 2045 2240 2129 Alcibiadis,
2301 2039 2302 2050 ’

1248 2143 1414 2240 Caiphae,
1432 2145 1552 2231 ludae,
1570 2147 1776 2234 Marcionis,
1802 2147 1919 2220 Rullii
1936 2149 2239 2222 Monasteriensis.

1350 2248 1447 2318 Haec
1461 2250 1491 2318 si
1504 2273 1606 2340 saepe
1621 2252 1886 2320 considerarent
1900 2254 2057 2331 iuvenes,
2083 2253 2240 2342 prolecto

1249 2365 1363 2422 essent
1392 2352 1639 2436 modestiores,
1669 2365 1805 2422 etcum
1833 2354 2030 2424 doctrinam
2051 2355 2239 2424 salutarem

1248 2455 1388 2523 avidius
1409 2467 1629 2544 expeterent,
1650 2467 1725 2524 turn
1743 2479 1827 2523 vero
1852 2456 1957 2524 etiarn
1980 2457 2092 2526 aDeo
2114 2456 2240 2544 guber-

1249 2557 1431 2626 nationem
1453 2555 1683 2645 postularent.
1738 2555 1786 2626 Ut
1807 2579 1888 2626 oras
1910 2561 2042 2626 servari
2063 2555 2240 2628 Ecclesiae

1249 2658 1437 2751 reliquias,
1470 2657 1519 2727 ita
1546 2659 1671 2748 petito,
1705 2671 1745 2728 ut
1768 2671 1802 2726 te
1826 2659 1957 2748 deligat
1984 2659 2078 2729 inter
2113 2679 2241 2746 organa

1249 2761 1352 2831 utilia
1366 2760 1485 2850 generi
1501 2755 1671 2844 humano,
1686 2783 1752 2828 nec
1766 2772 1800 2828 te
1815 2761 1957 2830 abiiciat
1974 2762 2069 2831 inter
2084 2757 2242 2832 ἀλάστο-

1250 2887 1328 2958 ρας,
1356 2873 1390 2930 et
1405 2875 1443 2932 ut
1459 2859 1591 2930 Paulus
1604 2876 1705 2932 vocat
1722 2863 1817 2931 inter
1830 2885 1911 2930 vasa
1927 2864 2010 2932 irae.
2045 2861 2132 2933 Non
2151 2862 2240 2932 enim

1251 2966 1328 3036 vult
1352 2966 1470 3034 deesse
1486 2959 1664 3034 Ecclesiae
1686 2987 1769 3032 suae
1788 2962 1895 3033 Deus.
1948 2963 2018 3036 Sed
2041 2965 2241 3056 petentibus

1251 3068 1354 3136 toties
1370 3065 1562 3134 clarissime
1584 3065 1746 3136 adfirmat
1765 3089 1801 3134 se
1817 3065 2075 3156 opitulaturum
2092 3089 2186 3150 esse,
2211 3077 2241 3132 et

210 3198 276 3256 na,
303 3196 377 3241 non
392 3170 582 3262 sapientia,
608 3168 816 3258 explodatur
832 3190 872 3234 ex
889 3163 1061 3236 Ecclesia.
1109 3163 1201 3254 Regi
1250 3167 1480 3238 iureiurando
1497 3167 1680 3236 confirmat
1693 3191 1773 3237 suas
1796 3169 2057 3257 promissiones.
2111 3167 2187 3240 Cur
2200 3167 2241 3234 ad

210 3278 319 3347 vitam
343 3273 514 3364 sapientia
531 3295 604 3340 non
620 3265 797 3354 humana,
822 3268 1020 3336 seddivina
1039 3266 1200 3348 sciamus,
1251 3295 1331 3340 enm
1357 3293 1431 3338 non
1449 3270 1684 3350 accurrimus,
1711 3270 1773 3362 qui
1796 3270 1902 3340 etiarn
1924 3271 2160 3341 iureiurando
2181 3289 2240 3336 nos

190 3377 299 3472 'quae
315 3379 404 3448 duas
424 3399 479 3444 res
496 3373 751 3466 complectitur.
805 3368 907 3440 lubet
922 3385 954 3441 te
970 3369 1036 3440 Dei
1052 3372 1201 3437 manda·
1252 3371 1403 3442 invitat?
1454 3371 1510 3441 Sit
1525 3371 1713 3443 mediocris
1728 3371 1912 3460 diligentia
1931 3373 1970 3441 in
1987 3374 2154 3466 regendis
2168 3395 2240 3438 mo·
2289 3449 2293 3462 Ι

211 3483 257 3552 tis
274 3503 413 3573 parcre,
441 3491 474 3548 et
490 3479 535 3546 ab
559 3477 636 3566 ipso
657 3475 949 3564 gubernationem
973 3485 1102 3563 petere.
1154 3469 1202 3542 Ut
1252 3476 1351 3544 ribus
1377 3486 1412 3543 et
1433 3473 1472 3540 in
1498 3473 1644 3558 studiis,
1670 3487 1705 3542 et
1720 3477 1933 3544 accendatur
1954 3475 2095 3544 animus
2119 3477 2164 3544 ad
2188 3474 2240 3540 in·
2300 3525 2301 3556 ,

203 3583 372 3654 Psalmus
393 3580 525 3673 inquit:
557 3577 730 3649 Subditus
751 3588 824 3646 esto
848 3573 942 3660 Deo,
976 3589 1010 3644 et
1031 3597 1128 3664 spera
1156 3574 1202 3642 ab
1252 3577 1483 3646 vocationem.
1521 3572 1618 3643 Haec
1633 3575 1788 3666 profecto
1807 3601 1882 3645 non
1895 3592 2002 3647 eruut
2015 3577 2150 3650 inania.
2187 3574 2241 3645 Sic
2300 3585 2301 3676 J

211 3683 486 3776 ipsoauxilium.
527 3677 630 3750 Hanc
648 3679 867 3770 sapientiam,
892 3679 922 3746 si
938 3679 1061 3747 dncem
1079 3699 1203 3768 seque·
1252 3679 1348 3748 enirn
1364 3677 1496 3746 Paulus
1516 3677 1697 3762 adfirmat,
1722 3676 1819 3747 Deus
1835 3690 1904 3758 est,
1932 3679 1993 3772 qui
2016 3692 2050 3750 et
2071 3693 2111 3750 ut
2130 3675 2239 3746 velitis
2300 3687 2301 3738 t

212 3811 311 3870 mur,
336 3799 441 3855 erunt
457 3781 595 3853 foelicia
610 3777 870 3871 πολιτεύματα.
1253 3781 1375 3860 elficit,
1399 3793 1433 3849 et
1449 3781 1509 3847 dat
1525 3801 1715 3848 successus.
2300 3839 2301 3854 ,

314 3885 431 3976 Quam
456 3887 583 3974 longus
601 3897 652 3954 est
668 3883 845 3970 catalogus
867 3903 1010 3961 eorum,
1036 3880 1098 3971 qui
1121 3879 1202 3949 freti
1353 3880 1475 3952 Sciant
1491 3881 1540 3971 pii
1556 3904 1591 3948 se
1607 3879 1715 3950 aDeo
1730 3881 1898 3952 excitatos
1913 3905 1998 3967 esse,
2023 3897 2063 3953 ut
2077 3881 2239 3952 salutaria

214 4013 275 4060 sua
290 3988 479 4080 sapientia,
501 3987 660 4076 neglecto
677 3981 771 4066 Deo,
799 3997 831 4054 et
854 4005 890 4052 se
912 3995 946 4052 et
969 3979 1203 4068 Respublicas
1254 3984 1409 4062 discant,
1442 3995 1482 4053 ut
1503 3983 1547 4050 ad
1573 3978 1749 4052 Ecclesiae
1777 3985 2070 4073 gubernationem
2096 4006 2238 4076 praepa·
2300 3989 2301 4068 ξ

216 4103 428 4162 everterunt.
479 4087 559 4159 Non
578 4089 692 4156 dicam
713 4087 755 4154 de
773 4085 960 4164 veteribus,
986 4085 1030 4151 de
1044 4076 1203 4151 Pharao·
1254 4098 1388 4177 rentur.
1440 4081 1490 4152 Hi
1517 4096 1663 4152 conatus
1689 4107 1764 4154 non
1791 4101 1896 4156 erunt
1923 4087 2034 4168 irriti,
2071 4089 2179 4157 modo
2204 4095 2239 4154 ut

214 4217 280 4276 ne,
307 4193 351 4261 de
368 4187 513 4272 Achab,
540 4193 583 4260 de
606 4183 794 4271 sedechia,
821 4189 864 4255 de
880 4181 1083 4268 Alcibiade,
1105 4198 1138 4253 et
1155 4184 1203 4252 si·
1255 4209 1396 4256 cursum
1412 4199 1513 4256 tuum
1532 4207 1669 4274 urgeas,
1695 4209 1759 4256 nec
1773 4189 1919 4258 abiicias
1936 4184 2101 4260 inchoata
2118 4189 2237 4260 studia.
2300 4217 2301 4252 t

95 4359 98 4366 .
155 4315 162 4332 ·
215 4295 372 4364 milibus.
406 4291 535 4362 Nostra
549 4307 708 4382 tempora
722 4291 854 4374 videte,
876 4287 1087 4357 meministis
1102 4309 1204 4355 exor-
1255 4285 1331 4360 Alii
1352 4288 1595 4378 voluptatibus
1617 4287 1854 4378 languebunt,
1880 4291 1943 4360 alii
1965 4293 2237 4382 desperationem
2300 4289 2301 4319 ¹

217 4397 275 4466 dia
297 4397 471 4466 turnultus
488 4392 797 4476 Monasteriensis,
822 4415 901 4460 cum
925 4383 1088 4459 homines
1104 4391 1204 4457 sana·
1257 4389 1506 4483 praemiorum,
1532 4389 1594 4458 alii
1610 4390 1689 4458 aliis
1704 4391 1871 4482 periculis
1887 4397 2122 4480 deterrentur,
2141 4406 2180 4466 ut
2195 4403 2238 4459 cst

208 4475 280 4570 'tici
296 4499 461 4568 audacter
473 4496 577 4565 falsas
592 4495 779 4586 opiniones
795 4505 961 4574 sererent,
986 4507 1019 4561 et
1033 4490 1203 4579 paulatim
1255 4515 1381 4582 magna
1406 4487 1581 4562 humanae
1604 4505 1750 4562 naturae
1776 4495 1981 4576 infirmitas,
2015 4520 2060 4565 ne
2084 4493 2236 4566 doctrina

216 4601 317 4672 furor
331 4611 516 4683 cresceret,
539 4612 578 4668 ut
593 4597 744 4666 amentia
763 4606 1002 4685 contemptum
1019 4591 1090 4662 Dei
1105 4593 1205 4686 sequi
1255 4619 1292 4665 εε
1313 4595 1509 4673 instruant,
1542 4617 1611 4686 qua
1632 4617 1723 4686 opus
1750 4607 1802 4665 est
1823 4593 1977 4687 Reipub.
2000 4622 2090 4667 neve
2113 4609 2236 4690 partem

218 4703 324 4788 solet,
348 4702 461 4770 exitus
481 4724 586 4793 quam
601 4698 725 4788 tragici
742 4711 775 4766 et
791 4691 962 4766 horrendi
975 4693 1144 4763 fuerunt?
1256 4695 1391 4788 publici
1404 4695 1536 4764 laboris
1553 4709 1722 4786 expetant.
1772 4696 1910 4768 Multos
1926 4698 2032 4768 etiam
2047 4713 2234 4788 temporum

319 4803 391 4873 Nec
411 4816 550 4873 tanturn
574 4797 642 4870 hoc
663 4800 921 4892 deplorandum
945 4809 1014 4878 est,
1040 4797 1134 4888 quod
1152 4809 1216 4867 tot·
1256 4797 1418 4868 miseriae
1434 4797 1503 4866 iam
1519 4799 1696 4886 frangunt,
1721 4823 1802 4869 cum
1818 4798 1970 4870 Turcica
1985 4815 2097 4872 castra
2111 4796 2235 4870 suntin

219 4903 381 4976 homines
404 4903 524 4972 miseri
540 4904 595 4972 vel
617 4904 727 4986 farne,
751 4901 807 4970 vel
823 4899 935 4978 ferro,
964 4898 1018 4968 vel
1036 4898 1116 4968 aliis
1133 4899 1204 4966 cla·
1256 4911 1455 4990 conspectu.
1518 4897 1609 4988 Quis
1637 4900 1723 4980 erit,
1755 4901 1943 4994 inquiunt,
1976 4903 2158 4972 literarum
2183 4911 2235 4968 aut

218 5009 324 5079 dibus
354 5005 545 5098 perierunt.
602 5003 673 5074 Sed
703 5003 816 5073 multo
839 5001 974 5071 tristius
1002 5014 1071 5085 est,
1108 5001 1204 5092 quod
1257 5001 1439 5071 doctrinae
1459 5025 1562 5084 usrrs,
1588 5000 1617 5068 si
1640 5000 1726 5071 haec
1749 5002 1870 5072 omnia
1885 5005 2119 5074 vastabuntur
2137 4999 2235 5074 armis

216 5107 313 5183 Deus
334 5109 545 5179 contumelia
568 5106 723 5176 adfectus
740 5117 810 5188 est,
840 5105 936 5196 quod
960 5103 1089 5173 multos
1105 5125 1206 5170 error
1256 5101 1442 5172 Turcicis?
1475 5097 1694 5173 Cohorresco
1710 5105 1878 5184 audiens,
1904 5119 1966 5176 aut
1981 5107 2136 5198 cogitans
2159 5099 2235 5174 haec

218 5214 257 5282 in
274 5227 456 5283 aeternum
472 5209 616 5280 exitium
634 5205 893 5300 praecipitavit,
919 5205 1015 5298 quod
1041 5204 1205 5273 diabolus
1255 5199 1448 5301 δύσφημα.
1500 5203 1571 5276 Sed
1603 5205 1729 5294 optimi
1756 5207 2010 5294 adolescentes,
2044 5207 2234 5298 ingentibus

219 5309 439 5406 triumphurn
454 5314 540 5403 egit,
567 5326 618 5384 tot
635 5311 807 5380 miserisa
826 5307 901 5378 Deo
916 5305 1058 5376 avulsis.
1109 5303 1206 5374 Haec
1256 5308 1384 5376 animis
1407 5327 1661 5396 repugnemus,
1692 5333 1773 5378 cum
1797 5310 1942 5379 caeteris
1970 5310 2232 5385 difficultatibus,

219 5418 413 5494 spectacula
429 5417 631 5488 intueamur
644 5413 782 5500 animis,
792 5423 830 5482 ut
847 5429 1057 5504 quaeramus
1066 5407 1206 5498 sapien·
1256 5423 1332 5479 tum
1348 5409 1453 5478 etiam
1469 5403 1524 5477 his
1542 5409 1748 5484 terroribus.
1797 5405 1852 5480 Eo
1868 5413 1981 5502 magis
1996 5414 2155 5486 colantur
2169 5425 2233 5502 stu·

2100 5671 2168 5742 i

2135 5747 2139 5758 ι
