4688 5826
88 251 148 330 ssa
524 245 689 326 nuce
721 245 1038 349 aursana.
1070 245 1677 380 ruaarrunrcrcure
1906 195 1909 202 ¹
2017 269 2096 347 seo
2166 236 2168 244 ‘

86 423 330 500 morinenses.
387 423 485 498 llaec
499 435 666 520 porcean
682 449 749 518 pro
767 425 862 498 veris
876 425 1052 498 affirmare
1102 417 1160 494 bis
1174 423 1313 496 artibus
1336 424 1507 517 opinione
1524 425 1755 508 difficultatis.
1806 431 1878 508 Sed
1894 441 1992 534 quod
2008 445 2094 515 arri.

84 525 206 600 homine
221 527 408 620 indignum
423 544 491 616 est,
515 531 649 600 nedum
669 523 902 624 Philosopho.
942 527 1050 600 Nulla
1101 529 1223 598 netad
1247 527 1349 600 initia
1369 522 1640 616 Aritbmetiecs,
1666 557 1757 628 quse
1778 536 1817 608 in
1840 533 1972 612 scholis
1994 545 2091 618 tradi

84 645 140 702 nn
161 630 304 702 barbara
327 655 415 722 gens
431 633 519 717 snit,
544 655 636 726 miae
656 655 732 702 non
745 631 909 720 sentiret,
933 631 1051 704 stellas
1100 631 1234 710 solent,
1262 643 1296 702 et
1318 655 1409 726 qnae
1434 633 1477 702 ad
1499 633 1748 726 quotidianum
1773 663 1877 712 usum
1898 645 2091 718 conlcrnn,

84 757 140 804 csse
155 745 242 804 certa
258 746 292 804 et
305 733 484 806 durabilia
503 735 575 806 Dei
592 757 720 826 opera,
744 747 779 805 et
792 736 898 808 certis
912 734 1050 826 legibus
1100 746 1176 818 tur,
1202 728 1428 804 vehementer
1442 749 1579 819 errant,
1605 735 1635 806 si
1653 731 1738 811 hacc
1753 757 1880 833 putant
1894 749 2088 822 admodum

82 835 167 916 lerri,
204 859 351 928 magnae
380 837 531 910 alicuius
566 836 730 908 utilitatis
760 861 876 908 causa.
927 835 1048 928 Quare
1100 835 1257 906 difficilia
1282 859 1365 908 esse.
1417 831 1488 907 Ars
1513 838 1629 909 oritur
1652 863 1693 911 ex
1716 858 1843 918 natura
1865 847 1940 940 ipsa
1958 853 2089 924 urentis

82 938 271 1008 contumelia
289 941 522 1011 cstadeersus
538 937 673 1025 Deum,
699 939 832 1030 lingere
851 935 942 1010 hanc
957 963 1046 1012 con·
1099 932 1293 1024 humanae,
1326 953 1360 1010 et
1384 933 1491 1010 habet
1514 941 1723 1014 certissimas
1752 947 2086 1042 demonstrationes.

81 1041 395 1130 testamentorum,
430 1041 551 1116 Solem
576 1065 743 1134 vaporem
767 1065 840 1112 esse
873 1065 956 1112 casu
989 1043 1047 1112 in·
1099 1037 1220 1130 Quare
1240 1041 1343 1112 initia
1365 1063 1429 1110 nec
1451 1042 1618 1130 obscura,
1643 1069 1709 1116 nec
1731 1047 1888 1122 difficilia
1914 1075 2085 1148 essepos-

82 1143 295 1229 flammatum,
323 1158 357 1216 et
376 1169 457 1216 casn
474 1144 580 1227 ferri,
594 1164 647 1218 ·nt
664 1145 851 1216 Lucretius
866 1145 932 1216 ait:
1097 1156 1197 1228 surrt,
1223 1143 1295 1213 imo
1316 1142 1435 1235 priora
1461 1159 1641 1238 praecepta
1666 1150 1755 1219 adeo
1778 1155 1962 1248 perspicua
1988 1173 2085 1244 sunt,

1097 1257 1136 1315 ut
1161 1245 1260 1336 pueri
1286 1246 1392 1318 etiam
1418 1270 1457 1316 ea
1477 1246 1612 1338 possint
1638 1253 1797 1345 assequi,
1823 1257 1906 1350 quia
1928 1271 2002 1331 tota
2027 1285 2084 1332 res

1095 1371 1114 1416 a
1131 1363 1257 1418 natura
1272 1348 1398 1422 oritur.
1449 1345 1589 1419 Deinde
1602 1353 1909 1446 multiplicationis
1932 1375 1966 1432 et
1988 1363 2084 1434 diei·

1095 1449 1207 1520 sionis
1223 1463 1407 1543 praccepta
1422 1451 1604 1544 aliquanto
1624 1453 1705 1544 plus
1725 1459 1915 1552 requirunt
1929 1463 2084 1556 diligen·

79 1549 146 1620 Plus
168 1554 278 1626 valeat
302 1555 398 1646 apud
425 1577 491 1622 nos
514 1554 685 1625 autoritas
710 1577 791 1624 cum
819 1553 1042 1624 doctissimo·
1096 1552 1183 1637 tiae,
1209 1555 1268 1622 sed
1295 1567 1415 1624 tamen
1441 1577 1565 1623 causae
1592 1555 1663 1626 cito
1685 1561 1834 1654 perspici
1858 1579 2006 1656 possunt
2035 1569 2082 1640 ab

78 1649 357 1742 rumhnminum,
384 1656 447 1750 qui
471 1651 557 1726 haec
578 1657 809 1728 deliramenta
828 1655 1043 1746 gravissimis
1093 1655 1246 1726 attentis.
1305 1651 1604 1727 Exercitationem
1631 1671 1665 1728 ct
1695 1684 1797 1731 nsum
1821 1667 1971 1760 requirit
1995 1663 2081 1741 haec

78 1759 267 1846 argumentis
289 1759 537 1845 confutarunt,
570 1772 646 1829 turn
675 1783 759 1828 vero
790 1759 896 1830 etiarn
918 1759 1039 1827 divina
1093 1781 1168 1842 ars,
1193 1771 1232 1828 ut
1248 1756 1339 1826 aliae
1355 1781 1488 1832 omnes.
1524 1754 1591 1830 Est
1607 1759 1702 1830 enim
1722 1764 2080 1865 verissimum‚quod

77 1861 193 1930 oracula
216 1861 255 1932 in
277 1861 385 1932 sacris
400 1861 534 1953 literis,
561 1885 580 1932 s
605 1861 737 1956 quibus
760 1861 947 1934 dissentire
969 1859 1038 1930 im·
1092 1859 1141 1929 ait
1164 1857 1407 1950 Anaxagoras,
1449 1885 1594 1930 mauram
1616 1886 1688 1932 esse
1710 1889 1850 1938 causam
1876 1872 2081 1964 sapientiae,

78 1961 167 2052 pietas
185 1977 246 2038 est.
297 1961 376 2034 Hae
398 1965 491 2034 clare
514 1977 708 2048 testantur,
737 1962 876 2054 Solem,
899 1961 1039 2034 Lunam
1091 1961 1292 2052 significans
1317 1961 1394 2032 sine
1423 1963 1672 2034 exercitatione
1703 1982 1737 2039 et
1761 1971 1977 2062 experientia
2004 1999 2079 2048 non

79 2079 105 2134 et
123 2065 247 2158 reliqna
264 2067 390 2160 sydera
415 2089 489 2136 esse
505 2079 597 2136 certa
618 2080 652 2137 et
668 2065 845 2136 durabilia
868 2063 935 2136 Dei
956 2089 1040 2157 ope-
1092 2087 1192 2156 posse
1215 2079 1307 2134 artes
1330 2077 1423 2136 recte
1449 2065 1590 2157 percipi.
1641 2067 1781 2140 Deinde
1803 2073 1917 2145 sicubi
1940 2090 1992 2148 est
2013 2079 2080 2148 ali·

76 2187 122 2244 ra,
139 2181 166 2236 et
182 2170 319 2240 addunt
334 2191 450 2238 sacrae
467 2168 606 2253 literae,
629 2169 730 2238 cuius
744 2166 907 2240 utilitatis
923 2191 1039 2252 cansa,
1090 2167 1176 2260 quid
1194 2165 1432 2251 difficultatis,
1459 2168 1692 2240 memineritis
1706 2173 1842 2244 nnllam
1861 2201 1935 2250 esse
1952 2193 2078 2266 artem,

77 2267 187 2340 lumina
203 2271 367 2342 coelestia
384 2271 526 2342 condita
541 2271 628 2342 sint:
657 2285 761 2342 crunt
777 2271 891 2362 signa,
917 2284 951 2340 et
965 2270 1038 2340 dis·
1089 2293 1180 2362 quae
1195 2263 1291 2338 nihil
1316 2264 1443 2338 habeat
1461 2269 1689 2347 difficultatis.
1738 2271 1788 2346 Et
1811 2281 1937 2352 erratis
1960 2281 2079 2374 prois-

78 2387 196 2444 cement
209 2386 368 2466 tempora
384 2387 417 2445 et
433 2397 558 2446 annos.
619 2371 716 2444 Haec
731 2373 942 2465 descriptio,
972 2373 1036 2443 etsi
1089 2384 1164 2456 cto,
1188 2371 1217 2440 si
1234 2370 1316 2463 styli
1333 2369 1537 2442 exercitium
1554 2375 1684 2464 putatis
1698 2376 1836 2449 facilius
1856 2405 1946 2466 esse,
1971 2407 2078 2479 quam

77 2473 193 2544 brevius
214 2489 286 2561 est,
317 2490 434 2548 tamen
462 2499 518 2545 res
540 2497 685 2564 magnas
708 2474 972 2566 complectitur,
1004 2489 1038 2546 et
1089 2467 1173 2542 haec
1202 2473 1303 2543 initia
1327 2467 1594 2568 Arithmetices:
1646 2501 1711 2546 nec
1741 2473 1883 2553 scholae
1917 2499 2002 2559 sunt
2034 2509 2076 2558 ro

77 2571 299 2648 Astronomiae
312 2579 471 2650 studium
487 2580 672 2670 approbat.
723 2575 813 2647 Nam
829 2577 1038 2672 ntreliquas
1087 2575 1250 2646 conditae
1278 2589 1385 2670 atquc
1410 2576 1637 2662 constitutae,
1670 2593 1710 2651 nt
1730 2579 1866 2672 ignaiis
1888 2587 2007 2658 ocium
2030 2591 2076 2658 ad

76 2682 360 2767 partcsomittam,
387 2681 417 2750 si
441 2679 505 2751 Sol
526 2682 607 2750 ideo
628 2680 794 2750 conditus
811 2693 881 2770 est,
905 2693 946 2750 ut
971 2703 1038 2750 an·
1088 2679 1319 2769 perfruendas
1350 2677 1487 2770 ineptas
1520 2679 1719 2772 voluptates
1753 2689 1986 2778 concedatur,
2015 2694 2077 2761 scd

77 2804 143 2850 sum
164 2783 323 2856 conficiat
352 2797 386 2853 et
409 2784 604 2872 gubernet,
629 2781 824 2852 necessaria
847 2795 897 2852 est
913 2783 1036 2852 obser·
1087 2780 1275 2874 requirunt
1285 2780 1422 2865 studia,
1447 2805 1568 2850 curam
1584 2795 1619 2854 ct
1633 2808 1749 2854 acrem
1767 2788 1970 2862 animorum
1989 2815 2076 2864 con-

174 1301 243 1384 Qno
260 1307 345 1368 cibus
363 1319 450 1370 vocat
465 1321 553 1392 atque
572 1311 681 1369 inritat
697 1319 819 1368 euntem
871 1315 873 1322 '

132 1403 274 1470 Flammea
292 1432 345 1492 per
362 1413 480 1472 eoelum
493 1424 663 1494 pascentem
678 1431 804 1492 corpora
819 1411 939 1492 passim.

77 2884 150 2953 vatio
170 2883 419 2972 cnrsnsSolis;
458 2909 540 2956 nam
565 2883 1036 2956 sineohservationemotns
1087 2881 1295 2958 tentionem.
1344 2879 1516 2954 Necvero
1533 2907 1622 2976 nego
1639 2887 1749 2958 multa
1768 2889 1814 2960 ab
1831 2887 2104 2966 Arithmcticis‘

75 2987 152 3056 nulla
172 3003 252 3061 sunt
272 3001 475 3082 temporum
492 3003 598 3082 atque
617 3011 795 3058 annorum
818 2987 1035 3060 discrimina.
1087 2984 1243 3078 quaesita
1267 2997 1301 3054 et
1323 2983 1568 3056 animadversa
1590 3009 1682 3075 esse,
1716 3013 1805 3084 qnae
1827 2995 1953 3084 procul
1978 3020 2076 3068 rece-

76 3085 171 3174 Quare
181 3116 262 3186 ,non
287 3092 479 3162 obscurum
504 3105 561 3178 est
576 3104 611 3161 ct
634 3089 825 3182 approbari
841 3113 868 3158 ·a
885 3088 980 3173 Deo,
1002 3103 1035 3158 et
1086 3090 1211 3160 dunta
1228 3100 1331 3180 captu
1347 3085 1612 3179 imperitornm3
1634 3114 1717 3164 nam
1738 3106 1830 3164 artes
1852 3121 1976 3170 omnes
1999 3099 2075 3190 agi·

76 3193 199 3284 praecipi
216 3195 501 3264 observationem
519 3192 722 3262 coelestium
738 3205 911 3266 motuum.
962 3188 1036 3260 Nec
1086 3188 1218 3260 tatione
1240 3201 1413 3262 crescunt.
1465 3187 1536 3260 Sed
1559 3214 1623 3278 ego
1646 3193 1776 3288 loquor
1795 3199 1840 3267 de
1867 3194 1924 3270 his
1948 3199 2074 3284 initiis,

75 3307 209 3380 putemus
223 3321 298 3366 esse
314 3296 409 3366 leves
425 3317 566 3380 causas,
591 3317 779 3388 quarenos
794 3295 839 3363 ad
862 3288 954 3363 hanc
970 3293 1036 3362 do·
1086 3315 1176 3384 quae
1201 3305 1235 3362 et
1251 3290 1354 3360 vobis
1378 3291 1471 3360 tradi
1494 3291 1610 3366 solent
1632 3299 1733 3366 etad
1757 3323 1859 3370 nsum
1882 3303 2074 3374 conferun-

76 3395 196 3466 cuinam
224 3394 389 3470 hortetur
418 3397 525 3468 ctiam
556 3395 679 3466 divina
703 3396 884 3470 autoritas.
941 3392 1033 3466 Nam
1086 3407 1154 3467 tur.
1207 3389 1327 3482 Quare
1343 3393 1580 3464 adolescentes
1594 3395 1765 3470 abiiciunt
1777 3402 1985 3493 opinionem
2002 3405 2074 3476 dil-

76 3513 293 3595 practcrquam
332 3501 429 3594 quod
468 3499 641 3570 utilitates
679 3519 825 3586 magnas
852 3497 957 3568 affert
989 3500 1032 3566 ad
1085 3493 1267 3580 ficultatis,
1291 3509 1467 3586 etmagno
1489 3496 1611 3568 animo
1629 3503 1925 3593 etquadamcnm
1945 3529 2006 3598 spe
2027 3510 2073 3578 ad

76 3621 269 3672 communem
290 3603 418 3686 vitain,
444 3602 550 3671 eriam
570 3613 692 3671 monet
713 3621 779 3670 uos
794 3595 853 3670 hic
868 3591 1033 3690 pulcher·
1085 3591 1177 3666 lranc
1193 3609 1303 3666 artem
1325 3595 1529 3666 discendam
1552 3603 1737 3672 accedant:
1764 3608 1859 3696 quod
1882 3607 1912 3676 si
1932 3608 2074 3690 sacient,

75 3699 161 3774 nurus
174 3709 261 3776 ordo
279 3717 462 3789 motuum,
488 3699 579 3772 hanc
595 3717 760 3773 naturam
782 3725 856 3771 nou
880 3698 1034 3771 extitisse
1084 3699 1214 3768 deinde
1229 3713 1263 3768 et
1277 3721 1396 3768 rerum
1413 3700 1567 3772 suavitas
1581 3703 1754 3774 detinebit
1766 3729 1844 3792 eos,
1869 3722 1903 3779 et
1917 3710 2074 3783 sentient

76 3827 154 3892 cmo,
176 3811 232 3877 sed
254 3809 302 3878 ab
323 3819 466 3877 aeterna
484 3819 603 3875 mente
620 3817 734 3876 ortam
760 3825 833 3874 esse
856 3797 1032 3892 et‘gnber-
1085 3801 1158 3892 ipsa
1190 3821 1310 3872 rerrrm
1338 3801 1427 3870 serie
1455 3801 1700 3876 difficultatem
1733 3807 1860 3880 minui.
1912 3807 2073 3904 Exposui

76 3907 144 3980 nari.
196 3909 353 3982 Proinde
374 3909 478 3978 valde
498 3907 685 3978 confirmat
706 3906 745 3974 in
769 3905 899 3976 animis
920 3899 1033 3974 hone
1084 3929 1174 3999 quae
1199 3903 1371 3974 utilitates
1396 3905 1582 3998 praecipue
1605 3911 1775 3998 petendae
1796 3911 1868 3982 siat
1886 3937 1926 3983 ex
1945 3909 2073 3988 Arith-

76 4021 127 4076 stas
143 4013 324 4101 opiniones
344 4013 389 4082 de
405 4007 482 4082 Deo
506 4023 541 4080 et
558 4012 603 4078 de
618 4007 854 4101 providentia.
907 4005 1031 4100 ltaque
1085 4007 1231 4092 metica,
1264 4005 1337 4074 dixi
1361 4006 1466 4076 ctiam
1492 4010 1536 4078 de
1560 4009 1737 4086 facultate.
1787 4011 1963 4108 Reliquae
1988 4033 2073 4090 sunt

77 4108 331 4208 erPhilosophis
353 4111 422 4184 soli
440 4108 611 4204 Epicurei
631 4113 776 4182 scierunt
791 4107 921 4195 ἄθεοι,
948 4109 1032 4204 quia
1084 4105 1175 4180 aliae
1195 4109 1382 4194 utilitates,
1414 4111 1474 4178 sed
1498 4109 1740 4194 obscuriores,
1773 4117 1970 4211 dequibus
1995 4144 2071 4191 non

77 4203 140 4282 baec
158 4217 305 4291 illustria
326 4217 371 4286 de
393 4212 471 4286 Deo
492 4213 712 4296 testimonia,
748 4211 929 4297 videlicet,
955 4235 1033 4282 cer·
1084 4211 1196 4282 multa
1213 4210 1343 4280 dicam.
1396 4209 1632 4282 Verissimum
1650 4229 1718 4300 cst,
1739 4229 1893 4289 caeteras
1907 4235 2000 4293 artes
2015 4223 2072 4294 sa-

78 4313 196 4388 tioimas
217 4335 378 4391 motuum
403 4317 512 4406 leges,
537 4329 572 4386 et
588 4315 789 4386 mirabilem
806 4308 1029 4384 harmoniam
1082 4313 1185 4384 cilius
1212 4310 1366 4404 percipi,
1402 4313 1542 4402 cognitu
1575 4307 1823 4396 Arithmetica.
1882 4319 1948 4394 Est
1972 4325 2070 4396 enirn
2125 4325 2134 4332 “

78 4418 201 4508 aspicere
226 4423 431 4494 uoluerunt.
483 4415 593 4490 Decet
621 4418 731 4509 igitur
761 4417 854 4488 bona
888 4415 1030 4506 ingenia
1082 4409 1318 4486 Aritbmetica
1341 4413 1435 4484 inter
1458 4415 1592 4507 primas
1612 4429 1724 4504 artes,
1751 4425 1958 4516 quasdoc'et
1974 4427 2071 4498 diiu-

78 4509 145 4590 hanc
161 4517 441 4596 honestissimam
468 4521 667 4592 doctrinam
691 4543 830 4603 amare,
855 4529 890 4589 et
915 4541 1031 4612 quan·
1081 4517 1200 4587 dicare
1216 4539 1257 4586 ac
1273 4515 1486 4587 distribuere
1500 4543 1612 4588 uuum
1629 4535 1663 4590 et
1682 4524 1813 4610 multa3
1840 4529 1996 4600 ostendit
2011 4555 2071 4601 or·-

77 4631 134 4690 tum
152 4626 219 4696 beri
241 4639 374 4720 potest,
400 4623 537 4719 aliquid
558 4647 686 4716 operae
707 4624 746 4692 in
767 4635 945 4694 tanumm
974 4645 1030 4689 re-
1081 4620 1201 4690 dinem
1218 4642 1357 4701 rcruur,
1381 4633 1416 4690 ct
1436 4635 1557 4692 monet
1577 4623 1722 4696 conlnsa
1738 4627 1935 4702 evolvenda
1948 4645 1982 4702 et
1996 4633 2071 4702 dis-
2108 4689 2112 4695 ,

78 4743 137 4792 rum
157 4727 420 4824 inquisitionem
453 4727 639 4800 collocare.
697 4725 751 4797 Ac
782 4723 886 4794 facile
917 4722 1029 4794 multa
1082 4725 1256 4792 cernenda
1284 4743 1369 4790 esse.
1428 4718 1525 4792 llaec
1550 4739 1633 4796 sunt
1657 4725 1760 4798 initia
1787 4732 2072 4804 ratiocinationis

77 4829 239 4920 percipient
268 4829 326 4919 hi,
373 4829 439 4926 qui
467 4829 693 4900 mediocriter
724 4827 764 4897 iu
795 4821 1030 4898 Aritbmetiea
1081 4826 1119 4894 in
1137 4821 1357 4896 hominibus.
1409 4819 1493 4892 ldeo
1508 4825 1621 4916 prima
1637 4843 1690 4899 est
1707 4855 1938 4906 numerorum
1962 4836 2071 4907 intel-

78 4917 219 5005 'emcpmi
234 4949 326 5006 mm·
1073 4925 1245 5017 ligantia,
1271 4925 1381 5019 idque
1393 4927 1542 4996 sensisse
1557 4930 1688 5019 opinor
1702 4927 1939 5027 Pythagoram
1948 4985 1962 5027 ,
1988 4961 2068 5008 cum

153 5032 269 5108 Redeo
289 5037 402 5128 igitur
421 5035 467 5108 ad
483 5028 764 5112 Arithmeticen,
789 5029 958 5124 quoniam
984 5030 1030 5098 de
1080 5028 1251 5112 definivit,
1272 5039 1426 5098 mentem
1436 5049 1510 5098 esse
1520 5053 1726 5119 numerum;
1752 5035 2068 5126 significavitenim

78 5149 106 5196 ea
117 5141 286 5232 praecipue
306 5140 423 5210 dicere
444 5157 642 5230 coeperam.
692 5131 887 5226 Postquam
908 5145 1027 5203 autem
1079 5131 1235 5202 animam
1258 5151 1333 5200 esse
1354 5129 1672 5226 ratiocinatricem,
1697 5161 1788 5230 quae
1810 5139 1981 5212 discernit
2000 5167 2069 5230 res,

79 5233 214 5312 utilitates
243 5239 537 5326 commemoravi,
581 5261 673 5332 quae
700 5234 845 5330 quidem
878 5233 1029 5304 minime
1080 5251 1114 5306 st
1132 5233 1297 5303 ordinem
1315 5233 1575 5305 animadvertit.
1607 5233 1706 5308 Haec
1717 5254 1801 5310 snut
1815 5242 1966 5314 maxime
1985 5269 2068 5338 pro·

78 5351 145 5406 suut·
158 5343 334 5432 obscurae,
360 5344 518 5416 breviter
539 5340 676 5434 aliquid
691 5337 933 5408 adiiciendum
958 5359 1026 5429 pu·
1078 5337 1156 5429 pria
1183 5334 1315 5422 menti,
1354 5349 1393 5406 et
1418 5351 1501 5408 sunt
1531 5338 1663 5429 primae
1696 5343 1826 5415 mentis
1858 5345 2068 5418 functiones.

79 5437 182 5513 tavida
200 5447 374 5520 fictitias,
426 5443 509 5518 Seio
531 5439 703 5513 deterreri
719 5439 958 5512 adolescentes
981 5437 1029 5510 ab
1078 5437 1199 5530 Quare
1215 5451 1297 5531 apte
1313 5436 1491 5526 definivit,
1517 5455 1674 5513 mentem
1691 5465 1764 5516 esse
1777 5469 1985 5534 numerum,
2011 5451 2068 5522 ei-

110 5543 267 5621 llarasca.
290 5553 395 5625 Orrs.
420 5541 506 5624 Vae.
533 5549 600 5618 xl.
1265 5651 1274 5667 ,
1408 5537 1454 5610 19

2240 1243 2248 1278 l
