4614 5820
81 254 144 332 111
251 349 253 354 ,
645 255 806 336 nucu.
838 257 913 336 oa
946 203 1514 337 outttvvouartontt
1964 292 1966 296 .
2019 282 2096 362 ω,

78 425 233 515 planctu,
258 424 392 498 eiulatu
413 439 616 520 precamur,
642 430 700 500 sed
723 429 886 500 fiduciam
909 430 973 500 lilii
990 428 1058 502 Dei
1209 419 1324 495 Aiunt
1339 429 1515 519 quendem
1529 453 1570 500 ex
1585 431 1648 504 illo
1667 457 1793 524 genere
1806 434 2004 534 hominum,
2030 454 2092 546 qui

78 525 247 610 addimus,
270 539 386 598 tamen
402 524 469 600 hoc
484 529 855 618 respondeoZaleueu:
883 529 959 600 lmo
973 555 1057 604 vero
1108 538 1190 596 uute
1212 525 1309 594 mille
1329 539 1364 596 et
1380 529 1549 600 ducentos
1571 557 1683 604 annos
1705 538 1893 628 fugitantes
1910 548 2092 624 civitatum

76 625 257 712 tragoediis
274 629 493 718 Csspllvssl'llm
511 631 659 708 colimus
675 627 801 700 Deum,
845 629 942 719 Quid
962 633 1056 700 enim
1107 625 1416 716 guiterssitllollflm,
1442 628 1480 696 ill
1497 625 1646 726 Aegypli
1660 637 1794 709 deseri&
1815 665 1852 712 80
1867 647 2092 742 abdiderunt,

75 747 189 794 sumus
207 726 345 812 miseri,
370 728 441 797 nisi
456 731 576 800 multis
594 731 708 800 modis
725 731 866 821 captivi.
900 730 1058 804 Haerent
1109 738 1142 796 et
1156 723 1312 818 ἄσκησιν
1326 739 1361 798 et
1384 729 1574 820 peculiaria
1594 737 1755 808 exercitia
1783 751 2033 835 temperantiae
2058 769 2093 826 et

76 817 306 896 inhominem
322 829 500 899 mentibus
515 830 625 920 caligo
639 833 683 899 de
699 831 797 908 Deo,
824 843 855 902 et
873 833 942 904 alia
959 832 1057 918 vitia,
1106 827 1348 917 precationum
1381 828 1629 919 instituerunt,
1662 837 1807 925 dixisse,
1824 847 1826 852 ’
1843 849 1983 920 nullum
2017 873 2090 926 esse

74 937 104 992 et
119 925 249 994 accedit
267 927 433 998 incitator
446 919 620 1012 diabolus,
639 931 700 1024 qui
717 944 857 1002 ruentes
872 931 910 1000 in
924 933 1053 1004 scelera
1105 926 1283 996 difficilius
1297 951 1386 1019 opus
1401 932 1615 1020 precatione.
1666 931 1716 1008 At
1731 944 1864 1032 populo
1879 943 1973 1019 nihil
1991 953 2090 1026 vide·

73 1037 176 1112 urget.
229 1023 369 1096 Deinde
384 1053 517 1120 poenae
532 1027 713 1102 attrahunt
731 1032 830 1121 plura
848 1033 987 1106 delicta.
1105 1039 1164 1096 tur
1184 1026 1322 1096 facilius
1344 1048 1450 1121 quam
1474 1045 1585 1102 certos
1603 1033 1761 1109 Psalmos
1784 1045 1949 1131 recitare,
1975 1077 2091 1145 qusn-

167 1137 275 1210 Hunc
298 1145 536 1214 tristissimum
561 1171 732 1216 carcerem
755 1143 902 1216 humani
918 1149 1055 1235 generis
1105 1150 1209 1218 (lum
1224 1123 1351 1245 ”fimf
1368 1129 1510 1248 ‘luidffm
1527 1135 1790 1250 multifaciant,
1841 1145 1917 1219 Sed.
1934 1151 2089 1226 eliicor-

71 1237 200 1310 utinam
220 1243 426 1333 diligentius
440 1249 758 1328 consideraremus,
783 1260 823 1317 ut
837 1248 969 1336 agnitio
987 1245 1054 1318 mi·
1104 1227 1279 1344 §heims
1304 1230 1427 1298 ”dent
1441 1231 1618 1351 d¹ffi⁰¹l52¹¹¹
1634 1259 1707 1306 ⁰³⁵⁰
1721 1242 1831 1312 animi
1854 1247 2087 1326 intentionem

72 1341 236 1410 seriarum
269 1341 517 1417 immoderatos
551 1349 703 1435 impetus
736 1349 906 1434 frenaret,
945 1365 979 1421 et
1008 1352 1052 1420 ad
1104 1350 1142 1394 ¹¹¹
1158 1331 1346 1416 Pfe⁰³¹¹d00
1382 1327 1496 1400 Tama
1513 1351 1685 1422 0111111151,
1712 1362 1773 1410 ³0¹¹
1790 1347 2003 1437 volubiliter,
2026 1379 2088 1430 seu

72 1443 305 1531 quaerendum
339 1445 564 1517 liberatorem
600 1445 734 1517 Filium
764 1446 833 1518 Dei
866 1473 931 1519 nos
968 1447 1053 1520 hor-
1103 1426 1226 1545 lffvilffi
1243 1422 1419 1546 P¹¹J¹¹³¹¹³²
1431 1433 1577 1518 mentha
1602 1459 1786 1532 ”unquam
1803 1459 1843 1516 111
1859 1449 1922 1522 diu
1943 1455 2006 1522 uui
2027 1480 2088 1526 te-

73 1551 212 1611 mem„
1102 1539 1264 1616 grtatronr
1289 1542 1507 1602 ammoretur.
1564 1533 1635 1606 Sed
1654 1539 1743 1609 aliae
1762 1549 1940 1631 graviores
1963 1577 2087 1628 caueae

160 1653 240 1746 Ego
256 1657 364 1748 igitur
378 1660 506 1742 fateor,
532 1686 590 1732 me
604 1658 662 1732 his
677 1664 897 1754 captivorum
914 1681 1051 1757 tragoe-
1102 1627 1183 1745 2¹⁰⁸
1200 1627 1598 1747 disiiuliafiiaffemm·
1648 1636 1731 1709 N⁰¹¹
1748 1657 1800 1716 ‘³²
1817 1649 1945 1722 ”dem
1964 1679 2087 1772 9¹:⁸²³·

151 1751 529 1928 “tramea
550 1785 728 1933 temam,
754 1778 788 1834 1
810 1765 1052 1936 agua
1101 1741 2087 1946 :aaaclamata?‘atalantam

69 1869 626 2031 32355¹¹⁰1a32352d⁶l¹¹sshi
640 1887 853 2054 sibilla
872 1893 1048 2058 iiiiii
1100 1927 1185 2008 tus,
1221 1941 1282 1997 ³¹¹¹
1303 1929 1433 2020 uuio
1465 1947 1526 2004 ³¹¹²
1549 1935 1676 2008 111111
1697 1965 1805 2031 orum
1838 1964 1872 2020 et
1894 1957 2085 2044 potentiae,

69 2055 102 2121 in
117 2049 169 2124 his
184 2057 375 2128 eiulatibus
387 2059 908 2160 aptoruyatvtosiycFiliusDei,
920 2093 1049 2139 crum.
1100 2051 1175 2096 ”⁰¹¹
1202 2051 1283 2097 '¹²¹⁰
1309 2030 1519 2118 ⁰⁰¹¹s⁰fi¹¹¹¹t
1544 2037 1587 2103 ud
1611 2036 1741 2111 Deum·

69 2167 153 2224 tatus
188 2170 266 2228 toto
299 2183 462 2251 corpure,
505 2176 539 2234 et
570 2165 817 2254 magnitudine
850 2169 1049 2242 moesticise
1118 2226 1128 2244 .
1157 2225 1166 2245 .
1197 2125 1287 2198 cum
1304 2153 1386 2200 γεω
1409 2130 1774 2260 in.m⁰iiii⁸fl⁰⁰fib⁰³.
1800 2139 1954 2270 humffn?
1980 2179 2092 2279 prii·¹

70 2257 267 2344 ,anguium
284 2262 426 2333 sudam·
1098 2229 1189 2297 sadra
1222 2229 1341 2298 deesse
1371 2231 1475 2300 nobas
1501 2236 1699 2308 videamuss
1736 2236 1794 2312 htc
1820 2268 2016 2340 suspiciunt
2044 2284 2084 2330 m

1099 2329 1234 2396 coelum
1257 2329 1368 2424 oculi,
1392 2343 1427 2400 et
1449 2355 1583 2404 numen
1603 2335 1694 2407 illud
1716 2345 1948 2438 requirimus,
1971 2380 1991 2425 a
2011 2381 2083 2450 quo

1099 2421 1193 2496 hanc
1207 2441 1370 2498 naturam
1385 2432 1564 2502 conditam
1578 2457 1661 2522 esse,
1687 2453 1721 2510 et
1735 2448 1867 2518 servari
1882 2451 2083 2544 didicimus,

1097 2527 1277 2598 autetiam
1295 2543 1440 2600 naturae
1456 2531 1588 2604 iudicio
1605 2540 1802 2618 statuimus.

1196 2623 1240 2696 In
1268 2622 1335 2698 hoc
1359 2634 1570 2719 precationis
1597 2641 1741 2710 exordio
1773 2668 1939 2736 magnum
1966 2657 2082 2731 existit

1096 2740 1284 2797 certamen.
1332 2725 1559 2804 Deterremnr
1579 2737 1683 2807 foedo
1701 2761 1890 2834 conspectu
1909 2755 2080 2830 scelerum

1096 2839 1317 2911 nostrorum,
1341 2852 1387 2896 ne
1405 2833 1450 2900 ad
1466 2829 1581 2904 Deum
1595 2841 1809 2913 accedamus.
1849 2846 2080 2938 Quaerimus:
2100 2886 2102 2894 ’

1095 2927 1276 3018 quodnam
1293 2927 1383 2998 illud
1398 2929 1443 3001 sit
1455 2934 1603 3006 coeleste
1616 2961 1793 3027 numen,'a
1807 2971 1878 3038 quo
1891 2976 1995 3044 opem
2011 2957 2081 3026 im·

1094 3025 1293 3116 ploramus,
1320 3029 1365 3096 'an
1382 3045 1415 3102 ct
1430 3056 1493 3102 cur
1512 3048 1592 3104 vota
1608 3061 1648 3106 ac
1663 3043 1812 3128 gemitus
1827 3063 1967 3124 nostros
1986 3059 2082 3150 aspi·

1095 3125 1188 3198 ciat?
1213 3151 1258 3198 an
1277 3129 1370 3199 flecti
1386 3131 1469 3204 velit
1485 3135 1614 3206 nostris
1629 3135 1841 3234 lachrymis?

1189 3223 1249 3296 Ex
1278 3223 1333 3298 his
1364 3233 1470 3302 tantis
1501 3248 1536 3305 et
1568 3249 1639 3306 tam
1666 3243 1773 3314 variis
1796 3248 2080 3332 dubitationibus

1092 3325 1259 3407 eluctari,
1285 3343 1319 3398 et
1340 3332 1552 3419 cogitatione
1577 3341 1868 3434 patefactionum,
1894 3360 2080 3430 mandato.

154 3401 405 3502 511911111111
428 3399 517 3474 mihi
534 3405 631 3474 venit
647 3405 687 3474 in
702 3422 876 3490 mentem,
902 3433 981 3480 111111
998 3410 1043 3478 (lt
1092 3449 1172 3495 rum
1194 3437 1227 3496 et
1249 3429 1524 3518 promissionum
1546 3437 1749 3512 divinarum
1772 3447 1912 3520 vincere
1935 3457 2078 3530 dubita.

66 3503 195 3572 caeteris
211 3503 403 3572 virtutibus
418 3517 490 3574 tam
503 3504 614 3573 multa
629 3519 745 3576 extent
758 3509 954 3599 volumina,
978 3532 1042 3579 cur
1092 3526 1243 3608 tionem,
1269 3540 1302 3596 et
1319 3530 1418 3620 qnasi
1437 3531 1565 3604 fluctus
1587 3537 1668 3607 illos
1681 3541 1720 3609 in
1742 3545 1862 3618 animo
1877 3555 2017 3643 sedare,
2041 3575 2078 3630 et

66 3615 190 3688 praeter
208 3603 397 3672 conciones
422 3599 703 3696 Prophetarum,
736 3603 870 3678 Christi
890 3623 926 3680 et
941 3607 1041 3700 ΑΡΟ·
1091 3623 1131 3694 in
1147 3649 1230 3694 vero
1242 3624 1318 3696 Deo
1337 3630 1573 3721 acquiescere,
1599 3631 1684 3708 haec
1702 3665 1757 3710 res
1773 3647 1927 3720 difficilis
1941 3669 2004 3726 est.
2066 3703 2068 3712 ι

160 2371 282 2462 Quare
295 2375 359 2446 etsi
374 2375 545 2447 Zaleucus
558 2371 623 2447 hos
639 2391 778 2450 nostros
790 2381 957 2470 gemitus,
983 2377 1047 2454 has

67 2465 255 2565 lachrymas
271 2475 392 2545 inanes
408 2501 481 2546 esse
499 2479 609 2560 ducit,
635 2492 669 2548 et
684 2481 842 2550 fortassis
857 2482 942 2552 dicit
956 2481 1046 2551 illud

68 2567 226 2656 Homeri,
254 2571 299 2646 οὐ
321 2577 447 2670 πρῆξις
467 2571 662 2672 δακρύων,
686 2593 804 2652 tamen
828 2606 893 2651 nos
916 2583 1046 2651 scimus

68 2672 148 2739 affici
163 2671 280 2744 Deum
304 2678 544 2748 misericordia
560 2679 692 2764 nostri,
714 2694 746 2750 et
766 2704 840 2750 non
859 2683 973 2750 solum
989 2706 1046 2750 re-

68 2772 187 2859 spicere
221 2769 420 2868 lachrymas
453 2793 607 2862 nustras,
638 2782 700 2848 sed
729 2781 833 2849 etiam
860 2805 1046 2851 numerare

67 2871 216 2958 stillulas,
244 2874 334 2945 sicut
350 2877 585 2968 scriptumest
600 2879 638 2947 in
654 2877 794 2950 Psalmo
811 2879 875 2952 66.
892 2894 926 2951 ct
941 2881 1046 2952 nobis

67 2995 158 3059 opem
173 2974 281 3044 ferre.

155 3086 210 3156 Sit
232 3088 341 3177 igitur
357 3089 502 3160 infixum
525 3090 651 3160 animis
667 3093 828 3163 omnium
849 3095 1045 3166 invocatio·

66 3207 138 3252 nem
156 3187 219 3257 Dei
244 3191 410 3260 virtutem
433 3215 506 3259 esse
527 3191 794 3262 antecellentem
819 3197 984 3280 caeteris,
1009 3207 1043 3265 et

67 3285 311 3356 discernentem
327 3291 373 3360 ab
389 3291 468 3358 aliis
485 3290 649 3379 gentibus
666 3287 859 3362 Ecclesiam
876 3291 955 3366 Dei.

66 3701 247 3784 stolorum,
274 3705 311 3770 in
328 3703 480 3774 aliorum
496 3707 706 3796 scriptorum
727 3710 968 3780 monumentis
981 3709 1040 3778 vix
1191 3725 1339 3796 Necesse
1362 3743 1414 3800 est
1426 3730 1538 3820 igitur
1560 3733 1599 3803 in
1612 3731 1767 3811 Ecclesia
1790 3760 1906 3820 extare
1926 3767 1961 3824 et
1974 3779 2077 3850 saepe

66 3821 161 3887 pauca
177 3805 308 3872 tradita
332 3803 404 3876 sint
419 3805 464 3873 de
479 3799 544 3874 hac
558 3805 689 3876 virtute
712 3809 872 3880 omnium
891 3833 1038 3883 summa.
1089 3826 1230 3896 recitari
1248 3829 1445 3901 doctrinam
1460 3833 1504 3902 de
1519 3834 1743 3912 invocatione
1757 3841 1824 3922 Dei
1840 3865 1931 3922 recte
1948 3870 1981 3926 ee
1995 3883 2076 3948 per.

65 3895 109 3967 Ile
123 3903 257 3972 iusticia
271 3904 368 3972 civili
385 3927 491 3998 quam
506 3919 665 3976 accurate
679 3907 800 3999 scripti
817 3924 900 3982 sunt
915 3906 1039 3980 Philo·
1089 3926 1209 4016 spicue
1224 3931 1453 4022 explicatam,
1479 3948 1519 4006 ut
1540 3937 1582 4004 ad
1600 3960 1703 4014 usum
1719 3955 1978 4024 accommodari

66 3996 246 4090 sophorum
270 4017 305 4074 et
326 4001 661 4076 iurisconsultorum
683 4009 779 4082 libri.
828 4009 881 4082 De
903 4024 1038 4100 tempe-
1088 4027 1149 4112 μὴ,
1174 4024 1247 4100 imo
1264 4044 1304 4098 ue
1319 4043 1390 4102 1012
1408 4033 1453 4102 sie
1467 4034 1505 4103 in
1522 4059 1606 4106 cons

65 4103 164 4170 rantis
182 4104 382 4174 multisunt
397 4103 621 4174 Medicorum
636 4109 830 4179 volumina.
873 4108 964 4198 Quis
980 4111 1037 4179 in-
1088 4151 1169 4196 nem
1189 4128 1360 4202 ordimur,

65 4207 145 4270 terea
163 4203 398 4274 invocationis
413 4205 610 4276 doctrinam
630 4221 691 4277 aut
713 4223 893 4300 praecepta
910 4211 1037 4280 ordine
1187 4227 1282 4300 Ante
1297 4230 1416 4300 omnia
1435 4255 1519 4302 vere
1533 4235 1739 4311 eximendus
1759 4261 1811 4318 est
1828 4273 1928 4324 error
1943 4259 2072 4332 animis

66 4299 211 4391 collegit?
240 4305 278 4373 id
296 4328 336 4374 eo
353 4305 429 4374 fieri
450 4305 628 4390 existimo,
653 4309 735 4400 quia
752 4310 902 4380 maxima
920 4305 1036 4380 homi·
1087 4327 1247 4397 omnium
1270 4330 1420 4400 maxime
1442 4334 1662 4424 perniciosus
1687 4345 1809 4434 nobis,
1840 4364 1875 4422 et
1895 4354 1933 4424 in
1956 4353 2073 4432 Deum

2018 3982 2077 4028 og.

1607 4054 1720 4128 pectu,
1745 4049 1884 4138 quoties
1900 3983 2075 4144 precaiio·

65 4419 138 4467 uum
150 4405 340 4474 multitudo
356 4428 543 4475 commuue
559 4419 695 4476 tautum
710 4401 834 4490 aduae
848 4406 1034 4480 huminum
1087 4429 1376 4516 contumeliosus,
1395 4433 1457 4524 qui
1468 4433 1589 4507 miscet
1605 4454 1639 4510 et
1655 4441 1693 4510 in
1708 4469 1819 4517 unum
1834 4446 2073 4534 chaosomnes

66 4518 127 4566 esse
140 4503 310 4576 existimat
324 4506 462 4574 amissis
476 4507 670 4597 praesidiis,
695 4533 784 4600 quae
799 4511 889 4582 ratio
907 4505 1034 4581 hume·
1085 4527 1273 4617 religiones
1287 4530 1485 4616 confundit,
1500 4537 1647 4628 acfingit
1662 4543 1813 4616 similem
1822 4574 1897 4624 esse
1908 4562 2072 4632 omnium

65 4619 103 4664 aa
122 4605 302 4694 prospicit,
330 4607 518 4695 confugere
545 4609 588 4678 ad
612 4630 746 4676 numen
770 4611 937 4694 coeleste,
969 4635 1035 4681 nec
1085 4629 1241 4717 gentium
1259 4631 1531 4708 invocationem.
1582 4635 1781 4716 Discrimen
1804 4659 1996 4730 tenendum
2020 4677 2073 4734 est

65 4699 180 4772 essem
194 4705 326 4774 iudicat
340 4729 552 4800 quocunqne
565 4709 672 4776 modo
686 4707 724 4776 id
740 4709 817 4794 fiat,
842 4735 907 4781 nec
922 4712 1034 4782 iuter·
1085 4729 1222 4800 illustre
1243 4729 1336 4800 inter
1357 4731 1610 4810 invocationes.
1664 4743 1783 4818 *Unica
1802 4753 1898 4822 enim
1921 4771 2072 4850 tanturn,

65 4817 126 4867 ene
144 4802 235 4874 inter
250 4804 458 4876 Homericus
475 4807 719 4877 invocationes
740 4823 802 4879 sut
820 4809 1034 4897 Platonicae,
1085 4853 1190 4922 quam
1206 4827 1301 4900 Deus
1316 4832 1391 4922 ipse
1404 4829 1597 4908 Ecclesiam
1610 4843 1745 4932 docuit,
1766 4873 1861 4934 vera,
1883 4853 1960 4930 Deo
1972 4877 2071 4951 grata

66 4908 94 4964 et
113 4898 310 4992 Paulinam,
341 4929 422 4976 cum
452 4931 521 4999 qua
551 4929 743 4996 congruere
768 4921 888 4981 nostre
917 4913 1032 4986 debet·
1085 4943 1119 4998 et
1134 4931 1294 5001 salutaris
1310 4947 1373 5003 est.
1424 4931 1472 5006 Ut
1486 4953 1603 5010 aurem
1617 4942 1655 5011 in
1669 4945 1788 5020 brevia
1802 4965 1839 5022 et
1852 4971 1944 5028 certa
1958 4986 2072 5033 mem·

66 4991 201 5088 hlagnus
215 5000 275 5076 hic
291 5029 392 5076 error
405 5020 476 5090 est,
500 5020 535 5077 et
549 5007 683 5101 ubique
696 5011 888 5081 multorum
903 5014 1033 5084 menti·
1084 5029 1147 5099 bra
1173 5025 1265 5102 hanc
1283 5033 1483 5104 doctrinam

67 5091 122 5164 bus
141 5101 276 5180 insitus.
322 5103 489 5176 Nascitur
506 5108 604 5176 enim
626 5109 832 5192 nobiscum,
858 5123 892 5180 et
913 5105 1032 5184 haeret
1066 5130 1241 5202 rjandam
1258 5157 1330 5202 esse
1340 5136 1438 5208 duxi,

66 5190 98 5260 in
110 5197 225 5274 intimo
239 5207 391 5297 pectoris
405 5227 532 5294 sensu,
556 5208 626 5279 nisi
641 5233 727 5280 voce
739 5207 926 5303 Evangelii
938 5215 1042 5282 divi·'
1186 5227 1383 5325 Dupliciter
1397 5237 1561 5310 abaram
1580 5264 1601 5310 a
1620 5239 1696 5314 Deo
1712 5241 1878 5338 Etbntei,
1897 5273 1934 5330 et
1946 5285 2071 5338 omues
2107 5307 2111 5314 ·

69 5294 151 5368 nitas
162 5307 376 5378 emendetur.
1083 5344 1207 5422 gentes
1237 5357 1277 5404 sc
1302 5349 1458 5508 εοεῑῖεέ.
1474 5353 1612 5430 praeter
1634 5345 1745 5416 solam
1765 5347 1837 5424 Dei
1864 5351 2071 5441 Ecclesiam.

1510 5037 1780 5134 contrahamus,
1814 5053 1867 5124 sic
1886 5081 1965 5130 eam
1990 5087 2072 5155 par-
