4616 5816
206 297 281 378 aaa
702 277 860 356 ouon.
912 270 1739 355 osruaursmnnouueuua
2166 275 2232 349 400

205 403 299 546 bene
319 466 383 550 sit,
407 459 543 556 inquit,
569 479 610 527 ae
627 477 773 546 surgens
789 449 954 546 protinus
969 451 1044 544 ipsc
1059 473 1202 544 quoque
1252 461 1374 518 eontra
1398 447 1578 539 pessimis,
1601 461 1643 519 ut
1663 447 1809 518 maximi
1831 449 1931 523 liant.
1981 445 2076 539 Ergo
2100 448 2128 519 si
2149 450 2233 520 idem
2297 471 2298 476 ’

205 577 301 648 foras
333 562 624 655 ademptionem
657 557 805 650 piscium
843 555 1037 646 procurrit,
1081 565 1202 644 estque
1253 551 1366 620 literis
1384 563 1418 620 et
1441 546 1722 620 bnicdoctrinao
1746 547 1976 624 immunitatis
2001 553 2146 636 eccidit,
2171 577 2234 624 nou
2297 559 2298 580 ¹

207 669 442 774 cytharoedus
473 664 569 735 solus
595 661 803 744 destitutus,
835 657 961 726 necin
991 667 1088 724 tauta
1111 654 1202 722 urbe
1255 675 1389 723 novum
1417 663 1477 722 aut
1501 653 1632 720 mirum
1662 653 1770 722 nimis
1794 655 1829 722 id
1860 653 1965 723 nobis
1993 655 2108 722 videri
2132 656 2236 740 debet,

189 769 367 873 'repertus
383 783 434 840 est
448 766 647 860 quisquam,
673 761 736 856 qui
753 760 865 855 pluris
881 755 1069 844 Musicem,
1095 779 1201 850 quam
1255 779 1370 848 neque
1388 778 1454 824 nos
1468 755 1737 846 corruptissimo
1752 755 1849 846 verlgi
1867 755 2001 840 indicio
2019 771 2053 826 et
2068 779 2183 825 errem
2197 759 2236 826 ab

207 879 370 977 putridos
388 873 497 966 pisces
514 869 655 942 feceret.

312 1077 364 1150 lta
379 1073 437 1147 his
450 1072 671 1166 temporibus
683 1065 769 1138 baec
781 1067 900 1138 studia
916 1089 1058 1160 quoque
1073 1077 1106 1135 et
1123 1063 1203 1134 lite-

209 1209 270 1260 rae
288 1181 530 1271 negliguntur.
582 1171 725 1243 Prornit
748 1193 783 1240 se
807 1171 956 1264 quisque
973 1171 1017 1237 ad
1043 1167 1204 1240 sordidas

210 1303 246 1362 et
270 1297 497 1382 quaestuosas
520 1289 627 1361 artes,
654 1274 742 1346 diris
759 1272 1015 1364 cupiditatibus
1031 1283 1064 1338 et
1088 1267 1203 1337 ventri

210 1391 387 1472 serviunt,
414 1395 552 1476 practer
566 1378 669 1447 illum
684 1375 825 1445 nullum
843 1371 957 1444 Deum
974 1385 1121 1443 norunt.
1158 1369 1207 1440 Ut

211 1492 416 1585 ingenium,
441 1497 482 1554 nt
498 1494 633 1574 partem
656 1478 838 1548 meliorem
861 1499 900 1546 ac
915 1476 1128 1546 diviniorem
1151 1471 1206 1542 sui

211 1597 373 1669 excolant
404 1598 596 1667 ornentvc,
628 1579 796 1675 perpauci
821 1592 958 1651 cluant.
1017 1574 1137 1669 thue
1168 1574 1204 1640 in

210 1695 419 1772 turbulento
437 1703 469 1759 et
486 1688 624 1756 ebrioso
640 1682 817 1766 convivio,
840 1675 1003 1749 homines
1017 1693 1208 1766 nugantur,

212 1802 352 1881 rident,
374 1792 631 1872 vociferantur,
654 1785 899 1877 perstrepunt,
926 1784 1070 1850 ludente
1087 1781 1206 1872 aliquo

213 1899 347 1992 insigni
372 1893 532 1976 Musica,
558 1913 623 1958 uec
645 1889 851 1969 advertunt,
877 1907 942 1951 uec
965 1883 1111 1952 nuribus
1131 1881 1208 1949 ani-

213 2007 325 2078 misve
353 1996 531 2087 accipiunt
568 1993 667 2060 illam
699 1987 905 2058 suavitatem
929 1984 1102 2067 Musices,
1149 1997 1208 2052 aut

214 2107 447 2204 perfruuntur
461 2105 519 2181 ea,
545 2095 594 2164 ita
611 2089 677 2160 hoe
692 2090 847 2160 seculum
865 2089 938 2156 suis
954 2085 1208 2178 cupiditatibus

214 2211 312 2281 velut
333 2203 470 2274 ebrium
494 2212 527 2268 et
549 2217 669 2266 amens
692 2217 766 2263 non
794 2191 936 2260 exarrdit
960 2211 1060 2258 voces
1085 2186 1208 2256 Musa-

216 2337 317 2395 rnm,
345 2327 409 2376 nee
427 2299 579 2374 attendit
596 2297 766 2366 animum.
813 2291 886 2380 Qui
902 2315 984 2360 vero
999 2315 1059 2360 sua
1077 2289 1208 2358 antori-

217 2431 287 2488 tate
315 2423 350 2482 et
376 2408 505 2499 opibus
540 2400 725 2494 praecipue
752 2391 839 2464 baec
864 2395 981 2464 studia
1016 2385 1211 2482 provehere

216 2535 322 2611 atque
339 2531 466 2581 ornare
483 2506 679 2585 debebant,
702 2495 740 2578 hi
764 2521 844 2566 cum
866 2496 1026 2588 plerique
1042 2494 1108 2585 ipsi
1122 2489 1213 2560 Bar-

217 2620 296 2692 bari
310 2616 381 2686 sint
397 2605 432 2682 et
447 2605 591 2686 inculti,
618 2601 800 2694 impendio
817 2599 928 2686 magis
941 2621 980 2666 en
999 2617 1163 2686 oppressa
1179 2608 1211 2662 et

219 2723 334 2794 deleta
352 2715 511 2807 cupiunt.
542 2705 661 2799 thue
677 2703 837 2772 Herodes
852 2699 929 2772 Rex
950 2698 1110 2768 ludaieae
1127 2719 1210 2782 gen·

219 2825 265 2898 tis
282 2845 361 2892 cum
377 2841 417 2886 ex
431 2810 560 2883 humili
578 2821 612 2877 et
628 2809 779 2876 obscuro
795 2805 872 2872 loco
890 2803 931 2868 ad
958 2800 1072 2890 regios'
1097 2793 1212 2868 hono-

219 2949 277 2999 res
298 2933 438 2994 evectus
463 2925 570 2995 esset,
594 2909 694 2978 iussit
717 2929 840 2977 omnes
862 2905 992 2982 libros,
1020 2901 1057 2969 in
1084 2900 1214 2994 quibus

221 3023 444 3123 genealogiae
462 3013 758 3092 continebantur,
782 3007 924 3076 incendi
945 3019 1050 3097 atque
1069 3002 1216 3086 aboleri,

221 3147 262 3205 ut
276 3131 325 3201 ita
337 3121 541 3197 discrimine
556 3111 752 3184 nobilitatis
766 3122 801 3179 et
816 3105 1050 3198 ignobilitatis
1066 3105 1216 3186 sublato,

223 3235 280 3307 sui
294 3249 435 3326 quoque
451 3219 588 3316 generis
605 3213 801 3286 obscuritas
822 3211 941 3278 minus
953 3207 1097 3277 infamis
1112 3219 1215 3274 esset:

224 3340 274 3411 ita
292 3331 456 3404 homines
471 3318 640 3396 ineruditi
656 3319 776 3386 literas
800 3326 834 3383 et
849 3315 1021 3396 oderunt,
1045 3323 1080 3379 et
1103 3307 1217 3377 aboli-

223 3457 277 3514 tas
291 3434 458 3530 cupiunt,
482 3435 663 3518 sperantes
678 3415 745 3489 hoo
761 3417 868 3486 modo
888 3439 985 3484 suam
1005 3435 1146 3506 quoque
1161 3410 1216 3477 in.

224 3541 361 3615 scitiam
385 3530 524 3604 facilius
545 3547 647 3620 posse
673 3523 793 3592 latere.
845 3516 904 3590 Sic
927 3517 984 3600 lit,
1010 3528 1049 3584 ut
1073 3517 1117 3582 ab
1139 3511 1219 3581 aliis

224 3645 449 3720 infestentur,
474 3634 517 3702 ab
534 3629 612 3698 aliis
626 3625 864 3696 destituantur
880 3620 1017 3690 literae:
1045 3617 1133 3685 alios
1148 3613 1218 3683 alio

226 3745 359 3836 abripit
386 3761 485 3808 caeca
513 3729 706 3820 cupiditas,
745 3739 779 3796 et
801 3721 944 3816 quidvis
971 3719 1218 3810 potiusquam

227 3872 310 3920 vera
332 3846 424 3912 bona
442 3835 672 3914 admiramur,
698 3827 769 3896 imo
787 3849 826 3893 ea
842 3848 886 3891 ne
902 3821 1123 3912 agnoscimus
1138 3817 1221 3910 qui-

227 3955 320 4022 dem.
375 3943 425 4014 lta
443 3941 590 4013 Satanas
607 3943 741 3999 mentes
757 3921 931 3996 hermanus
947 3923 1020 3992 suis
1041 3919 1221 4010 compedi-

227 4057 295 4124 bus
309 4045 513 4119 constrictas
537 4047 653 4124 tenet,
679 4045 714 4102 et
729 4051 872 4124 quoquo
896 4027 969 4116 ipse
987 4023 1080 4106 vult,
1106 4035 1222 4090 traus-

230 4175 347 4225 versas
364 4148 504 4238 abripit,
526 4166 565 4210 ac
579 4157 699 4207 revera
715 4157 811 4202 uerno
825 4128 972 4197 minima
990 4128 1034 4194 de
1048 4124 1150 4192 malis
1166 4123 1222 4192 iu-

1255 851 1312 926 his
1346 857 1473 926 studiis
1511 858 1672 926 amandis
1712 858 1942 952 colendisque
1979 859 2110 928 abduci
2141 861 2237 928 deret.

1254 956 1350 1029 Haec
1373 973 1414 1030 ut
1434 959 1612 1050 praefarer
1636 983 1716 1028 cum
1741 961 1785 1028 de
1810 957 1967 1029 Homero
1985 973 2018 1028 et
2042 955 2099 1028 his
2120 961 2238 1030 uostris

1255 1061 1382 1133 studiis
1407 1062 1566 1130 dicturus
1586 1085 1717 1145 essem,
1749 1085 1805 1131 res
1828 1062 1901 1153 ipsa
1926 1075 1960 1131 et
1978 1061 2170 1152 indignitas
2190 1085 2238 1129 me

1256 1164 1378 1233 movit.
1431 1161 1522 1250 Quis
1546 1163 1642 1231 enim
1663 1187 1737 1236 non
1760 1177 2041 1247 commoveatur,
2067 1165 2128 1257 qui
2154 1157 2240 1232 hunc

1258 1282 1327 1336 tam
1351 1264 1524 1353 insignem
1549 1277 1789 1355 contemptum
1816 1289 1933 1334 rerum
1959 1266 2170 1354 optimarum
2192 1265 2239 1332 ri-

1257 1367 1361 1438 deat?
1416 1365 1487 1436 Vos
1514 1391 1577 1458 pro
1602 1381 1717 1436 vestra
1734 1361 1955 1436 humanitate
1979 1363 2071 1435 hauc
2093 1381 2241 1435 nostram

1257 1468 1454 1564 querelam,
1482 1493 1588 1560 quam
1614 1465 1703 1536 mibi
1726 1469 2012 1560 expressitdolor
2033 1493 2133 1538 meus
2147 1482 2178 1537 el
2193 1470 2242 1536 in-

1258 1571 1413 1662 dignitas
1428 1569 1502 1653 rei,
1530 1570 1616 1639 boni
1631 1571 1833 1645 consuletis.
1974 1571 1977 1578 ’

1355 1771 1473 1865 Atque
1487 1785 1529 1842 ut
1543 1775 1584 1842 ad
1605 1773 1654 1857 id,
1681 1778 1809 1866 dequo
1825 1775 1862 1841 in
1880 1775 2077 1864 praesentia
2094 1775 2245 1845 institute

1260 1888 1331 1957 est,
1362 1899 1399 1942 se
1423 1876 1552 1943 referat
1583 1877 1717 1965 oratio,
1748 1875 1897 1946 Homeri
1928 1885 2072 1966 poema,
2105 1893 2144 1945 ut
2170 1876 2245 1956 dixi,

1261 1975 1337 2046 Diis
1360 1980 1451 2044 bene
1475 1977 1693 2063 laventibus,
1720 1979 1944 2068 interpretari
1966 1979 2125 2064 deerevi3
2153 1980 2244 2046 deco

1261 2081 1300 2147 iu
1325 2078 1521 2169 praesentia
1552 2081 1705 2149 breviter
1727 2081 1878 2171 praefari
1900 2081 2078 2149 constitui.
2139 2077 2246 2172 Atque

1263 2181 1397 2250 aetitiam
1421 2201 1484 2268 ego
1509 2180 1598 2248 illud
1623 2195 1692 2250 tam
1718 2206 1855 2274 possem
1873 2181 2158 2252 adulescentibus
2176 2205 2247 2250 ora·

1262 2284 1358 2351 tione
1394 2283 1657 2363 commendare,
1695 2309 1734 2350 ac
1770 2284 1887 2372 dignis
1920 2283 2085 2352 laudibus
2118 2305 2247 2366 ornare,

1263 2409 1368 2478 quam
1386 2407 1568 2476 nunquam
1587 2386 1669 2452 satis
1685 2397 1799 2476 potest
1816 2411 1879 2474 pro
1890 2385 2062 2472 dignitate
2075 2385 2248 2470 celebrari,

1264 2499 1498 2576 exuperatque
1522 2483 1669 2554 Homeri
1689 2489 1859 2576 splendor
1881 2511 2022 2555 orrrrrem
2046 2487 2248 2558 orationem.

1264 2584 1334 2657 Sed
1357 2599 1475 2654 tamen
1497 2602 1537 2655 ut
1557 2611 1682 2675 magua
1708 2590 1859 2656 numina
1880 2613 2141 2682 nonnunquam
2166 2590 2248 2655 saure

1265 2703 1297 2758 et
1312 2687 1383 2758 sale
1401 2687 1470 2756 coli
1486 2689 1612 2772 solent,
1636 2691 1683 2757 ita
1699 2714 1764 2758 uos
1781 2691 1909 2784 siquid
1927 2715 1991 2780 pro
2007 2703 2128 2760 nostra
2144 2687 2250 2762 tenui-

1265 2803 1334 2860 tate
1352 2792 1554 2880 poterimus,
1570 2793 1612 2860 ad
1629 2793 1720 2862 tanti
1735 2793 1915 2884 scriptoris
1929 2793 2159 2881 praeconium
2175 2815 2251 2859 cou-

1265 2893 1429 2964 fereruus.
1482 2887 1553 2960 Nec
1576 2917 1659 2962 vero
1681 2888 1742 2962 bic
1769 2897 1811 2962 de
1832 2893 2028 2978 natalibus,
2059 2895 2189 2984 patria,
2221 2905 2251 2961 et

1268 2995 1338 3062 vita
1355 2989 1504 3061 Homeri
1527 2995 1632 3063 uobis
1653 2996 1766 3064 oratio
1791 2995 1875 3080 erit,
1901 2990 1987 3064 haec
2001 2995 2098 3063 euim
2116 2997 2160 3064 ab
2182 2993 2252 3063 aliis

1267 3095 1352 3165 satis
1368 3109 1527 3164 accurate
1546 3113 1579 3166 et
1601 3097 1677 3165 fuse
1695 3095 1884 3188 explicata,
1912 3097 1973 3190 qui
1995 3097 2118 3180 volent
2142 3096 2252 3190 requi·

1270 3222 1345 3266 rere
1359 3209 1540 3286 poterunt:
1564 3199 1608 3267 de
1626 3205 1785 3290 poemate
1802 3199 1890 3288 ipso,
1919 3213 1952 3268 et
1969 3199 2133 3283 utilitate,
2155 3219 2251 3290 quam

1269 3299 1418 3371 studiosi
1446 3299 1528 3366 iude
1552 3324 1674 3390 capere
1698 3300 1852 3390 possint,
1885 3301 2061 3384 breviter,
2096 3317 2198 3392 atque
2220 3311 2254 3370 ut

1270 3403 1424 3496 patietur
1445 3395 1530 3468 haec
1553 3401 1720 3491 temporis
1749 3401 1928 3492 angustia,
1961 3425 2116 3490 ageurus.
2174 3399 2253 3472 Nam

1270 3501 1333 3598 qui
1354 3503 1400 3572 ita
1419 3503 1589 3571 evolvunt
1606 3499 1821 3588 Homerum,
1847 3519 1886 3571 ut
1902 3495 1994 3570 nibil
2012 3495 2096 3571 biuc-
2116 3503 2183 3571 uisi
2200 3527 2255 3570 vo·

1271 3608 1441 3695 luptatem
1466 3620 1657 3690 venentur,
1689 3621 1722 3674 et
1751 3603 1980 3674 sententiolas
2002 3607 2173 3698 quasdam
2200 3625 2254 3672 ceu

1271 3705 1436 3775 flosculos
1459 3701 1542 3774 binc
1565 3706 1647 3775 inde
1672 3705 1851 3788 collectas,
1884 3701 1920 3774 lii
1946 3705 2094 3796 perinde
2121 3707 2255 3786 sariunt,

1273 3821 1311 3880 ut
1326 3808 1354 3876 si
1372 3809 1451 3902 quis
1467 3807 1724 3878 fertilissimum
1740 3831 1862 3897 agrum
1879 3821 2015 3875 tanturn
2033 3809 2145 3876 animi
2163 3829 2254 3876 causa

1274 3911 1383 3993 colat,
1408 3923 1448 3979 ttt
1464 3910 1614 3979 lloribus
1629 3911 1667 3978 in
1682 3936 1722 3979 co
1740 3911 1831 3978 natis
1849 3911 2040 4002 aliqnando
2057 3933 2093 3977 se
2111 3921 2256 3989 coronet,

1276 4015 1471 4094 fructuum,
1497 4037 1585 4105 quus
1610 4014 1692 4080 inde
1706 4013 1903 4080 uberrimos
1926 4011 2104 4102 percipere
2121 4021 2257 4104 poterat,

1275 4139 1395 4184 euram
1427 4113 1531 4205 plane
1561 4115 1731 4204 negligat,
1768 4109 1864 4182 burto
1890 4113 2018 4206 aliquis
2041 4128 2155 4199 recte,
2187 4109 2256 4201 opi·

232 4255 352 4328 gelriae
379 4245 562 4337 turpitudo
596 4238 755 4321 ducitur,
796 4255 865 4326 qua
896 4229 964 4299 nisi
997 4227 1164 4297 vecordes
1189 4237 1224 4294 et
1277 4240 1361 4301 utu,
1379 4239 1611 4286 oeconomum
1633 4241 1756 4308 parum
1779 4219 1987 4306 prudentem
2006 4215 2146 4287 dixerit.
2189 4209 2256 4282 Etsi
2297 4243 2298 4282 τ

232 4361 329 4430 velut
344 4365 460 4422 mente
476 4344 567 4436 eapti
585 4360 757 4422 essemus,
782 4331 874 4404 nibil
893 4331 1046 4414 tristius,
1072 4343 1132 4400 arat
1148 4351 1223 4396 ma·
1276 4319 1369 4387 enirn
1406 4317 1621 4409 voluptatem
1658 4343 1699 4386 ex
1741 4319 1892 4388 lectione
1926 4313 2088 4436 Houteri·
2116 4331 2257 4396 tantam,

233 4463 286 4556 gis
302 4453 507 4548 fugiendum
525 4445 774 4514 indicaremus.
821 4426 1224 4506 interimaliihonores‚
1277 4415 2258 4536 quantamvix-ulloalioexautore,caperelrret,quod
2297 4451 2298 4508 p

234 4565 295 4637 alii
311 4554 530 4630 foedissimas
547 4546 765 4636 voluptates,
792 4540 951 4631 plerique
968 4557 1051 4625 opes
1068 4547 1101 4602 et
1119 4555 1225 4623 pecu-
1279 4537 1404 4592 nanua
1426 4523 1497 4590 lere
1522 4535 1568 4591 tta
1597 4537 1837 4612 comparatum
1859 4534 1928 4603 est,
1961 4533 2001 4590 ut
2028 4545 2107 4587 cum
2132 4539 2257 4633 summa
2297 4561 2298 4622 p

235 4668 331 4738 niam
349 4667 536 4730 sectantur.
587 4641 887 4716 Haecsolabona
912 4637 1044 4726 ingenti
1069 4637 1226 4704 mercede
1278 4625 1447 4703 utilitate,
1480 4645 1614 4691 summa
1642 4648 1681 4692 ac
1704 4647 1784 4691 vera
1811 4625 1972 4714 voluptas
2003 4622 2258 4698 coniunctast,
2297 4647 2298 4726 j

235 4771 405 4842 licentur,
433 4757 540 4824 vitam
563 4764 668 4842 atque
691 4745 863 4822 animam,
889 4756 929 4811 ut
953 4742 1014 4808 ille
1032 4738 1096 4815 ait,
1127 4737 1226 4804 luero
1280 4751 1353 4796 nou
1373 4739 1490 4794 tamen
1509 4749 1547 4794 ea
1571 4725 1755 4816 praecipua
1780 4751 1863 4794 cura
1887 4747 1960 4793 esse
1980 4726 2101 4807 debet,
2135 4725 2193 4794 sed
2215 4732 2259 4788 est
2297 4727 2298 4750 ¹

236 4871 441 4942 vendentes.
476 4855 544 4926 His
558 4849 784 4936 foelicitatem
802 4843 998 4912 metiuntur
1012 4837 1141 4916 miseri,
1165 4837 1226 4928 qui
1280 4829 1348 4898 alia
1371 4827 1485 4895 maior
1510 4843 1543 4898 et
1567 4829 1702 4914 potior,
1737 4851 1880 4918 nempe,
1910 4839 1950 4896 ut
1968 4827 2258 4944 quemadmodum
2297 4841 2298 4850 ’

237 4998 311 5045 non
330 4963 552 5060 expendunt.
580 4971 801 5048 quamsaepe
825 4946 893 5014 levi
917 4956 1096 5013 momento
1115 4940 1228 5006 inloe-
1280 4932 1319 5000 iu
1339 4953 1399 4998 sua
1424 4953 1462 4998 re
1483 4929 1651 4998 familiari
1667 4931 1759 5000 cauti
1777 4927 2044 5020 patresfamilias
2060 4929 2192 5007 solent,
2216 4937 2260 4992 rto

239 5079 289 5147 lix
306 5074 366 5142 illa
385 5063 557 5140 loelicitas
572 5079 645 5124 non
661 5047 877 5138 interpellari
900 5049 1023 5124 modo,
1050 5065 1172 5108 verum
1196 5053 1229 5107 et
1281 5033 1385 5102 initio
1405 5031 1521 5100 statim
1538 5031 1723 5100 nobiscum
1742 5031 1916 5100 rationem
1933 5031 2110 5110 ineamus,
2135 5023 2258 5121 ecquod

263 5199 402 5247 rorsum
425 5163 532 5239 everti
560 5159 687 5227 soleat:
718 5149 847 5220 Docuit.
877 5145 942 5216 boc
966 5145 1095 5214 multos
1125 5163 1229 5231 expe·
1252 5149 1255 5162 '
1282 5157 1408 5226 operae
1431 5133 1588 5224 precium
1619 5133 1755 5202 facuni·
1772 5134 1883 5202 simus
1907 5133 2102 5200 evolvendo
2124 5126 2191 5198 hoc
2213 5125 2262 5193 vel

238 5206 573 5353 ldientiastultorum
590 5257 766 5347 magistra.
819 5251 888 5321 Sed
906 5251 990 5342 quid
1007 5269 1073 5316 nos
1088 5242 1229 5314 interim
1282 5237 1544 5325 illoscriptore.
1596 5232 1703 5322 Quod
1722 5236 1816 5304 idem
1832 5234 1861 5304 si
1877 5235 1915 5303 in
1932 5231 2089 5304 Homero
2103 5229 2261 5346 discendo

242 5384 359 5455 dicere
376 5367 539 5465 oportet?
561 5363 720 5431 videmus
738 5349 805 5423 boc
824 5349 1058 5421 communiter
1075 5346 1231 5416 accidere
1283 5341 1468 5420 iaciemus,
1495 5348 1568 5405 tum
1585 5337 1689 5405 nobis
1706 5338 1820 5406 statim
1837 5361 1873 5405 se
1889 5335 2011 5404 offeret
2029 5335 2185 5403 infinitus
2200 5343 2262 5400 utt-

242 5485 347 5558 rebus
363 5471 517 5566 optimis,
541 5481 581 5537 ut
596 5465 739 5534 eaedem
755 5457 826 5528 siut
842 5450 1171 5543 contemptissimae,
1198 5459 1233 5516 et
1255 5423 1259 5516 i
1285 5443 1426 5512 litatum
1460 5439 1640 5518 eanredus,
1681 5451 1715 5509 et
1742 5439 1838 5510 velut
1872 5431 2067 5533 μυρμηκία
2097 5432 2260 5534 ἀγαθῶν,

342 5764 444 5786 Α.
