4646 5824
98 279 173 356 sot
532 269 692 350 DECL.
725 269 801 346 DE
831 268 1073 346 STUDllS
1106 261 1372 344 LlNGUAli
1408 257 1701 340 GRAECAE.
1968 337 1971 347 ,
2027 365 2029 368 ¹
2060 263 2136 343 862

96 451 221 522 tebras
243 459 438 532 sectamur,
462 445 607 518 interim
628 445 735 516 etiarn
749 443 949 516 doctrinam
960 444 1005 514 de
1026 467 1090 535 pa·
1139 463 1228 534 quos
1252 439 1310 508 vel
1332 461 1432 508 caeca
1455 435 1631 528 cupiditas
1655 457 1735 520 sua,
1767 435 1824 506 vel
1847 459 1948 508 error
1969 460 1987 506 a
2012 449 2133 508 satana

95 566 201 624 terno
217 551 329 644 ipsius
345 569 427 639 erga
441 571 508 619 nos
521 571 658 632 amore,
689 548 735 618 de
749 545 951 618 obedientia
968 559 1088 616 nostra
1138 544 1314 626 obiectus,
1339 540 1396 610 vel
1411 539 1555 631 propria
1579 537 1721 608 malicia
1734 560 1775 608 ac
1793 540 1896 610 furor
1913 553 2131 610 transversos

96 675 180 743 erga
209 655 344 746 ipsum,
377 653 493 743 deque
521 663 665 721 aeterna
690 648 804 720 salute
829 671 871 720 sc
898 647 1088 720 faelicitate
1138 644 1283 736 abripit,
1299 653 1338 712 ut
1351 641 1471 712 omnia
1484 636 1571 712 haec
1581 641 1675 708 dona
1688 640 1810 711 divina
1819 642 1877 712 vel
1892 655 2134 728 contemnant,

95 770 218 828 nostra
232 754 339 828 simul
352 746 672 844 apprehendamus.
1138 747 1196 817 vel
1217 745 1415 834 negligant,
1441 741 1499 812 vel
1519 742 1669 834 superbe
1689 743 1874 814 derideant
1899 743 2023 828 etiarn,
2048 744 2132 813 satis

201 857 320 950 thue
337 877 418 926 cum
439 876 605 924 serenum
625 850 782 934 eoelum,
806 873 888 922 cum
907 847 1088 940 tempesti·
1139 849 1194 918 illi
1210 846 1331 932 miseri
1348 857 1451 926 sunt,
1478 859 1513 916 et
1537 867 1734 934 poenarum
1759 845 1920 915 omnium
1943 845 2132 916 maximam

93 984 182 1030 vum
195 960 367 1036 imbrem,
394 979 474 1026 cum
489 955 628 1039 cibum,
652 977 733 1024 curn
753 964 899 1044 potum,
923 975 1003 1021 eum
1021 950 1087 1020 bo·
1138 950 1324 1020 sustinent.
1372 946 1465 1020 Sunt
1480 947 1575 1016 enim
1588 947 1746 1038 oppressi
1765 947 1946 1032 caecitate,
1972 948 2129 1018 satanico

92 1085 179 1131 nam
197 1058 458 1141 valetudinem,
488 1077 626 1150 pacem,
651 1055 791 1146 aliaque
809 1053 846 1124 id
864 1075 975 1143 genus
992 1052 1086 1120 vitae
1138 1076 1276 1137 errore,
1306 1047 1530 1139 ignoratione
1560 1060 1595 1118 et
1627 1048 1710 1118 odio
1736 1045 1824 1134 Dei,
1859 1063 1965 1142 atque
1988 1061 2131 1120 aeterna

92 1163 290 1254 praesentis
315 1159 500 1230 commoda
530 1158 634 1226 nobis
665 1155 832 1244 largitur:
872 1157 918 1225 ab
937 1149 994 1222 his
1014 1153 1086 1222 ele-
1137 1169 1267 1238 morte,
1293 1151 1423 1245 quibus
1445 1150 1569 1242 poenis
1593 1149 1692 1220 nulla
1716 1173 1762 1218 ne
1782 1153 1874 1243 apud
1900 1153 2033 1222 inferos
2049 1151 2131 1245 qui-

91 1265 224 1334 mentis
246 1262 323 1333 vult
351 1283 417 1330 uos
446 1259 629 1350 progredi,
661 1281 702 1328 ae
725 1256 944 1328 voluntatem
973 1277 1086 1339 suam,
1136 1259 1216 1326 dem
1234 1254 1387 1326 atrocior
1401 1275 1474 1322 csse
1490 1265 1613 1344 potest

90 1363 397 1446 benevolentiam,
439 1361 604 1451 pietatem
637 1373 671 1430 et
708 1357 873 1428 affectum
897 1357 1084 1450 plusquam
1218 1357 1289 1428 Sed
1305 1355 1388 1450 quia
1401 1368 1435 1424 et
1449 1356 1493 1424 de
1509 1353 1588 1424 aliis
1601 1353 1799 1444 disciplinis
1812 1355 2029 1424 mentionem
2045 1354 2131 1423 seci-

90 1481 279 1556 paternum
291 1485 375 1553 erga
391 1485 456 1532 nos
471 1484 670 1552 agnoscere,
693 1472 732 1530 ut
748 1460 879 1528 deinde
895 1471 1084 1530 etaeterna
1137 1483 1234 1544 mus,
1257 1480 1344 1552 quas
1368 1452 1454 1526 haec
1478 1457 1599 1546 lingua
1625 1457 1800 1540 continet,
1827 1459 1871 1526 de
1893 1457 1966 1526 illis
1988 1477 2130 1549 quoque

90 1569 189 1636 hona
209 1569 254 1636 ab
277 1568 354 1656 ipso
383 1585 524 1655 sperare
547 1577 653 1654 atque
684 1573 820 1652 petere,
851 1575 955 1654 atque
979 1560 1083 1630 etiarn
1136 1561 1272 1654 aliquid
1297 1553 1387 1629 mihi
1409 1559 1656 1648 attingendum
1673 1559 1826 1629 videtur.
1877 1555 2042 1628 Diximus
2059 1557 2130 1624 lin-

88 1669 251 1759 accipere
272 1668 458 1738 discamus.
510 1663 561 1735 lta
585 1665 671 1734 dum
698 1656 971 1746 Arithmeticae,
998 1659 1085 1731 Mu·
1136 1685 1241 1754 gnam
1264 1659 1457 1744 Graecam,
1488 1659 1689 1749 magistram
1711 1674 1745 1730 et
1768 1661 1868 1754 quasi
1889 1660 2022 1730 sontem
2047 1681 2130 1744 esso,
2204 1661 2207 1668 “

88 1771 201 1851 sicae,
227 1768 410 1838 doctrinae
426 1769 470 1836 de
493 1767 648 1835 motibus
664 1763 870 1834 coelestium
885 1787 1084 1856 corporum,
1136 1786 1211 1834 non
1228 1776 1366 1834 tautum
1383 1760 1542 1832 coelestis
1561 1761 1761 1848 doctrinae,
1782 1763 1844 1832 sed
1861 1776 1895 1832 et
1911 1763 2130 1855 reliquarum

88 1873 135 1940 de
152 1885 280 1942 natura
296 1893 435 1952 rerum,
461 1865 682 1947 Medicinae,
710 1889 863 1949 morum,
887 1865 1017 1954 legum,
1045 1889 1084 1934 ac
1136 1865 1286 1949 artium,
1312 1877 1353 1934 ut
1368 1857 1706 1954 pulcherrimarum,
1733 1863 1781 1934 ita
1797 1876 1832 1933 et
1848 1859 2130 1934 vitaehumanae

89 1973 293 2043 officiorum
309 1969 479 2054 civilium,
490 1969 710 2061 aliarumque
724 1966 1009 2036 dulcissimarum
1025 1991 1082 2034 ar·
1135 1969 1223 2037 adeo
1238 1965 1528 2049 necessariarum,
1550 1977 1679 2034 utnon
1694 1959 1825 2035 hicaiir
1841 1965 1898 2034 vel
1914 1965 2005 2055 ignis
2020 1965 2130 2056 magis

86 2073 181 2142 tium
196 2072 416 2155 doctrinam,
444 2093 505 2160 per
528 2065 620 2138 hanc
644 2068 749 2138 nobis
772 2069 930 2158 linguam
954 2091 1084 2159 suppe·
1135 2068 1349 2138 necessarius
1375 2067 1432 2136 sit.
1491 2063 1581 2136 Nam
1606 2089 1646 2133 ex
1672 2091 1739 2161 qua
1767 2067 1836 2136 alia
1863 2067 2007 2156 lingua,
2041 2090 2131 2160 quae

86 2175 198 2260 ditat,
229 2175 275 2244 ab
301 2175 420 2242 eadem
448 2194 514 2240 nos
539 2193 683 2264 qunque
705 2171 783 2238 vult
809 2182 926 2262 petere
949 2169 1083 2240 doctri·
1135 2171 1277 2264 quidem
1294 2169 1397 2240 nobis
1412 2179 1496 2236 nota
1511 2189 1585 2236 esse
1596 2180 1721 2258 potest,
1736 2182 1775 2240 tu
1788 2163 1878 2236 mihi
1894 2183 1990 2262 petes
2006 2190 2129 2238 ornnes

85 2279 234 2346 namde
255 2273 408 2344 aeternis
429 2273 502 2342 suis
527 2272 649 2354 bonis,
675 2295 782 2363 quarn
799 2295 870 2340 una
891 2295 972 2341 curn
996 2271 1082 2362 ipsis
1136 2295 1225 2363 pene
1240 2284 1356 2362 partes
1372 2264 1648 2360 Philosophiae?
1686 2269 1788 2358 Quae
1805 2269 1900 2339 enirn
1916 2272 2004 2355 alia,
2030 2283 2071 2340 ut
2085 2271 2130 2339 de

85 2377 195 2446 bonis
221 2375 326 2446 nobis
354 2373 543 2466 praecipue
564 2372 664 2464 cupit
687 2373 873 2463 impertiri.
930 2371 1021 2442 Nam
1042 2388 1082 2444 ut
1134 2369 1192 2442 his
1216 2372 1339 2464 primis
1358 2371 1495 2440 artibus
1509 2371 1653 2440 dicendi
1675 2385 1709 2441 et
1725 2372 1961 2443 ratiocinandi
1985 2373 2055 2442 iarn
2075 2384 2130 2441 ta-

85 2502 171 2548 vere
193 2493 228 2548 et
249 2479 307 2569 pie
328 2477 417 2546 dixit
437 2475 508 2544 ille.
568 2471 676 2544 Nulla
700 2496 800 2542 mens
830 2469 985 2544 humana
1010 2489 1080 2545 tarn
1134 2497 1248 2559 ceam,
1273 2468 1379 2543 habet
1394 2473 1605 2543 eruditiores
1626 2486 1688 2543 aut
1711 2475 1923 2544 illustriores
1941 2475 2130 2566 scriptores

84 2603 193 2649 avara
211 2593 245 2650 et
262 2577 389 2669 cupida
412 2590 613 2668 potestesse
630 2574 826 2666 accipiendi
849 2577 943 2645 bona
961 2599 979 2644 a
998 2575 1082 2660 Deo,
1134 2577 1314 2646 doctrinae
1331 2576 1374 2644 de
1388 2573 1544 2645 motibus
1561 2573 1765 2646 coelestium
1780 2577 1977 2658 luminum,
2003 2580 2047 2645 de
2062 2599 2129 2645 ua·

85 2705 194 2774 quam
211 2681 338 2772 cupida
358 2693 392 2748 et
414 2693 576 2770 prompta
600 2691 651 2748 est
665 2692 791 2746 natura
806 2676 926 2744 divina
950 2679 993 2745 ad
1009 2677 1081 2746 lar·
1134 2691 1212 2747 tura
1234 2701 1374 2762 rerum,
1400 2677 1443 2746 de
1470 2677 1673 2746 valetudine
1694 2703 1883 2770 corporum
1908 2687 2129 2764 nostrorum,

85 2782 269 2870 giendum.
318 2776 410 2849 Cum
426 2780 536 2870 igitur
560 2778 590 2847 is
607 2778 670 2872 qui
694 2777 817 2862 offert,
841 2777 905 2871 qui
920 2779 1003 2847 dare
1018 2803 1081 2848 cu-
1133 2804 1172 2848 ac
1186 2778 1352 2848 remediis
1369 2777 1601 2848 morborum?

85 2883 138 2974 pit
159 2881 389 2966 effusissime,
415 2881 614 2976 etquidem
640 2879 780 2950 infinita
801 2879 916 2964 hona,
942 2894 1079 2972 praesto
1234 2877 1288 2949 Ex
1311 2905 1380 2974 qua
1398 2879 1466 2948 alia
1493 2874 1676 2949 historiam
1700 2878 1931 2968 imperiorum
1958 2893 1993 2950 et
2009 2903 2129 2950 rerum

84 2985 198 3070 adsit,
224 2999 258 3055 et
274 2997 315 3053 ut
327 2982 551 3074 accipiamus,
579 2977 759 3066 hortetur,
787 2980 927 3068 invitet,
953 2983 1080 3054 obtru-
1133 2996 1307 3074 gestarum
1325 2981 1431 3052 totius
1445 2979 1574 3051 mundi
1589 2980 1772 3072 petemus?
1800 2979 1860 3050 An
1873 3005 1947 3052 non
1963 2981 2129 3068 infantes,

83 3087 144 3155 dat
160 3086 315 3178 denique
330 3083 433 3154 nobis
449 3108 511 3153 sua
526 3085 636 3152 dona:
663 3096 794 3176 quanta
808 3083 918 3155 luerit
933 3085 1079 3156 caecitas
1132 3109 1179 3154 an
1195 3108 1269 3154 uon
1285 3083 1384 3154 velut
1398 3085 1436 3152 in
1453 3085 1561 3153 densa
1578 3081 1728 3172 caligine
1742 3105 1861 3152 rerum
1878 3083 2012 3153 versari
2028 3085 2130 3154 vide-

83 3200 226 3272 nostra,
251 3199 385 3280 quanta
406 3185 642 3274 ingratitudo,
669 3185 881 3279 quantisque
896 3207 935 3254 ea
957 3188 1080 3276 poenis
1132 3187 1274 3271 bimur,
1297 3187 1328 3255 si
1345 3180 1411 3256 hac
1427 3185 1507 3255 luce
1521 3183 1778 3257 destituamur?
1814 3181 1887 3255 Ubi
1903 3185 1998 3254 enim
2015 3181 2129 3256 histo*-

82 3287 321 3358 inlernalibus
333 3286 453 3376 digna,
470 3286 501 3356 si
517 3281 613 3355 hunc
627 3296 778 3368 tantum,
794 3299 866 3356 tarn
883 3287 1096 3376 benignum.
1130 3287 1183 3358 ria
1199 3309 1378 3357 sacrorum
1394 3287 1569 3357 librorum
1584 3284 1728 3371 desinit,
1753 3285 1807 3356 ibi
1824 3283 1963 3357 Graeca
1979 3283 2129 3358 historia

81 3414 123 3458 ac
154 3389 362 3459 munificum
397 3389 574 3471 datorem,
613 3411 695 3456 cum
725 3387 798 3458 suis
831 3387 940 3460 tantis
973 3390 1079 3460 donis
1131 3388 1276 3480 incipit,
1309 3403 1343 3459 et
1366 3388 1551 3458 manifeste
1580 3389 1743 3479 adparet,
1774 3387 1947 3477 singulari
1976 3387 2127 3460 consilio

81 3489 316 3582 respuamus?
1131 3490 1254 3560 divino
1274 3489 1323 3560 ita
1339 3505 1581 3582 comparatum
1596 3511 1683 3573 esse,
1708 3512 1754 3558 ne
1770 3490 1906 3560 deesset
1921 3492 2042 3579 generi
2057 3486 2127 3562 hu-

186 3589 257 3663 Sed
279 3613 354 3660 non
371 3591 432 3660 dat
448 3590 509 3659 ille
533 3588 739 3658 nolentibus
758 3613 799 3660 ac
822 3592 1078 3674 recusantibus,
1129 3615 1235 3662 mano
1252 3591 1422 3662 continua
1438 3586 1586 3661 historia
1602 3589 1873 3682 praecipuarum
1888 3615 2018 3677 rerum,
2042 3594 2126 3664 inde

70 3717 158 3772 ¹nun
174 3695 235 3763 dat
251 3693 554 3784 contemptoribus
577 3714 724 3760 suorum
741 3691 1010 3764 beneficiorum:
1036 3709 1077 3766 ut
1129 3717 1241 3788 usque
1268 3693 1313 3764 ab
1340 3693 1444 3763 initio
1478 3693 1623 3776 mundi,
1661 3695 1757 3762 unde
1789 3692 1893 3761 etiarn
1930 3694 2126 3784 primordia

79 3795 191 3884 igitur
210 3794 443 3886 accipiamus,
476 3817 604 3886 cupere
629 3816 695 3862 nos
724 3807 758 3864 et
782 3808 900 3886 petere
925 3811 1076 3888 oportet.
1128 3820 1168 3867 ac
1197 3796 1312 3866 fontes
1338 3793 1650 3884 verae-religionis
1677 3793 1882 3884 investigari
1910 3819 1949 3865 ac
1975 3797 2125 3888 perspici

78 3893 129 3968 Et
150 3908 286 3989 quanto
313 3895 453 3964 avidius
474 3895 674 3986 cupiemus,
707 3909 841 3988 quanto
868 3897 1077 3989 impmbius,
1128 3912 1285 3990 possent.

79 3999 155 4067 imo
180 4017 264 4066 vero
286 4011 422 4089 quanto
445 3994 686 4088 importunius
716 3997 944 4084 instabimus,
976 4015 1074 4072 tanto
1228 3997 1325 4069 Haec
1348 3999 1448 4069 nulla
1472 3999 1540 4068 alia
1565 3998 1687 4088 lingua
1708 3996 1928 4088 suppeditat:
1955 4024 2037 4069 nam
2062 4003 2125 4095 qui

77 4097 221 4191 plenius
236 4099 299 4167 ille
320 4098 414 4167 bona
430 4119 493 4167 sua
509 4098 546 4166 iu
562 4121 628 4168 nos
646 4097 815 4170 effundet.
867 4099 973 4172 Tunc
988 4127 1073 4172 vero
1126 4125 1168 4170 ex
1183 4099 1358 4172 Romanis
1379 4102 1581 4170 uberrimus
1596 4115 1667 4186 est,
1696 4097 1841 4184 Livius,
1868 4101 1897 4168 is
1919 4101 2027 4172 unius
2043 4117 2125 4174 tan-

77 4223 208 4292 enpere
240 4221 305 4268 nos
340 4199 597 4284 indicabimus,
636 4223 717 4268 curn
753 4201 938 4272 coelestem
973 4204 1074 4274 verbi
1126 4217 1201 4273 turn
1225 4203 1339 4288 gentis
1360 4199 1545 4274 historiam
1575 4201 1761 4294 pertexuit.
1822 4202 1965 4274 Caeteri
1994 4206 2123 4297 partim

77 4303 191 4394 ipsius
209 4300 425 4385 doctrinam,
452 4325 541 4396 quae
556 4300 717 4370 omniurn
740 4296 870 4372 horum
893 4304 1071 4376 bonorum
1126 4304 1264 4383 mutili,
1309 4305 1438 4396 partim
1480 4305 1584 4374 etiarn
1628 4302 1763 4374 indocti
1805 4303 1990 4398 ineptique
2028 4321 2124 4382 sunt.

75 4405 224 4474 rrnicum
241 4425 335 4492 penu
349 4417 419 4488 est,
445 4403 623 4483 sitiemus,
649 4425 728 4472 cum
749 4427 824 4473 eam
841 4406 916 4476 dies
933 4421 1071 4479 noctes·
1126 4404 1260 4495 Quanti
1276 4432 1359 4476 vero
1375 4409 1513 4491 referat,
1536 4407 1641 4478 etiarn
1659 4409 1703 4477 ad
1720 4418 1812 4476 recte
1828 4407 2062 4480 iudicandum
2079 4413 2123 4480 de

75 4529 146 4600 que
169 4503 439 4587 meditabimur,
464 4505 502 4572 in
525 4527 636 4597 eaque
660 4517 814 4575 mentem
830 4531 871 4577 ac
887 4509 1072 4600 cogitatio·
1124 4531 1208 4578 sana
1224 4510 1386 4581 doctrina
1399 4509 1601 4598 religionis,
1626 4512 1671 4578 ad
1686 4508 1918 4580 erudiendam
1935 4524 1970 4580 et
1991 4513 2122 4581 confir-

75 4631 158 4676 nem
176 4606 306 4695 iugiter
321 4605 580 4698 pervolvemus.
1124 4612 1290 4681 mandam
1306 4612 1575 4692 conscientiam,
1603 4611 1781 4699 integrum
1804 4633 1936 4703 corpus
1952 4607 2121 4684 historiae

176 4705 295 4802 Atque
313 4719 354 4778 ut
374 4707 411 4776 id
433 4720 526 4777 recte
549 4732 589 4778 ac
612 4710 797 4780 commode
818 4710 933 4781 lacere
955 4715 1069 4804 possi·
1123 4714 1248 4783 mnndi
1268 4717 1316 4785 ob
1336 4715 1459 4784 oculos
1482 4707 1630 4784 habere:
1668 4715 1703 4783 id
1728 4711 1782 4780 illi
1809 4726 1965 4794 norunt,
1993 4715 2055 4809 qui
2081 4715 2120 4786 in

74 4833 174 4889 snus,
207 4809 422 4900 cognitionis
448 4809 525 4878 eius
549 4811 709 4901 linguae,
742 4835 812 4904 qua
840 4836 880 4883 ea
908 4815 1069 4888 doctrina
1121 4816 1339 4907 explicandis
1356 4815 1431 4885 eius
1452 4816 1634 4886 doctrinae
1650 4815 1901 4886 controversiis
1921 4821 2144 4890 versantur.'

73 4911 244 4996 traditur,
273 4911 382 4982 nobis
403 4935 494 5003 opus
517 4912 597 4986 erit.
648 4911 739 4982 Nam
761 4913 792 4982 si
811 4913 875 4984 lilii
893 4915 943 5007 pii
963 4932 1069 5011 atque
1120 4915 1224 4989 Certe
1245 4917 1381 5009 ingenti
1403 4919 1481 4988 luce
1503 4918 1541 4985 in
1561 4918 1730 4987 omnibus
1752 4917 1859 4988 rebus
1874 4918 2119 4990 diiudicandis

72 5033 154 5103 erga
184 5026 319 5104 patrem
349 5008 544 5112 siimopyos
574 5016 724 5100 erimus,
757 5039 885 5108 nempe
909 5019 1066 5110 linguam
1119 5021 1369 5107 destituamur,
1395 5015 1504 5090 sihnc
1523 5020 1746 5114 antiquitatis
1767 5019 1897 5088 noticia
1922 5044 2118 5096 careamus.

70 5113 284 5206 pientissimi
302 5113 458 5205 parentis
474 5116 607 5186 discere
621 5129 726 5211 atque
741 5117 847 5189 etiarn
863 5119 1007 5206 imitari,
1032 5136 1067 5193 et
1118 5136 1158 5192 ut
1180 5135 1330 5205 taceam,
1357 5124 1453 5217 quod
1473 5123 1543 5191 vita
1572 5116 1725 5192 humana
1749 5121 1785 5188 iu
1806 5121 2012 5192 universum
2037 5124 2115 5193 sine

71 5216 269 5308 exprimere
285 5216 516 5288 studebimus.
1118 5225 1319 5312 cognitione
1336 5221 1517 5310 historiae,
1543 5225 1641 5294 aliud
1658 5219 1751 5294 nihil
1766 5236 1827 5305 est,
1854 5247 1972 5317 quam,
1998 5239 2038 5296 nt
2051 5226 2113 5296 ille

173 5313 353 5390 Prolisior
376 5318 447 5401 lui,
473 5343 579 5412 quam
598 5321 780 5407 volebam,
805 5321 845 5390 in
870 5345 973 5392 causa
995 5325 1066 5393 mi·
1116 5326 1184 5406 ait,
1211 5324 1386 5418 Perpetua
1403 5329 1575 5421 quaedam
1594 5327 1765 5419 pueritia,
1792 5323 1965 5396 imovero
1987 5352 2112 5420 perpe

69 5419 168 5490 nime
184 5421 309 5492 dubia:
337 5420 504 5516 usquein
518 5422 715 5514 praesentia
729 5447 810 5494 cum
824 5423 897 5496 illis
909 5425 1065 5514 rirabor,
1114 5443 1173 5500 tua
1188 5429 1301 5520 caligo
1316 5454 1356 5500 ac
1369 5431 1529 5503 caecitas.
