4704 5826
195 257 271 344 sas
674 248 1751 378 ononnuuarrmaneeuuonoan.
1964 362 1967 368 Ι
2094 259 2243 334 aaa
2345 282 2346 285 κ

198 465 279 514 eum
307 450 363 512 re‘s
393 435 543 508 maiores
572 425 802 523 etEuropae
834 430 996 502 utiliores
1023 431 1192 504 adversus
1262 522 1267 530 Ι
1346 427 1547 504 Productus
1568 445 1620 504 est
1641 430 1829 506 Ladislaus
1856 429 1896 504 in
1923 445 2019 505 veste
2050 455 2246 527 purpurea,

60 533 66 560 ¹
126 579 128 590 ·
201 543 339 618 Turres
354 539 470 631 gessit.
1070 603 1077 618 ,
1244 532 1302 604 cui
1316 533 1489 604 intertum
1504 547 1580 604 erat
1594 557 1741 622 aurum,
1768 536 1901 606 donata
1924 559 1946 608 a
1968 558 2069 628 rege,
2086 547 2138 608 ·et
2154 535 2247 626 liga-

304 641 377 714 Nec
402 639 514 710 deluit
536 647 653 708 tantae
678 635 801 706 virtuti
825 649 859 708 et
883 635 1017 726 gloriae
1044 634 1192 716 invidia,
1245 649 1301 705 tae
1316 647 1400 704 sunt
1415 635 1455 704 in
1469 647 1607 726 tergum
1625 657 1771 722 manus,
1795 649 1831 708 et
1852 637 1948 708 inter
1964 651 2046 708 vota
2061 634 2246 708 adDeum

204 747 288 842 quia
303 745 397 814 enim
412 742 452 810 in
468 735 534 810 hac
549 751 697 808 naturae
714 730 890 807 humanae
908 737 1112 808 infirmitate
1126 739 1193 806 ob-
1245 736 1483 829 procumbens
1508 737 1547 806 in
1570 760 1703 828 genua,
1728 739 1814 810 lorti
1829 739 1950 809 animo
1972 753 2086 810 erecta
2106 739 2247 810 cervice

83 891 86 898 ·
204 846 339 918 scurari
359 867 396 914 se
418 841 527 913 unius
542 837 692 910 alicuius
710 839 924 928 praestantia
940 838 1046 909 multi
1060 839 1195 924 dolent,
1246 849 1403 932 expectat
1423 849 1588 911 mortem.
1638 837 1693 910 lbi
1718 863 1799 912 cum
1820 853 1875 912 ter
1896 865 1915 912 a
1938 841 2066 912 lictore
2090 839 2184 914 ictus
2208 855 2245 909 et

204 945 444 1020 excellentiam
462 943 614 1012 alienam
634 946 809 1034 premere,
817 955 1003 1015 conantur.
1052 939 1195 1032 Singuli
1246 937 1454 1010 vulneratus
1472 953 1580 1026 esset,
1604 953 1640 1012 et
1653 965 1788 1033 pronus
1804 941 1843 1011 in
1859 955 1989 1014 terram
2006 942 2128 1035 lapsus
2143 955 2247 1026 esset,

121 1133 131 1140 ,
206 1051 308 1122 enim.
327 1071 401 1119 sese
421 1057 559 1128 amant,
585 1067 659 1112 sese
680 1065 827 1132 magnos
851 1067 925 1114 esse
951 1043 1109 1133 conspici
1131 1067 1196 1112 vo·-
1247 1053 1504 1112 rursustamen
1524 1063 1597 1112 sese
1617 1067 1820 1137 quanquam
1838 1043 1967 1134 ligatus
1984 1059 2019 1116 et
2036 1046 2247 1116 vulneratus

179 1227 182 1236 ,
204 1155 298 1224 lunt.
351 1147 472 1241 ltaque
489 1145 592 1216 multi
610 1157 645 1214 et
659 1143 824 1233 dignitati
844 1157 878 1216 et
900 1145 991 1215 vitae
1008 1141 1197 1214 Huniadae
1248 1143 1376 1228 erexit,
1402 1156 1436 1214 ct
1449 1143 1542 1214 clara
1559 1167 1643 1214 voce
1659 1143 1773 1216 Deum
1789 1145 1950 1232 invocat,
1973 1161 2008 1218 et
2024 1169 2106 1218 enm
2119 1159 2247 1218 testem

207 1249 367 1326 insidiati
389 1261 484 1320 sunt.
538 1243 608 1316 Sed
629 1243 1009 1318 Deuseumtexitnon
1027 1245 1198 1324 salumin
1250 1267 1332 1314 suae
1347 1245 1572 1316 innocentiae
1586 1268 1659 1316 esse
1681 1246 1810 1339 inquit.
1854 1245 1994 1336 Quarto
2009 1249 2154 1318 tandem
2171 1247 2249 1316 ictu

207 1359 300 1440 acie,
326 1353 387 1422 sed
405 1352 509 1421 etiam
525 1349 694 1419 adversus
708 1371 895 1438 procerum
911 1363 946 1419 et
962 1349 1198 1419 calumniato-
1250 1359 1354 1436 caput
1370 1347 1404 1416 ci
1419 1347 1646 1437 praeciditur.
1696 1345 1814 1420 Multa
1835 1361 1919 1420 sunt
1941 1349 1980 1420 in
1996 1345 2250 1439 hocexemplo

207 1483 288 1529 rum
311 1453 476 1536 insidias,
510 1464 545 1522 et
568 1449 636 1540 ipsi
656 1463 734 1539 post
751 1449 932 1540 repulsum
949 1443 1198 1520 Mahometum
1251 1446 1358 1538 digna
1377 1463 1412 1519 et
1432 1448 1715 1520 consideratione
1737 1464 1773 1520 et
1789 1451 2054 1542 deplanatione,
2082 1452 2252 1520 videmus

208 1583 229 1630 a
262 1555 438 1646 Belgrado
472 1549 653 1622 continuis
687 1549 831 1642 praeliis
866 1553 1018 1622 duorum
1048 1551 1200 1636 dierum,
1252 1543 1310 1618 hic
1328 1549 1479 1618 deletam
1503 1573 1577 1618 esse
1600 1550 1808 1620 memoriam
1831 1553 2085 1624 beneficiorum
2102 1550 2253 1621 Eunia-

208 1659 336 1730 victnri
351 1655 540 1744 defatigato
557 1649 800 1742 magnitudine
816 1653 993 1734 laborum,
1019 1675 1200 1723 commen·
1252 1651 1318 1720 dae
1333 1651 1461 1742 patris,
1488 1675 1568 1721 cum
1591 1665 1688 1722 tanta
1710 1653 1898 1724 crudelitas
1913 1655 1952 1722 in
1970 1655 2083 1726 filium
2096 1657 2255 1748 {exercr-

209 1762 309 1834 danti
324 1781 399 1830 sese
413 1771 449 1828 et
465 1755 613 1847 patriam
630 1753 698 1845 piis
712 1753 968 1826 votisDomino
987 1768 1109 1824 nostro
1122 1753 1200 1824 lesu
1253 1765 1322 1822 tur.
1385 1750 1558 1823 Fortassis
1582 1766 1617 1824 et
1637 1753 1840 1824 adolescens
1861 1769 2007 1848 propter
2028 1756 2136 1848 patris
2167 1755 2254 1846 glo-

208 1859 371 1947 Christo,
396 1871 433 1930 et
445 1852 650 1928 adhortanti
669 1855 762 1925 filios
777 1855 839 1950 qui
853 1857 1002 1927 aderant
1014 1855 1202 1942 morituro,
1251 1854 1342 1922 riam
1358 1851 1665 1924 iuit'insolentior.
1715 1852 1838 1948 ltaque
1855 1859 2078 1949 propositum
2098 1871 2150 1928 est
2166 1879 2257 1926 cae-
2346 1889 2347 1950 a

210 1969 256 2038 ad
271 1965 458 2045 virtutem,
483 1958 582 2028 dedit
596 1956 728 2028 exitum
742 1955 921 2048 placidum
940 1972 974 2029 et
993 1957 1201 2047 gloriosum,
1247 1954 1338 2044 teris
1367 1957 1582 2048 exemplum,
1617 1969 1657 2027 ut
1679 1955 1845 2028 fortunae
1869 1960 2142 2030 inconstantiam
2168 1981 2257 2028 me·

211 2063 320 2140 Anno
339 2063 447 2138 14⁶6.
474 2059 612 2149 Quarto
631 2055 715 2127 ldus
730 2057 960 2150 Septembris.
1252 2070 1392 2127 tuentes
1406 2057 1517 2126 simus
1532 2058 1775 2133 modestiores.

314 2167 358 2238 lu
372 2189 414 2238 eo
429 2162 562 2256 praelio
577 2152 805 2230 Malaornetus
819 2174 960 2253 accepto
976 2160 1124 2231 volnere
1146 2181 1202 2230 se-
1355 2154 1481 2228 Postea
1494 2183 1575 2230 cum
1589 2157 1808 2251 rexPragam
1825 2161 2115 2254 proficisceretur,
2136 2161 2258 2232 simul
2346 2171 2347 2246 t

213 2269 393 2346 mianimis
415 2291 456 2338 er
479 2263 554 2336 acie
575 2285 597 2332 a
619 2260 694 2332 suis
715 2274 888 2351 gestatus,
922 2284 1003 2333 cnm
1029 2261 1203 2332 amisisset
1254 2283 1297 2330 eo
1314 2254 1505 2330 Matthiam
1521 2259 1687 2347 abducit,
1711 2287 1758 2332 ue
1773 2261 1954 2334 Pannonii
1974 2265 2050 2334 eius
2066 2263 2258 2335 liberandi
2346 2255 2347 2348 i

213 2373 355 2448 circiter
378 2364 611 2463 quadraginta
633 2363 747 2434 millia
768 2363 923 2435 militum
950 2375 986 2434 et
1008 2358 1202 2449 machinas,
1255 2381 1379 2444 causa,
1403 2361 1433 2431 si
1448 2364 1543 2453 apud
1562 2363 1656 2453 ipsos
1671 2364 1953 2458 relinqueretur,
1978 2365 2148 2438 tumultus
2160 2389 2260 2434 mo-

212 2475 353 2565 iugiens
368 2470 477 2540 vitam
495 2463 656 2536 retinuit.
706 2462 780 2534 Nec
796 2477 913 2534 umen
928 2465 1095 2536 odiorum
1117 2487 1202 2536 crn-
1254 2475 1390 2534 serent.
1425 2460 1499 2532 lam
1514 2485 1639 2550 rursus
1653 2465 1817 2536 fortunae
1834 2467 2133 2542 viresconsidera.
2161 2465 2259 2540 Rex

213 2578 339 2650 delites
363 2572 403 2640 in
425 2567 572 2640 aemulis
597 2566 735 2656 placata
754 2577 825 2650 est,
850 2566 907 2636 vel
928 2565 1035 2636 tantis
1058 2565 1204 2652 meritis,
1255 2561 1518 2650 nobilissimus,
1557 2565 1658 2636 euius
1685 2581 1720 2636 et
1743 2568 1882 2640 indoles
1906 2571 1951 2640 ad
1974 2570 2140 2640 virtutem
2167 2582 2261 2639 erat

214 2681 271 2752 sel
287 2673 434 2746 interitu
450 2667 649 2740 Huuiadae.
700 2665 773 2738 Sed
783 2657 904 2759 'erupit
923 2667 1106 2762 aliquanto
1125 2682 1205 2760 post
1250 2663 1447 2750 'excellens,
1479 2679 1513 2735 et
1532 2687 1649 2737 mores
1670 2662 1828 2755 honesti,
1860 2695 2037 2766 quemque
2058 2672 2262 2764 sperabant

215 2785 254 2854 ᾗ,
267 2777 371 2852 filios,
1256 2765 1388 2837 multae
1401 2779 1523 2855 gentes
1538 2768 1713 2858 praesidio
1731 2771 1807 2842 iore
1821 2775 1888 2844 toti
1903 2769 2089 2866 Europae,
2110 2774 2148 2842 is
2163 2775 2258 2864 ipso
2293 2845 2296 2848 .

228 2949 234 2962 ,
315 2876 443 2950 &mes
459 2867 1128 2962 CitiaeutpatriHuniadaestmrerat
1147 2869 1205 2940 in-
1256 2867 1615 2941 floreadolescentiae
1631 2871 1668 2941 in
1684 2872 1893 2966 urbePraga
1908 2877 2154 2949 extinctusest.
2190 2874 2261 2944 lbi
2346 2893 2347 2908 ³

215 2983 344 3064 sidias,
368 2977 418 3050 ita
431 2974 522 3044 lilios
538 2971 645 3043 etiam
660 2969 866 3042 Ladislaum
888 2985 926 3043 et
937 2967 1129 3042 Matthiam
1146 2996 1205 3042 ca-
1257 2991 1341 3060 cum
1354 2963 1508 3038 Bohemi
1529 2993 1613 3042 snae
1633 2974 1749 3060 gentis
1767 2976 1884 3046 virum
1902 2975 2097 3068 Georgium
2120 2977 2262 3065 elegis-

127 3139 130 3146 .
215 3081 365 3158 lumniis
393 3095 580 3168 oppressos
602 3072 735 3142 tollere
764 3087 922 3146 conatur.
984 3069 1205 3144 Criminatur
1257 3083 1336 3140 sent
1364 3091 1503 3160 regem,
1538 3068 1728 3146 Matthiam
1753 3077 1783 3146 is
1806 3079 1936 3152 retinet
1955 3091 2123 3173 tanquam
2147 3079 2263 3148 obsi·
2346 3151 2347 3186 ,

215 3183 439 3262 Ladislaum,
464 3177 656 3268 quodcum
677 3195 797 3263 regem
819 3187 855 3244 et
876 3187 1010 3264 partem
1034 3175 1205 3246 exereitus
1256 3175 1356 3256 dem,
1382 3186 1422 3242 ut
1437 3183 1577 3244 ostensa
1594 3197 1654 3266 spe
1668 3175 1844 3250 liberandi
1859 3181 2115 3258 adolescentis,
2138 3178 2261 3252 Hun-

198 3292 256 3372 Δἱιι
279 3307 395 3358 arcem
419 3275 532 3351 Albae
555 3273 771 3356 admisisset,
809 3288 962 3348 caeteros
991 3276 1204 3367 exclusisset,
1256 3292 1423 3363 garorum
1462 3275 1530 3344 sibi
1571 3279 1772 3352 voluntates
1812 3281 2031 3373 adiungeret.
2104 3281 2258 3355 interea
2346 3313 2347 3346 a

217 3389 406 3488 pollicetur
430 3379 643 3476 quibusdam
666 3401 729 3468 per
760 3375 879 3448 literas
910 3377 1021 3468 capita
1051 3379 1202 3449 duorum
1256 3375 1454 3444 avunculus
1480 3373 1655 3450 Matthiae
1688 3382 1726 3450 iu
1762 3381 1978 3454 Pannonicis
2011 3386 2259 3455 conventibus
2346 3347 2347 3436 i

216 3493 373 3564 liliorum
386 3481 588 3554 Huniadae.
637 3475 705 3550 His
723 3477 836 3549 literis
857 3478 1003 3572 prolatis
1018 3477 1205 3550 Ladislaus
1256 3499 1331 3544 non
1361 3471 1429 3546 hoc
1460 3477 1574 3550 soleam
1606 3481 1697 3570 agit,
1736 3498 1777 3554 ut
1808 3501 2012 3577 reposcatur
2042 3488 2260 3558 adolescens
2346 3523 2347 3552 a

128 3605 131 3608 ’
216 3589 351 3666 accedit
372 3583 574 3664 Cilianum,
613 3594 653 3650 ut
674 3603 795 3651 coram
826 3603 907 3652 cum
931 3605 973 3650 eo
999 3581 1204 3671 expostulet.
1256 3577 1435 3668 captivus,
1475 3583 1535 3648 sed
1565 3583 1671 3652 etiarn
1705 3601 1743 3657 ut
1773 3609 1833 3656 res
1856 3585 2061 3678 Hungariae
2085 3589 2258 3676 eligatur.

218 3691 332 3766 Aiunt
348 3683 530 3760 Cilianum
550 3681 704 3772 priorem
722 3683 879 3773 rapuisse
894 3681 1052 3773 gladium
1073 3706 1114 3752 er
1128 3707 1203 3753 ma·
1257 3675 1379 3772 ltaque
1404 3679 1576 3752 divinitus
1599 3709 1727 3776 magno
1748 3711 1922 3758 consensu
1946 3713 2130 3781 procerum
2147 3689 2258 3763 Mat-

202 3785 326 3867 ¹nibus
346 3788 493 3874 artemis
513 3782 691 3868 satellitis,
716 3808 756 3852 ac
779 3783 850 3854 iam
870 3783 1072 3868 ferientem,
1095 3781 1205 3854 aba·
1256 3776 1348 3850 tisias
1372 3803 1432 3850 rer
1449 3779 1659 3870 Hungariae'
1672 3787 1804 3860 electus
1827 3803 1897 3876 est,
1931 3803 1966 3862 et
1981 3793 2176 3866 missisunt
2191 3795 2256 3864 le-

218 3897 353 3972 dislao,
391 3889 454 3983 qui
476 3907 597 3966 causa,
638 3883 882 3974 magnitudine
903 3883 1034 3984 animi,
1067 3886 1204 3971 robore,
1256 3881 1521 3972 gatiadregem
1537 3882 1772 3960 Bnhemicum
1783 3891 2001 3984 Georgium,
2031 3897 2092 3987 qui
2109 3897 2254 3967 dimitti

217 4021 286 4072 usu
301 3991 450 4066 militiae
464 3989 568 4076 longe
582 3985 824 4070 antecellebat,
842 3985 1022 4077 repulsum
1037 3999 1071 4059 et
1084 4001 1204 4077 postea
1257 3997 1528 4076 competerent.
1580 3984 1774 4062 Laudanda
1793 3995 2007 4065 estomnino
2024 3995 2169 4088 Georgii
2188 4001 2254 4068 iu-

218 4099 520 4172 coniossumesse.
572 4085 658 4156 Mox
675 4089 720 4156 ad
734 4109 849 4177 regem
867 4087 1000 4159 aceedit
1020 4085 1204 4160 Ladislaus
1256 4087 1354 4185 sticia
1380 4097 1416 4156 et
1438 4090 1647 4178 prudentia,
1684 4105 1718 4163 et
1745 4097 1840 4188 quod
1860 4097 2115 4168 adolescentem
2138 4125 2253 4194 quem

216 4225 296 4274 cum
312 4195 391 4270 aliis
405 4191 528 4264 multis
541 4187 755 4281 proceribus,
772 4202 806 4260 et
819 4189 901 4260 baeti
914 4213 1035 4260 causas
1048 4191 1203 4282 exponit.
1256 4187 1397 4258 ridebat
1418 4189 1461 4256 ad
1488 4211 1634 4279 regnum
1658 4197 1794 4280 vocari,
1819 4199 1916 4290 quod
1938 4199 2149 4290 adpetebant
2169 4202 2251 4290 alii,

199 4297 424 4376 ‘Dissimulat
449 4317 510 4364 rex
535 4291 694 4360 dolorem
717 4291 870 4376 stiram,
896 4291 986 4362 etin
1007 4291 1202 4384 praesentia
1256 4311 1329 4358 raon
1352 4290 1511 4374 sustulit,
1537 4305 1570 4362 et
1585 4297 1680 4386 qssod
1697 4296 1853 4368 suturam
1869 4300 1946 4369 eius
1962 4303 2249 4392 magnitudinem

216 4402 347 4498 petenti
366 4393 541 4490 promittit
556 4392 658 4461 iidem
676 4392 866 4481 publicam.
904 4389 1030 4463 Postea
1044 4405 1077 4462 et
1093 4407 1204 4466 mater
1256 4391 1490 4482 prospiciens,
1528 4391 1576 4462 ita
1599 4418 1679 4464 eum
1702 4397 1855 4486 dimisit,
1889 4416 1929 4473 ut
1951 4403 2076 4474 foedus
2098 4429 2177 4476 cum
2201 4431 2247 4478 eo

33 4497 37 4506 ’
154 4539 156 4546 ’
215 4509 256 4578 lit
289 4501 363 4592 regi
401 4496 567 4589 supplex,
609 4495 703 4583 apud
737 4517 841 4587 quam
869 4493 1032 4564 adfirmat
1063 4495 1137 4565 lilio
1166 4519 1202 4564 se
1255 4505 1464 4584 perpetuum
1480 4493 1629 4580 faceret,
1654 4511 1689 4568 et
1705 4497 1813 4570 filiam
1831 4501 1863 4574 ei
1879 4527 2025 4574 uxorem
2038 4509 2150 4581 daret.
2191 4503 2248 4579 lte

211 4611 404 4700 ignoscere,
428 4611 464 4670 et
476 4595 693 4666 oblivionem
711 4593 792 4664 lacti
807 4607 842 4665 et
856 4589 1067 4688 ἀμνηστίαν
1079 4593 1203 4683 sancit,
1254 4617 1295 4662 ex
1318 4615 1456 4664 carcere
1481 4597 1524 4663 sd
1545 4620 1695 4688 regnum
1712 4599 1885 4675 Matthias
1906 4609 2053 4678 eductus
2070 4624 2142 4691 est,
2168 4633 2246 4680 non

211 4705 436 4782 donatetiasn
447 4697 608 4770 ladislao
623 4709 988 4787 purpureamsestem,
1002 4697 1060 4767 cui
1075 4723 1200 4768 ararum
1254 4719 1316 4786 per
1336 4695 1548 4766 seditionem
1571 4713 1605 4770 et
1622 4700 1761 4774 civilem
1781 4727 1963 4791 cruorem,
1977 4711 2049 4778 sed
2071 4710 2247 4800 singulari

212 4826 286 4884 erat
315 4809 501 4880 intextum.
561 4797 629 4870 Sed
654 4799 864 4867 malesarta
889 4801 1001 4888 gratia
1026 4825 1100 4870 raon
1132 4801 1200 4872 luit
1252 4797 1402 4868 consilio
1416 4795 1505 4880 Dei,
1533 4823 1659 4893 magno
1677 4807 1839 4879 omnium
1860 4809 2064 4902 principum
2089 4825 2124 4883 et
2145 4813 2246 4883 ordi-

210 4915 398 4992 dinturna,
436 4917 470 4976 et
494 4901 598 4971 novis
620 4898 806 4968 calumniis
831 4913 945 4969 vetera
973 4901 1119 4971 vulnera
1144 4925 1199 4971 re·
1251 4923 1337 4970 num
1355 4923 1540 4971 consensu.
2168 4899 2170 4907 '

87 5021 88 5026 ’
209 5014 475 5102 scindebantur.
541 5002 626 5072 ldeo
648 5001 829 5094 aliquanto
854 5018 931 5092 post
957 5001 1142 5074 Ladislaus
1165 5005 1221 5075 et
1351 4995 1536 5072 Exercitus
1551 5027 1630 5076 eum
1643 5003 1868 5095 Hrrngaricns
1884 5013 2076 5084 adductum
2095 5014 2246 5108 Georgii

208 5103 379 5188 Matthias
408 5135 488 5180 cum
519 5103 641 5175 amicis
673 5103 810 5196 aliquot
837 5103 1073 5176 familiaribus
1102 5108 1195 5199 capti
1249 5103 1417 5173 comitatu
1444 5107 1488 5172 ad
1511 5117 1701 5174 extremam
1725 5111 1825 5198 regni
1841 5109 2027 5184 Bohemici
2050 5141 2172 5203 oram,
2199 5125 2245 5192 ad

205 5234 299 5302 sunt,
316 5231 349 5287 et
360 5209 577 5284 deLadislao
590 5205 780 5274 crudeliter
789 5205 1000 5294 supplicium
1015 5224 1194 5299 sumptum
1248 5205 1381 5274 flumen
1399 5205 1586 5274 Moravam
1609 5209 1761 5302 excepit,
1788 5227 1822 5283 et
1842 5211 1981 5284 Budam
2004 5217 2101 5288 inter
2123 5239 2244 5310 gratn-

203 5335 273 5405 m,
318 5319 356 5387 in
389 5337 461 5407 quo
491 5306 718 5379 innocentiae
754 5305 996 5377 testimonium
1030 5311 1193 5380 mirando
1248 5307 1398 5377 lationes
1420 5307 1553 5402 ubique
1577 5313 1838 5384 occrrrsantium
1864 5312 2105 5402 hominumet
2130 5321 2245 5396 lancta

203 5421 364 5509 exemplo
381 5414 477 5484 Deus
492 5411 629 5486 tribuit.
985 5485 988 5491 ,
1246 5410 1446 5500 optantium
1463 5409 1564 5481 dixit.
1618 5407 1671 5482 lbi
1690 5414 1728 5483 in
1751 5420 1885 5510 templo
1910 5419 2053 5512 publice
2069 5401 2245 5516 Deo'gm.
