4688 5826
84 293 150 371 aaa
527 275 691 370 nucu
713 263 968 370 'coarat
1001 263 1336 368 aurantcos
1372 259 1651 371 manicos.
2017 293 2107 410 ‚eos

80 469 138 538 bus
160 465 308 552 accidit,
335 479 468 560 quanto
491 466 612 537 minus
633 466 772 539 serendi
794 480 879 538 sunt
897 465 974 554 isti,
1001 464 1065 560 qui
1116 485 1285 556 gnoscere
1307 466 1427 538 omnia
1451 465 1565 537 cilicia
1583 463 1822 556 imperatoris.
1873 459 1926 534 lta
1941 461 2106 534 Medicus

78 593 148 642 cum
161 593 352 664 nunquam
366 567 568 658 didicerint,
594 581 710 639 tamen
727 565 819 640 hanc
833 582 945 642 artem
960 567 1065 658 longe
1116 563 1340 640 adhibendus
1368 583 1436 654 est,
1467 593 1541 648 nou
1572 569 1633 663 qui
1654 591 1746 640 nova
1768 566 2006 658 experimenta
2027 565 2106 636 'sine

78 671 263 742 maximam
286 695 326 740 ac
348 669 593 741 difficillimam
618 672 838 764 profitentur.
893 671 941 744 Aa
963 671 1064 741 vide·
1115 669 1252 740 ratione
1274 671 1430 766 quaerit,
1458 685 1491 742 et
1513 669 1575 765 qui
1591 669 1663 740 suis
1679 669 1846 760 exemplis
1860 667 2013 760 primurn
2029 689 2105 738 me-

77 795 147 841 mus
169 795 278 866 quam
297 773 470 864 plurimos
484 795 578 858 esse,
602 773 663 867 qui
678 773 778 868 quasi
792 775 837 844 ab
851 767 1063 866 Aesculapio
1116 773 1224 842 deodi
1246 773 1337 843 viam
1356 773 1508 864 colligit,
1532 773 1592 842 sed
1611 770 1674 866 qui
1686 784 1844 840 veterum
1859 770 2055 840 doctrinam
2072 783 2107 841 et

77 887 180 945 totam
204 888 318 944 artem
334 897 398 966 per
413 874 592 944 somnium
610 877 716 944 semel
734 877 950 970 acceperint,
977 899 1063 944 ven·
1115 875 1367 966 experientiam
1396 876 1569 946 imitatur.
1631 871 1808 944 Foelieem
1836 871 1956 952 aiunt,
2000 893 2106 962 quern

78 977 188 1046 ditant
210 999 247 1046 se
269 977 365 1046 inter
386 974 563 1060 Medicos,
590 977 726 1046 etiamsi
749 977 886 1048 nullam
904 1001 1063 1070 unquam
1115 977 1249 1046 iaciunt
1262 977 1376 1046 aliena
1390 977 1544 1070 pericula
1557 989 1716 1048 cautum:
1743 995 1852 1067 quare
1866 997 1941 1042 non
1956 985 2105 1042 estcon·

79 1080 236 1168 paginam
254 1075 502 1170 Hippocratis,
527 1093 589 1149 arat
607 1077 757 1160 Galeni,
783 1093 844 1150 aut
860 1078 1064 1151 Avicennae
1116 1079 1250 1148 sultum
1274 1079 1411 1149 omissis
1434 1093 1592 1149 veterum
1615 1077 1799 1168 exemplis,
1828 1099 1918 1145 nova
1938 1074 2106 1154 remedia,

78 1182 247 1270 legerunt.
302 1179 355 1250 Ac
378 1180 545 1250 videntur
565 1179 670 1250 etiam
696 1182 844 1251 irridere
865 1195 976 1252 totam
999 1183 1065 1250 do-
1117 1205 1246 1252 novam
1268 1180 1362 1250 viam
1384 1179 1551 1251 medendi
1567 1178 1729 1274 experiri.
1781 1175 1835 1248 Ac
1852 1177 1991 1270 nequis
2007 1187 2107 1268 putet

78 1283 246 1361 ctriuam,
287 1305 377 1376 quae
405 1281 443 1350 in
472 1275 602 1352 scholis
621 1284 802 1364 traditur,
842 1297 876 1354 et
905 1283 1064 1374 sapiunt;
1118 1307 1173 1351 me
1194 1281 1446 1374 experientiam
1467 1282 1660 1375 aspernari:
1687 1304 1751 1372 ego
1772 1303 1856 1350 vero
1878 1279 1977 1348 illam
2000 1300 2107 1370 quarn

79 1385 197 1455 vident
220 1382 318 1454 enim
342 1384 468 1474 vulgus
487 1383 567 1474 plus
592 1381 837 1456 admirationis
853 1381 985 1456 habere
1001 1407 1066 1477 pa·
1117 1385 1267 1454 maxime
1289 1385 1518 1454 necessariam
1542 1407 1614 1454 esse
1636 1381 1728 1463 scio,
1763 1383 1823 1451 sed
1845 1381 1999 1452 vicissim
2022 1377 2107 1448 nolo

77 1486 250 1556 rasiticam
274 1485 392 1570 illam,
423 1509 528 1578 quam
553 1509 672 1556 veram
696 1482 957 1578 philosophiam
968 1511 978 1576 ;
1011 1485 1066 1554 vi·
1118 1501 1227 1556 artem
1266 1487 1455 1558 contemni.
1520 1483 1682 1556 Prudens
1719 1483 1881 1556 Medicus
1917 1481 2108 1570 coniunget
2157 1543 2159 1554 .

78 1589 157 1659 dent
180 1587 293 1676 magis
311 1600 561 1680 ,quaestuosam
579 1611 652 1658 esse
668 1581 933 1675 histrionicam,
959 1613 1065 1683 quam
1117 1603 1325 1682 utrumque,
1356 1602 1465 1658 artem
1494 1601 1530 1658 et
1557 1587 1819 1680 experientiam.
1880 1583 1970 1654 Nam
2003 1603 2107 1674 expe·

77 1713 193 1758 veram
217 1689 384 1758 medendi
406 1701 530 1761 artem.
582 1687 652 1760 Sed
676 1691 822 1762 obiiciat
845 1684 904 1760 hic
927 1691 1067 1785 aliquis,
1118 1689 1244 1762 rientia
1262 1689 1501 1770 sinuatione,
1527 1689 1793 1773 sinedoctrina,
1813 1687 1993 1768 sinearte,
2013 1680 2107 1754 nihil

76 1791 265 1884 plerosque
279 1791 466 1862 illiteratos
480 1811 643 1880 magnam
660 1793 911 1883 experientiam
925 1789 1068 1877 habere,
1118 1791 1187 1862 nisi
1206 1791 1438 1862 domesticum
1457 1791 1680 1863 latrocinium
1698 1805 1769 1873 est,
1796 1803 1829 1860 et
1845 1811 1983 1881 possem
1996 1785 2107 1856 multa

77 1917 161 1986 qnae
179 1917 258 1961 non
275 1893 393 1962 minus
410 1891 520 1973 valet,
546 1917 652 1986 quam
667 1918 742 1976 ars,
769 1920 875 1989 quarn
894 1895 1067 1968 doctrina.
1118 1893 1274 1984 exempla
1306 1915 1600 1978 commemorare,
1632 1895 1812 1986 quomodo
1841 1889 1978 1980 decepti
2002 1909 2108 1978 expe-

78 1993 264 2066 tissentior
290 1995 443 2064 multum
475 1994 607 2086 pollere
633 1995 902 2087 experientiam
937 2021 978 2068 ex
1001 1990 1067 2065 hac
1118 1995 1245 2067 riesttia
1274 2009 1395 2066 contra
1420 1995 1593 2067 rationem
1614 1987 1807 2085 Empirici,
1836 1993 1934 2062 viros
1954 1989 2107 2082 optimos

77 2098 166 2165 enim
201 2119 260 2166 ars
290 2096 459 2188 paulatim
482 2109 561 2167 nata
585 2109 645 2167 est.
706 2097 777 2193 Sed
802 2101 987 2191 postquam
1011 2120 1067 2168 ars
1118 2096 1359 2168 crudelissime
1389 2095 1640 2168 interfecerint.
1692 2094 1813 2185 Quare
1840 2095 1876 2164 si'
1898 2115 1988 2187 quos
2014 2085 2108 2158 nihil

77 2213 213 2290 reperta
238 2211 309 2283 est,
333 2199 413 2267 ideo
436 2199 610 2284 traditur,
637 2223 682 2267 ne
704 2199 792 2292 quid
813 2211 962 2286 temere,
987 2221 1067 2270 cunr
1104 2187 1275 2271 'offendet
1308 2197 1518 2290 indignitas,
1561 2199 1656 2292 quod
1692 2193 1854 2267 homines
1886 2195 2108 2286 impudentes

77 2299 234 2391 periculo
256 2299 409 2377 aliorum
433 2299 677 2390 experiamur,
703 2303 762 2370 sed
786 2301 947 2394 priorum
965 2323 1068 2392 expc-
1118 2303 1251 2372 audent
1270 2323 1308 2370 se
1332 2301 1436 2372 titulo
1459 2301 1545 2372 artis
1566 2298 1768 2380 venditare,
1794 2322 1901 2393 quam
1923 2317 2107 2388 nunquam

77 2403 227 2471 rimenta
251 2401 448 2486 imitantes,
480 2415 609 2471 certam
633 2404 799 2474 medendi
820 2403 993 2474 rationem
1016 2415 1069 2474 te-
1118 2405 1338 2487 didicerunt,
1362 2416 1481 2472 tamen
1498 2415 1549 2473 cst
1565 2395 1779 2486 humanum,
1805 2399 1954 2492 periculi
1969 2393 2109 2483 magni-

78 2527 235 2574 neamus.
289 2501 446 2574 Proinde
468 2501 530 2596 qui
552 2503 672 2576 relicta
697 2518 791 2589 arte,
821 2529 886 2596 per
908 2528 982 2576 sese
1005 2529 1069 2574 vo·
1119 2506 1244 2577 tudine
1263 2504 1417 2590 moveri,
1442 2529 1514 2598 quo
1536 2501 1655 2572 minus
1676 2502 1891 2573 lerantistos
1909 2495 2109 2580 histriones,

79 2607 154 2674 lunt
176 2604 333 2696 experiri
356 2604 440 2698 quid
463 2603 592 2695 prosit,
624 2605 709 2699 quid
732 2607 845 2688 obsit,
880 2602 945 2676 hos
967 2629 1069 2696 saepe
1119 2629 1272 2702 quorum
1296 2604 1472 2698 imperitia
1496 2605 1627 2676 multos
1650 2605 1765 2695 perire
1785 2615 1933 2676 constat.
1984 2595 2109 2670 Etac·

78 2707 260 2798 continget
276 2729 409 2792 errare,
435 2718 469 2774 et
482 2707 616 2776 discent
631 2729 759 2797 magno
774 2707 868 2778 malo
884 2721 1068 2798 aegrotau·
1105 2707 1213 2780 'cedit
1234 2701 1302 2778 hoc
1325 2709 1419 2802 quod
1443 2719 1547 2798 auget
1570 2707 1786 2798 periculum,
1818 2702 1995 2796 imperitia
2017 2698 2110 2791 parit

11 2899 12 2904 ἵ
78 2809 178 2882 tium.
231 2803 334 2878 Nihil
357 2819 409 2878 est
427 2805 588 2876 fallacius
612 2809 826 2902 experientia
842 2810 880 2878 in
895 2824 992 2881 tanta
1009 2833 1069 2878 va·
1119 2808 1322 2900 audaciam,
1351 2819 1392 2878 ut
1411 2803 1641 2904 Thucydides
1670 2809 1734 2880 ait:
1768 2829 1882 2901 quare
1903 2805 1996 2874 inter
2015 2803 2111 2884 istos,

11 2929 12 3008 j
77 2911 202 2982 rietate
219 2908 583 2994 circumstantiarum,
607 2911 650 2979 ad
667 2935 773 3005 quam
792 2907 1071 2983 nonadhibctur
1119 2909 1322 3005 utquisque
1338 2909 1601 2980 indoctissimus
1616 2920 1686 2991 est,
1712 2909 1761 2979 ita
1777 2921 1830 2979 est
1844 2904 2110 2981 audacissimus.

79 3013 167 3082 ratio
193 3025 228 3081 et
252 3009 434 3095 doctrina,
459 3010 548 3081 sicut
571 3011 675 3082 initio
690 3007 988 3103 Aphorismornm
1007 3015 1071 3082 ad·
1120 3013 1231 3084 Multi
1255 3027 1339 3084 sunt
1360 3009 1499 3094 morbi,
1524 3033 1614 3106 quos
1637 3009 1831 3082 doctissimi
1854 3021 1887 3079 et
1906 3002 2111 3100 peritissimi

79 3113 221 3185 monuit
251 3109 504 3204 Hippocrates,
544 3136 623 3182 cum
653 3113 789 3208 inquit,
820 3114 1069 3206 experientiam
1119 3115 1254 3185 Medici
1276 3139 1418 3184 movere
1440 3136 1514 3182 non
1530 3113 1680 3196 audent,
1706 3113 1817 3182 inulta
1835 3109 1998 3180 incidunt
2015 3127 2111 3201 sym-

79 3215 315 3306 periculosam
338 3236 431 3298 esse,
456 3228 490 3284 et
504 3212 677 3284 iudicium
691 3217 807 3287 fallax.
858 3213 907 3288 At
922 3217 980 3288 isti
996 3241 1070 3286 em-
1122 3229 1276 3308 ptomata
1301 3209 1342 3286 ex
1362 3215 1475 3285 causis
1495 3216 1583 3284 adeo
1599 3211 1777 3298 obscuris,
1801 3226 1842 3284 ut
1857 3211 1963 3282 etiam
1979 3207 2117 3289 doctisf

80 3317 201 3406 pirici,
233 3317 307 3384 imo
330 3310 540 3396 histriones,
565 3316 699 3387 abiecta
722 3333 798 3389 arte
821 3331 959 3390 tantum
984 3342 1071 3388 cou-
1120 3317 1202 3388 simi
1229 3318 1298 3388 viri
1327 3317 1509 3402 dubitent,
1542 3317 1722 3410 quomodo
1746 3327 1952 3399 occurrant3
1994 3311 2111 3379 incre-

80 3419 194 3489 fidunt
210 3417 439 3508 experientia,
465 3431 500 3488 et
514 3415 646 3487 iudicio
662 3442 738 3506 suo,
764 3445 916 3514 quorum
932 3431 1071 3490 utrum·
1121 3419 1242 3490 dibilis
1272 3433 1323 3490 est
1350 3419 1499 3488 varietas
1526 3418 1709 3506 signorum
1738 3429 1821 3486 ante
1848 3413 1988 3494 Crisin,
2019 3433 2110 3505 quoe

79 3545 144 3614 que
167 3519 447 3590 incertissimum
470 3531 533 3592 est.
585 3517 818 3611 Hippocrates
833 3524 920 3591 adeo
936 3521 1072 3590 diffisus
1121 3545 1195 3591 non
1219 3546 1298 3592 raro
1321 3519 1503 3612 perturbat
1528 3505 1736 3602 Medicum,
1758 3518 1920 3611 quamvis
1941 3533 2110 3604 sagacem.

80 3637 129 3692 est
157 3620 420 3712 experientiae,
450 3635 491 3690 ut
518 3621 751 3714 praeceperit,
784 3637 971 3717 postquam
997 3647 1071 3692 non
1121 3621 1170 3694 At
1201 3619 1392 3694 histriones
1419 3620 1479 3690 isti
1509 3620 1678 3714 quoniam
1709 3619 1816 3689 semel
1849 3617 2111 3710 pertricueruat

78 3721 265 3816 respondit
286 3735 432 3793 eventus
449 3719 665 3792 Medicinam
687 3727 880 3795 secuudum
897 3724 1071 3796 rationem
1119 3728 1295 3810 frontem,
1317 3723 1459 3794 sortiter
1480 3733 1562 3794 sunt
1586 3721 1827 3812 impudentes,
1850 3719 1991 3790 nullum
2012 3737 2111 3784 mor-

79 3823 245 3908 iacienti,
272 3849 318 3893 ue
339 3823 425 3917 quid
447 3840 624 3914 praeterea
641 3837 760 3895 tentet.
813 3825 939 3898 Videte
952 3840 1090 3898 autem
1120 3829 1206 3898 bum
1238 3851 1312 3898 non
1341 3823 1539 3916 attingunt,
1578 3823 1679 3894 nullo
1709 3835 1962 3917 symptomate,
1992 3815 2111 3887 ¹nullis

82 3926 164 3998 istos
195 3927 378 4006 indoctos,
419 3925 630 3996 collectanea
664 3921 795 4000 habent
823 3928 1072 4012 remediorum,
1120 3927 1230 4020 signis
1254 3927 1525 4020 perturbantur,
1549 3939 1584 3997 et
1606 3927 1784 3997 temeritas
1806 3948 1887 3993 raro
1910 3919 2108 3992 babetioe-

80 4029 134 4098 sb·
150 4027 424 4112 obstetricibus,
455 4051 475 4097 a
496 4027 721 4120 tonsoribus,
753 4053 772 4100 a
797 4027 932 4118 Magis,
965 4055 986 4120 a
1010 4027 1071 4099 lu-
1120 4031 1205 4102 lices
1224 4031 1356 4114 exitus,
1379 4027 1471 4118 leges
1492 4029 1645 4119 puniunt
1660 4025 1872 4118 imperitiam
1889 4025 1926 4094 in
1941 4021 2110 4106 Medicis3

82 4131 177 4200 dacis
207 4129 463 4220 transscripta,
490 4154 530 4198 ex
560 4126 772 4220 biseligunt
796 4131 899 4200 initio
917 4122 1072 4225 aliquid,
1120 4131 1326 4222 gravissime
1349 4129 1444 4200 enim
1466 4129 1584 4222 inquit
1599 4125 1890 4214 iurisconsultus,
1915 4151 1989 4197 non
2005 4127 2111 4196 debet

83 4235 173 4326 quod
197 4231 382 4302 illecebras
404 4233 572 4324 quasdam
597 4223 720 4318 hahet;
748 4233 876 4304 nolunt
893 4234 985 4302 enirn
1001 4233 1071 4303 sta·
1120 4229 1507 4330 impunitum‘relinqui
1521 4229 1689 4299 delictum
1705 4232 1912 4322 decipientis
1928 4240 2111 4323 praetextu

82 4333 142 4404 tim
164 4336 203 4405 in
226 4333 306 4425 ipso
330 4332 431 4402 aditu
452 4331 785 4404 offendereanimos
801 4335 1072 4424 aegrotantium.
1121 4331 1295 4404 humanae
1324 4331 1534 4422 fragilitatis.
1588 4329 1719 4401 Verum
1748 4331 1805 4403 isti
1830 4358 1906 4402 non
1927 4333 2041 4402 solssm
2065 4329 2110 4398 de

83 4431 157 4506 Hoc
177 4437 207 4507 si
230 4459 356 4526 parurn
379 4435 548 4526 profecit,
574 4434 690 4503 statim
712 4436 811 4506 aliud
833 4439 1071 4527 experiuntur,
1120 4433 1294 4527 imperitia
1316 4449 1501 4520 tenentur,
1525 4433 1584 4502 sed
1607 4433 1711 4504 etiam
1727 4435 1771 4502 de
1787 4436 1890 4518 dola,
1919 4459 1998 4502 cum
2016 4433 2109 4500 vires

82 4551 114 4605 et
132 4539 171 4609 iit
192 4559 465 4628 saepenumero,
497 4537 536 4606 ut
559 4536 632 4628 ipsa
655 4539 893 4608 remediorum
916 4537 1071 4610 dissimi·
1120 4563 1201 4610 suas
1221 4537 1360 4623 norint,
1386 4551 1420 4608 et
1438 4551 1554 4607 tamen
1572 4535 1841 4606 existimationis
1858 4538 2009 4606 tuendae
2026 4555 2110 4602 cau-

83 4637 194 4710 litudo
225 4661 361 4708 novum
390 4639 556 4706 morbum
588 4637 720 4728 gignat.
770 4638 866 4710 Haec
889 4644 991 4732 saepe
1011 4665 1071 4710 ac·
1119 4665 1174 4726 sa,
1205 4641 1325 4715 ornuia
1352 4633 1507 4732 pericula
1535 4651 1785 4721 contemnant,
1817 4659 1940 4706 omnes
1965 4635 2109 4704 morbos

83 4741 197 4812 cidere
217 4739 314 4824 vidi,
341 4763 450 4832 quare
474 4735 568 4808 nihii
588 4753 663 4826 est,
689 4743 785 4834 quod
808 4741 867 4813 isti
887 4767 984 4812 suam
1003 4765 1071 4811 no·
1119 4742 1306 4834 attingant.
1365 4739 1479 4810 Porro
1508 4740 1553 4808 ad
1583 4739 1693 4829 legem
1715 4735 1897 4832 Aquiliam
1929 4736 2109 4819 scribitur,

83 4841 137 4911 bis
163 4839 417 4934 experientiam
448 4841 663 4930 praedicent.
734 4839 804 4912 Ars
833 4847 1006 4934 gubernat
1036 4857 1070 4914 et
1118 4845 1240 4915 dolum
1257 4867 1347 4928 esse,
1372 4843 1401 4912 si
1418 4841 1496 4936 quis
1508 4840 1646 4912 affectet
1660 4839 1808 4933 aliquid,
1835 4841 1872 4909 in
1889 4865 1959 4934 quo
1975 4835 2108 4910 intelli-

82 4945 240 5016 imitatur
260 4943 512 5035 experientiam
531 4967 603 5012 uon
622 4941 866 5030 indoctorum,
893 4949 951 5014 sed
968 4969 1068 5036 prae·
1118 4947 1188 5035 git,
1213 4960 1275 5016 aut
1298 4943 1494 5034 intelligere
1515 4943 1620 5013 debet
1642 4941 1887 5013 infirmitatem
1909 4965 2007 5010 snam
2028 4939 2108 5016 aliis

84 5046 390 5118 stantissimorum.
442 5043 507 5116 lsti
531 5069 613 5115 vero
629 5046 706 5115 sine
721 5061 964 5140 praeceptore,
991 5047 1068 5116 sine
1118 5049 1350 5138 periculosam
1377 5046 1463 5119 sore.
1522 5043 1562 5116 Si
1590 5045 1738 5134 pecuuia
1769 5057 1906 5114 tantum
1931 5042 2108 5134 periclita-

83 5148 272 5239 magistris,
297 5147 371 5217 suis
384 5145 553 5237 exemplis
567 5148 718 5221 discunt.
770 5148 809 5220 Si
825 5147 905 5220 Dux
920 5150 958 5220 in
973 5149 1067 5218 bello
1118 5164 1235 5234 retur,
1261 5147 1383 5219 sarciri
1400 5147 1528 5217 damna
1546 5153 1702 5236 possent;
1730 5169 1827 5215 nunc
1843 5145 1974 5216 luduut
1991 5145 2027 5214 in
2044 5141 2107 5214 tali

83 5249 261 5341 eligendus
276 5248 340 5332 sit,
363 5271 470 5317 nemo
483 5248 612 5340 opinor
625 5249 729 5338 eliget
744 5246 978 5331 Thrasonem,
1005 5250 1068 5344 qui
1116 5251 1341 5336 discrimine,
1365 5249 1429 5322 ubi
1450 5249 1480 5319 si
1501 5247 1587 5341 quid
1602 5269 1709 5317 secus
1726 5247 1871 5332 accidit,
1898 5267 2012 5341 neque
2028 5271 2107 5317 cor-

81 5353 216 5424 nullum
238 5373 398 5444 unquam
418 5349 549 5422 viderit
565 5349 836 5442 imperatorem,
860 5377 965 5448 quem
982 5351 1066 5422 imi·
1115 5352 1185 5442 rigi
1202 5365 1395 5444 peccatum,
1420 5373 1534 5446 neque
1547 5348 1670 5418 sarciri
1685 5350 1818 5418 iactura
1835 5361 1959 5442 potest.
2008 5347 2106 5437 Quid

82 5467 230 5542 tarum,
267 5453 331 5523 sed
351 5450 424 5523 suis
446 5452 615 5548 exemplis
635 5453 813 5544 promittit
833 5479 870 5527 se
895 5455 983 5527 velle
1006 5478 1067 5526 co·
1104 5457 1212 5526 'enim
1243 5454 1420 5550 reliquum
1442 5467 1497 5524 est
1521 5446 1661 5522 homini
1682 5451 1810 5524 amissa
1836 5451 1935 5524 vita?
1987 5449 2108 5537 Quare
