4688 5826
218 189 292 303 ,ῃ
741 151 752 174 ’
869 191 1612 292 orcuurorarrruumu
1791 323 1795 332 .
2028 181 2042 192 ’
2184 233 2268 312 aar

222 381 339 446 vester
359 368 405 447 ab
428 367 492 442 illo
509 369 697 442 transierat
720 391 761 440 ae
783 380 976 444 mutuetur.
1028 370 1107 446 Nos
1129 373 1212 470 qui·
1257 351 1381 478 *neqtte
1396 386 1440 456 de
1454 386 1585 464 virtute
1603 389 1691 486 ipsa,

1709 391 1824 494 neque¹
1839 401 1884 474 de
1901 405 2026 480 restris
2040 405 2178 482 meritis
2193 435 2263 505 pro
2339 391 2340 406 ¹

224 473 306 544 dem
321 471 545 566 quantumin
561 461 775 562 hacingenii
791 489 896 570 atque
912 475 1125 547 eruditionis
1140 502 1213 548 me-
1266 486 1435 578 dignitate
1452 491 1569 564 dicere
1589 519 1710 588 posse,
1735 503 1795 571 ted
1819 527 2000 596 spemros
2021 535 2086 602 pm
2103 517 2261 586 eandm

223 573 410 670 diocritate
433 569 609 668 praestare
633 597 838 668 possumus,
871 575 1035 648 dabimus
1059 587 1216 672 operam,
1265 604 1382 662 vestro
1409 591 1565 664 officium
1590 591 1655 670 hac
1678 600 1718 670 in
1739 625 1777 675 re
1799 629 1919 678 meum
1942 599 2156 702 probaturos
2171 639 2262 702 asse,
2339 617 2340 682 l

224 701 270 748 ne
290 700 395 770 quem
415 675 593 766 poeniteat
614 675 720 746 nobis
740 679 988 750 enarrantibus
1009 675 1106 752 hunc
1121 681 1215 754 Poe’·
1266 692 1402 762 etiamsi
1425 694 1626 789 eloquentia
1649 701 1881 780 derideretur,

223 793 454 872 tamoperam
470 777 619 854 dedisse.
670 773 766 850 Diri.

1928 709 2049 800 Quare
2066 739 2130 786 eos
2150 719 2262 790 etiam

1267 805 1372 888 atque
1387 795 1491 866 etiam
1509 822 1591 885 oro,
1617 815 1659 874 ut
1677 797 1834 882 bominis
1860 815 2038 904 peregrini
2059 819 2261 890 orationem
2339 841 2340 876 ³

1266 896 1361 968 bona
1383 920 1463 966 cnm
1480 899 1583 970 venia
1603 905 1774 994 audiatis,
1799 911 1837 982 id
1855 913 2063 988 beneficium
2079 921 2185 992 etiam
2201 923 2262 992 in·
2339 959 2340 980 2

1267 1010 1320 1068 ter
1347 1011 1483 1070 caetera
1514 1025 1604 1110 quae
1632 1003 1724 1076 milri
1753 1035 1774 1080 a
1797 1014 1897 1084 robis
1926 1016 2171 1094 liberalissime
2196 1025 2264 1096 tri-
2339 1035 2340 1088 s

236 1151 270 1222 N
322 1151 371 1220 33
1117 1161 1203 1226 1534
1267 1099 1449 1186 buuntur,
1479 1117 1578 1192 grato
1602 1107 1723 1178 animo
1746 1121 1948 1222 recensebo.
2005 1119 2111 1194 Scitis
2138 1139 2262 1196 autem
2339 1139 2340 1188 1

161 1241 164 1245 ,
233 1177 405 1278 ,ἐκ
1035 1183 1213 1280 2¹22„
1268 1197 1540 1290 Adulescentes,
1578 1209 1719 1280 nullum
1751 1215 1908 1292 officium
1930 1221 2058 1292 iustius
2087 1247 2127 1296 ac
2148 1229 2264 1318 magis
2339 1237 2340 1316 p

512 1351 588 1440 De
617 1327 923 1467 gratitudine.

1267 1305 1504 1376 necessarium
1525 1331 1618 1394 esse,
1643 1335 1750 1407 quam
1771 1310 1901 1390 habete
1920 1323 2067 1412 gratiam
2091 1329 2263 1398 beneme-

1138 1475 1140 1480 ,
1268 1405 1356 1480 ritis.
1405 1403 1620 1486 ttaecenim
1637 1427 2264 1501 unavoxestnonsolumerudito-
2339 1423 2340 1490 ἒ

295 1499 547 1654 leuaffltaqt.
567 1531 748 1606 prtarqq„
773 1529 1165 1606 tnusatam.‘1·.1.p.stt„
1185 1533 1215 1588 a„
1267 1531 1347 1578 rum
1361 1509 1544 1597 omnium,
1567 1518 1626 1584 sed
1645 1516 1756 1608 ipsius
1770 1522 1876 1592 etiam
1890 1539 2050 1610 maturae,
2074 1553 2165 1623 quae
2177 1557 2262 1603 mn·
2339 1543 2340 1624 3

1268 1624 1325 1682 tus
1346 1610 1471 1680 officiis
1495 1608 1658 1686 homines
1683 1618 1776 1692 inter
1792 1645 1829 1692 se
1846 1625 2028 1698 devinctos
2045 1654 2118 1700 esse
2130 1633 2263 1710 voluit.
2339 1649 2340 1696 ff

226 1758 676 1856 araterrium
694 1763 748 1833 M·
771 1761 1034 1836 merendo·
1059 1763 1215 1835 Met*
1268 1708 2264 1917 ltttttalttttlti'‘tt“lttt‘ltttttt

1267 1915 1662 1996 lorreiudicandisunt.
1697 1919 1775 1996 Etsi
1787 1943 1903 2000 autem
1920 1926 2006 2002 haee
2020 1931 2096 2026 ipsa
2111 1951 2265 2010 naturae
2339 1957 2340 2040 t

327 1601 447 1659 Servent.
458 1597 492 1656 T.
520 1639 528 1656 .
543 1619 569 1673 p.
580 1601 641 1657 ⁵⁵2
656 1609 683 1654 et
696 1599 767 1672 apud
781 1599 906 1662 Richard.
917 1601 951 1661 Τ.
966 1603 1000 1658 ll.
1013 1623 1039 1676 p.
1055 1603 1115 1658 279.

225 1871 255 1942 S
263 1870 375 1954 coti,
410 1865 578 1946 uecors,
614 1866 656 1934 in
687 1869 915 1956 promotione
948 1869 1217 1964 Magistrorrms

513 1985 611 2038 anno
629 1967 926 2040 mutarit.

226 2327 315 2400 sime
330 2321 447 2393 dicere
467 2319 583 2389 solent
598 2339 811 2411 magnopere
831 2317 969 2414 probo,
989 2333 1109 2391 tamen
1124 2344 1216 2412 quo·
1267 2336 1405 2408 tantur,
1438 2337 1473 2398 et
1494 2327 1638 2419 quidem
1663 2330 1771 2420 gratis
1795 2339 1969 2426 praemia,
2002 2340 2153 2437 ingratis
2172 2369 2262 2416 vero

225 2429 322 2501 niam
346 2425 385 2492 in
401 2417 469 2491 hac
487 2418 622 2510 ingenii
642 2419 714 2490 mei
738 2419 941 2493 infirmitate
963 2420 1215 2512 intelligebam,
1267 2447 1398 2516 poenas
1412 2425 1585 2499 divinitus
1603 2433 1754 2522 proponi
1775 2437 1914 2510 dorent.
1964 2439 2024 2512 Sic
2046 2443 2144 2516 enim
2169 2449 2264 2516 scri-

225 2549 372 2603 menon
386 2545 487 2618 potae
501 2533 680 2594 tantarum
700 2544 821 2592 rerum
836 2524 1041 2594 varietatem
1053 2523 1215 2593 oratione
1266 2539 1368 2618 ptum
1397 2541 1464 2598 ests
1497 2525 1580 2600 Non
1612 2535 1749 2606 recedet
1779 2539 1912 2610 malum
1935 2567 1958 2610 a
1983 2545 2089 2614 mmo
2116 2547 2265 2638 ingrati.

122 2605 127 2612 Ι
223 2635 422 2706 illustrare,
447 2623 615 2694 constitui
629 2623 674 2691 de
686 2647 757 2694 una
771 2625 925 2717 quadam
939 2625 1070 2696 virtute
1086 2625 1214 2706 dicere,
1267 2625 1388 2715 Quare
1406 2651 1480 2700 non
1497 2631 1613 2704 solum
1629 2647 1755 2706 natura
1773 2638 1929 2730 ingratos
1946 2656 2114 2738 tanquam
2128 2648 2268 2720 imma-

225 2737 436 2825 dignarum
455 2724 561 2796 bonis
584 2723 671 2816 qiris
696 2725 882 2808 omnibus,
916 2738 993 2796 tum
1009 2719 1094 2796 vero
1112 2749 1215 2820 prae·
1266 2729 1328 2799 nia
1343 2744 1502 2804 monstra
1517 2733 1596 2804 odit
1611 2748 1646 2806 et
1664 2753 1856 2828 execratur,
1879 2748 1940 2814 sed
1956 2747 2062 2816 etiam
2078 2761 2262 2840 urgeteos
2339 2725 2340 2796 s

202 2862 205 2869 =
224 2839 328 2930 cipue
349 2827 487 2902 barum
504 2829 705 2896 nostrarum
720 2826 850 2900 artium
867 2851 908 2899 ae
930 2827 1116 2901 literarum
1139 2839 1216 2898 stn-
1265 2829 1362 2902 Deus
1376 2831 1577 2906 iustissimis
1591 2837 1725 2928 poenis.
1764 2839 1922 2914 Proinde
1935 2847 1966 2916 ai
1980 2861 2144 2920 naturam
2161 2855 2263 2945 aspi-

124 2929 129 2940 '
225 2937 351 3019 dioga,
377 2929 541 3002 videlieet
564 2929 608 2998 de
626 2929 860 3018 gratitudine:
896 2953 1003 3026 qttam
1026 2930 1215 3022 ntdelige-
1266 2932 1398 3012 tumus
1411 2947 1447 3006 et
1460 2935 1561 3028 quasi
1577 2939 1783 3012 evolvamus
1797 2945 1935 3016 animos
1953 2949 2018 3038 ipsi
2042 2967 2199 3036 nostros,
2225 2963 2260 3027 si

225 3065 318 3122 rem,
342 3058 416 3106 nou
431 3031 546 3104 solum
561 3030 703 3122 publica
717 3053 821 3102 causa
836 3031 1009 3137 adductus
1024 3055 1123 3118 sum,
1146 3033 1214 3104 etsi
1266 3055 1380 3104 sacras
1403 3035 1522 3106 literas
1546 3041 1791 3130 consulemus,
1824 3069 1899 3117 non
1919 3051 2035 3120 solum
2054 3055 2263 3128 videbimus

225 3137 438 3232 magnopere
464 3146 549 3226 opto
573 3153 669 3217 eam,
701 3155 782 3203 cum
805 3155 887 3204 vere
913 3134 960 3205 sit
980 3133 1214 3205 maximarum
1266 3149 1439 3230 quantum
1467 3133 1596 3211 habeat
1618 3135 1835 3233 ingratitudo
1866 3151 2024 3236 sceleris,
2062 3155 2260 3228 sedetiam
2339 3159 2340 3170 ’

223 3245 397 3316 virtutum
418 3235 557 3320 nutrix,
581 3233 627 3303 ab
641 3234 809 3306 omnibus
833 3257 973 3306 summo
994 3237 1112 3308 studio
1133 3237 1214 3322 coli,
1265 3239 1538 3325 constituemus,
1572 3266 1646 3314 non
1677 3255 1749 3318 e'sse
1776 3249 2033 3338 dubitandum,
2066 3257 2155 3350 qnin
2173 3255 2259 3344 Deo

225 3368 348 3417 rerum
367 3338 472 3410 etiam
487 3336 660 3432 quaedam
677 3359 732 3405 me
753 3335 883 3429 privati
898 3337 990 3409 ratio
1010 3339 1212 3410 commovit.
1266 3363 1398 3431 poenas
1412 3342 1541 3431 ingrati
1558 3345 1676 3416 daturi
1690 3347 1772 3422 sint.
1819 3347 1916 3424 Haec
1930 3355 1960 3423 si
1974 3357 2260 3445 considerabitis,

224 3445 371 3524 Etenim
391 3464 472 3512 enm
488 3461 551 3532 per
565 3437 736 3508 iniuriam
758 3459 815 3509 me
830 3439 1127 3532 patriapulsum,
1152 3463 1215 3510 ve-
1266 3454 1307 3512 ut
1329 3465 1391 3512 vos
1413 3445 1617 3533 praesertim
1641 3449 1758 3530 deret,
1785 3454 1847 3546 qui
1869 3457 1914 3524 a'd
1937 3459 2054 3528 studia
2080 3461 2260 3534 virtutum

225 3551 382 3622 aientem
407 3540 478 3614 huo
500 3565 542 3610 ex
565 3539 635 3610 alio
651 3539 738 3610 orbe
757 3563 894 3612 summa
913 3535 1133 3614 humanitate
1146 3536 1215 3614 bo-
1266 3537 1420 3615 adbibiti
1436 3546 1551 3632 estis,·
1569 3551 1728 3624 statuetis
1745 3577 1826 3634 vos,
1850 3567 1885 3626 ct
1899 3571 1939 3628 ut
1953 3555 2029 3630 Deo
2051 3573 2086 3630 et
2107 3578 2261 3654 naturae

214 3651 331 3746 ,ῳίήο
345 3642 562 3737 exceperit-is,
578 3654 612 3712 et
624 3665 738 3712 annos
753 3643 823 3713 iam
838 3645 974 3739 aliquot
988 3657 1149 3716 amanter
1162 3657 1215 3716 te-
1267 3646 1434 3737 pareatis,
1459 3673 1540 3716 cum
1555 3673 1635 3738 erga
1654 3653 1762 3733 alios,
1789 3669 1863 3724 tum
1880 3660 2032 3730 mariun
2054 3685 2133 3752 erga
2152 3683 2274 3756 praa-¹

225 3754 332 3848 gatis,
355 3749 458 3828 valde
479 3741 713 3814 laborandum
738 3739 827 3812 mihi
853 3747 993 3837 putavi,
1018 3761 1059 3818 ut
1081 3759 1216 3818 extaret
1266 3759 1424 3837 ceptores
1446 3762 1598 3834 vestros,
1625 3765 1660 3822 et
1681 3747 1772 3824 hanc
1791 3753 2019 3832 Academiam
2043 3779 2161 3853 gratos
2180 3792 2263 3838 esse

225 3857 344 3948 ,taqua
358 3845 585 3941 gratitudinis
599 3863 697 3914 meaa
710 3845 929 3936 significatio.
964 3845 1072 3918 Caius
1086 3845 1216 3918 Caesar
1267 3849 1408 3968 debere,
1439 3845 1589 3922 'Etenim
1603 3877 1683 3974 cum
1699 3855 1839 3974 nullum
1856 3860 1901 3930 sit
1915 3864 2258 3978 maiusbeneficium

225 3951 401 4046 insignem
417 3943 673 4041 ¹hospitalitatis
697 3947 838 4018 landem
867 3948 993 4021 tribuit
1014 3947 1216 4037 Germanis,
1267 3951 1306 4020 in
1324 3965 1439 4028 terras.
1466 3975 1572 4047 quam
1587 3968 1755 4042 veritatis.
1781 3971 1944 4032 attactae
1958 3966 2140 4039 doctrinae
2156 3995 2260 4040 cour-

226 4057 320 4132 hanc
338 4075 400 4144 ego
415 4053 455 4122 in
469 4045 527 4122 his
539 4049 631 4118 meis
644 4047 825 4120 erroribus
842 4063 878 4121 et
895 4052 1000 4146 exilio
1015 4075 1095 4121 meo
1117 4075 1215 4121 com·
1267 4051 1473 4139 municatio,
1498 4056 1655 4146 prolecto
1667 4059 1777 4128 nullis
1789 4059 1870 4151 plus
1881 4065 2052 4138 debemus
2064 4089 2173 4162 quam
2186 4068 2259 4161 bis,
2339 4043 2340 4060 ἵ

226 4161 314 4256 peri,
327 4177 390 4226 voc
405 4152 557 4226 etveteri
573 4150 735 4223 instituto
753 4149 917 4234 retinere,
940 4167 974 4224 et
988 4153 1028 4222 in
1043 4149 1109 4223 hac
1126 4155 1214 4225 urbe
1268 4177 1420 4246 quorum
1434 4155 1567 4243 labore,
1599 4159 1668 4230 lide
1692 4184 1733 4232 ae
1747 4161 1958 4237 liberalitate
1972 4191 2030 4238 rea
2041 4185 2160 4243 tautae
2172 4187 2260 4245 tan-

225 4261 413 4359 praeeqpue
427 4251 580 4328 exemeri
593 4251 652 4345 pio
669 4255 823 4351 quodam
834 4249 1056 4326 Christianae
1071 4257 1215 4346 religio·
1267 4279 1372 4349 qnam
1398 4257 1437 4328 in
1452 4259 1525 4330 rita
1546 4264 1761 4334 necesmiae
1781 4267 1887 4338 nobis
1907 4271 2132 4362 contingunt.
2182 4275 2259 4348 Ne-

226 4363 438 4444 uisuntur,
464 4377 554 4451 quae
578 4368 671 4424 mter
692 4368 844 4424 cameras
860 4357 1008 4428 virtutes
1029 4351 1215 4450 hospitali·
1268 4383 1335 4450 que
1352 4359 1449 4428 enim
1468 4360 1656 4450 ignoratis,
1681 4363 1792 4436 'vitam
1815 4369 1891 4438 sine
1910 4371 2046 4459 literis,
2067 4377 2145 4445 sine
2168 4381 2261 4449 reli·-

226 4481 334 4544 tatem
350 4461 421 4534 coli
436 4457 607 4552 praecipit
623 4469 656 4525 et
676 4457 891 4548 amplissime
913 4459 1079 4529 laudibus
1101 4473 1215 4548 ortrat.
1267 4461 1382 4549 giouis
1396 4462 1559 4544 seientia,
1583 4465 1662 4536 aina
1683 4468 1904 4561 antiquitatis
1920 4475 2072 4561 noticia,
2095 4477 2259 4550 sineali-

228 4563 347 4660 Quare
374 4562 521 4654 gratiam
549 4553 618 4627 hoc
642 4559 786 4627 nomine
808 4552 920 4629 habeo
947 4555 1030 4630 huie
1053 4561 1215 4652 publicae
1268 4587 1337 4654 qua
1358 4577 1631 4660 naturaefatque
1655 4563 1884 4642 honestorum
1908 4575 2106 4648 officiorum
2130 4585 2258 4672 cogni-

105 4691 109 4699 *
228 4666 373 4744 dicendi
387 4659 654 4743 consuetudini,
679 4661 775 4752 quod
792 4659 929 4750 aditum
952 4656 1042 4732 mihi
1063 4665 1108 4732 ad
1131 4664 1216 4734 uni·
1251 4665 1367 4733 'tione
1381 4685 1453 4734 non
1472 4667 1588 4738 solum
1604 4669 1795 4756 incultam,
1818 4677 1882 4744 sed
1898 4677 2004 4768 plane
2018 4680 2257 4756 miserrimam

227 4793 348 4846 versos
377 4790 440 4838 vos
469 4761 632 4856 patefacit
660 4775 694 4832 et
725 4760 943 4832 occasionem
976 4765 1121 4856 praebet
1151 4766 1213 4834 diu
1266 4766 1385 4838 luisse.
1434 4763 1601 4863 Denique
1625 4772 1732 4854 etiarn
1760 4777 1936 4864 pecudum
1958 4779 2031 4851 rita
2061 4785 2259 4875 optabilior

227 4887 403 4969 optatam,
435 4863 589 4938 vicissim
619 4885 717 4932 meae
749 4863 942 4934 voluntatis
972 4865 1221 4945 declarandae,
1267 4863 1373 4938 fuerit
1405 4890 1511 4960 quam
1549 4865 1756 4960 hominum,
1802 4879 1998 4968 quamlibet
2030 4883 2258 4960 affluentium

228 4975 461 5068 Aptissimum
482 4967 592 5057 igitur
613 4959 681 5034 hoc
704 4978 949 5054 argumentum
970 4989 1068 5036 meae
1084 4989 1214 5058 perso·
1268 4969 1428 5051 omnium
1452 4992 1571 5042 rerum
1596 4974 1713 5064 copia,
1744 4976 1775 5046 ti
1798 4985 1879 5048 cum
1897 4981 1970 5051 illis
1988 4985 2146 5056 tenebris
2167 5013 2257 5060 con-

228 5103 295 5152 nae
317 5099 389 5164 esse
411 5068 577 5142 iudicavi.
628 5063 768 5136 Deinde
785 5089 866 5136 non
882 5067 998 5136 solum
1017 5069 1214 5140 orationem
1268 5072 1385 5143 iuncta
1406 5087 1460 5145 est
1479 5073 1698 5163 impiissimis
1720 5076 1791 5149 illis
1807 5083 1987 5154 erroribus
2007 5101 2042 5157 et
2055 5087 2152 5160 vitiis
2173 5113 2257 5182 age-

228 5152 360 5261 meam,
393 5172 581 5248 sedetiam
610 5169 808 5260 exemplum
829 5167 1028 5240 arbitrabar
1051 5173 1216 5262 prolutu-
1268 5187 1340 5244 retr
1382 5171 1504 5266 Itaque
1519 5176 1622 5246 facile
1637 5177 1787 5250 iudicari
1809 5197 1945 5275 potest,
1971 5189 2165 5278 plurimum
2188 5217 2258 5265 noc

229 5252 407 5362 comesset
427 5270 646 5362 exuscitandi
662 5269 855 5364 aliquoaad
874 5271 1124 5360 gratitudinem
1139 5298 1215 5343 ma·
1266 5276 1395 5344 dehere
1419 5257 1492 5344 illis
1513 5276 1606 5348 vitae
1631 5280 1800 5378 ducibus,
1831 5286 1896 5376 qui
1923 5289 2049 5360 nusin
2072 5291 2188 5363 lucem
2213 5321 2255 5367 er

230 5384 299 5463 ieri
323 5355 504 5468 diligentia
529 5371 786 5466 praestandam.
838 5369 1000 5462 Agnosco
1024 5389 1141 5446 autem
1158 5399 1214 5445 me
1267 5377 1514 5448 obscurissima
1538 5379 1688 5470 caligine
1714 5385 1887 5471 educunt,
1915 5403 1949 5461 et
1969 5393 2061 5462 hene
2084 5396 2255 5492 beateque

1849 5521 1860 5556 l

1267 2017 1320 2086 lex
1335 2017 1456 2086 divina
1471 2021 1644 2114 quaedam
1658 2049 1726 2099 vox
1740 2041 1790 2098 est
1806 2032 1987 2104 mentibus
1998 2029 2186 2108 hominum
2201 2041 2264 2110 in·
2339 2041 2340 2122 J

223 2113 311 2198 Etsi
327 2115 479 2188 aliorum
494 2111 701 2198 eonsilium,
726 2111 791 2210 qui
806 2107 874 2186 hoe
894 2113 973 2185 loeo
989 2115 1033 2185 de
1050 2114 1215 2186 universa
1266 2118 1409 2210 scripta,
1430 2133 1549 2194 tamen
1563 2137 1598 2194 et
1611 2124 1649 2194 in
1663 2129 1770 2198 sacris
1780 2131 1894 2202 literis
1909 2149 2028 2208 extant
2042 2138 2137 2210 clara
2154 2165 2263 2231 prae-
2339 2155 2340 2208 t

222 2213 456 2312 Philosophia
471 2218 585 2310 deque
598 2215 698 2286 omni
710 2216 849 2287 ratione
864 2207 1064 2289 studiorum
1079 2219 1216 2308 gravis·
1267 2235 1385 2312 cepta,
1417 2247 1507 2316 quae
1528 2246 1596 2295 nos
1616 2230 1660 2296 ad
1684 2225 1868 2303 colendam
1892 2239 2147 2325 gratitudinem
2170 2237 2265 2314 bor·
2339 2265 2340 2322 3
