4616 5816
66 227 132 374 m
605 267 1540 394 oucu'oncuucruooucuaav.
1669 340 1679 360 ,
1875 333 1882 344 .
2006 271 2083 351 ua
2197 273 2205 282 ·

59 467 220 540 mentium
251 464 437 536 exaud'nus
456 475 713 534 conternasset
743 459 932 543 Senatum,
968 449 1038 524 hue
1089 449 1290 534 eristeotes,
1320 469 1412 542 quae
1431 447 1621 540 praecipue
1647 461 1698 520 ert
1718 461 1893 541 oportuna
1916 447 2080 521 iniuriae.

59 593 204 660 ammos,
229 567 366 662 inquit,
391 565 431 636 Ρ.
443 561 484 638 C.
503 563 650 655 pauculi
670 563 830 633 seditiosi
845 561 933 630 loris
957 579 1036 626 meo
1088 549 1163 622 llas
1184 552 1329 642 igitura
1346 563 1380 621 te
1394 547 1472 620 Rex
1486 564 1588 642 peto,
1613 563 1653 621 ut
1665 573 1723 622 eas
1736 573 1815 621 mea
1833 551 1981 643 pecunia
2003 551 2078 622 elo-

58 673 145 742 iussu
156 669 430 742 interficiuntur.
458 663 573 736 aruir
585 663 787 736 crudelitati
801 659 1038 744 mendacium,
1089 676 1183 738 cem,
1207 652 1356 746 nequid
1375 663 1477 743 turpe
1494 663 1556 722 aut
1571 652 1879 741 indiguumnobis
1894 665 2000 748 atque
2013 652 2079 724 illo

56 773 117 842 uisi
135 773 225 844 lorte
248 769 350 862 pauci
370 769 436 838 risi
460 779 544 838 suut
564 781 736 861 tyranno,
761 766 820 836 cui
834 783 1037 862 quenquam
1088 769 1233 847 parente
1263 775 1328 824 suo
1355 777 1419 846 per
1442 754 1606 824 fortunae
1635 754 1859 848 iniquitatem
1886 756 2080 847 patiantur.

57 875 181 944 bonum
202 867 321 942 adhuc
341 870 459 940 rivere
474 869 628 942 dolebat.
680 863 905 937 Theodosius
922 863 1038 954 lmpe-
1090 853 1164 928 Alii
1188 858 1284 950 quod
1307 855 1377 926 sibi
1404 855 1504 926 lucro
1529 856 1688 927 arbitrati
1711 869 1795 928 sunt
1814 859 1909 943 lore,
1942 858 1979 928 id
2002 879 2023 928 a
2043 869 2079 930 ta

57 989 154 1058 rator,
179 975 228 1044 ob
246 973 355 1043 unius
369 971 508 1064 equitis,
533 993 598 1040 uec
612 969 761 1040 omuino
778 970 910 1038 iniuste
925 968 1037 1036 iuter·
1089 971 1272 1050 optarunt,
1298 971 1333 1027 et
1347 969 1506 1049 optatum
1522 957 1759 1028 abstulerunt:
1786 981 1849 1050 ego
1865 959 1895 1029 sl
1909 959 2080 1052 impetra-

57 1077 128 1146 lecti
143 1098 276 1158 necem,
292 1087 425 1162 septem
440 1067 628 1144 homiuum
642 1071 757 1142 millia
774 1072 813 1140 iu
828 1061 1040 1154 urbe'l'hes-
1089 1084 1175 1130 vero
1191 1062 1323 1144 dotem,
1346 1059 1492 1150 iusuper
1506 1061 1551 1129 de
1565 1083 1646 1130 meo
1663 1061 1845 1142 addidero,
1867 1057 1959 1132 hanc
1973 1061 2079 1130 idem

56 1178 199 1246 salonica
226 1174 468 1246 contrucidari
501 1173 614 1246 iussit.
672 1171 788 1262 Quem
814 1195 896 1242 cum
927 1171 975 1240 ob
1000 1169 1038 1236 id
1090 1163 1281 1231 memoriae
1300 1161 1445 1231 extincti
1460 1162 1583 1249 amici,
1606 1176 1640 1233 et
1660 1163 1793 1234 relictis
1807 1165 1852 1234 ab
1871 1187 1911 1232 eo
1928 1163 2081 1248 filiabus,

57 1280 175 1348 iactum
189 1277 296 1346 divus
304 1273 515 1346 Ambrosius
530 1275 874 1358 excommunicasset,
895 1272 1039 1344 taudem
1091 1265 1219 1334 debere
1234 1285 1290 1332 me
1306 1263 1520 1332 existimans.
1567 1263 1624 1333 Ad
1642 1259 1738 1335 huuc
1754 1287 1951 1336 termonem
1966 1287 1986 1334 a
2002 1277 2080 1336 toto

57 1382 95 1448 ad
109 1401 238 1470 corpus
255 1374 433 1446 Ecclesiae
447 1378 576 1446 iterum
593 1387 755 1468 recepto,
780 1372 872 1446 hanc
888 1395 1039 1467 poenam
1090 1365 1255 1436 convivio
1277 1365 1420 1456 plausus
1440 1389 1520 1434 cum
1549 1366 1804 1457 approbatione
1826 1367 1995 1438 excitatus
2017 1379 2081 1446 est,

58 1481 235 1572 imposuit,
274 1491 316 1548 ut
342 1478 622 1571 quotiescunque
653 1471 846 1550 scitatum
882 1475 1040 1554 sentiret,
1090 1467 1275 1560 victusque
1302 1461 1489 1558 Philippus
1511 1465 1613 1538 iussit
1639 1468 1773 1559 puellas
1793 1467 1919 1562 Satyro
1941 1465 2081 1552 adduci,

58 1581 187 1650 nullum
203 1579 352 1650 verbum
374 1580 473 1670 prius
488 1601 596 1671 quam
617 1573 845 1670 alphabetum
861 1575 1038 1649 Graecum
1091 1583 1196 1662 atquc
1212 1569 1250 1636 in
1264 1591 1390 1638 manos
1407 1569 1520 1654 tradi,
1544 1570 1738 1640 admiratus
1752 1565 1909 1641 hominis
1923 1571 2028 1639 fldem
2045 1581 2081 1640 et

59 1684 171 1754 ordine
183 1679 427 1760 recensuisset,
449 1681 732 1774 proloqueretur,
755 1681 915 1752 hatur-um
933 1689 1040 1760 ratus,
1091 1672 1129 1740 ln
1145 1671 1292 1740 colenda
1309 1665 1461 1739 amicitia
1476 1671 1726 1757 constantiam,
1751 1686 1785 1744 et
1801 1671 1946 1764 insuper
1961 1674 2081 1743 dotem

59 1778 170 1854 uthac
200 1804 302 1852 mora
325 1781 570 1874 interposita,¹
588 1781 703 1872 prima
731 1781 866 1852 rabiosi
894 1780 1040 1850 allectus
1090 1769 1188 1860 Rege
1209 1772 1353 1862 dignam
1379 1773 1519 1842 adiecit.
1578 1769 1655 1842 Etsi
1679 1769 1922 1867 Apollophaui
1950 1797 1990 1844 ac
2012 1773 2082 1846 toti

60 1883 216 1954 violentia
241 1877 413 1952 nonnihil
434 1883 703 1963 defervesceret,
729 1895 764 1954 et
787 1882 960 1952 memoria
975 1881 1041 1950 ad·
1090 1873 1245 1942 familiae
1264 1873 1374 1962 ipsius
1391 1895 1465 1942 uon
1485 1873 1662 1944 immerito
1680 1873 1914 1962 irascebatur,
1939 1877 1969 1948 is
1985 1875 2081 1946 euim

60 1985 146 2054 missi
159 2007 222 2076 per
235 1984 326 2052 iram
341 1983 496 2052 crudelis
509 1983 697 2070 iaciuoris,
721 2007 787 2076 per
806 1981 1039 2075 irampatrati
1092 1997 1132 2043 ex
1148 1974 1342 2044 coniuratis
1355 1997 1449 2044 unus
1462 1976 1587 2062 luerat,
1608 1976 1768 2068 aquibus
1779 1979 1978 2049 Alexander
1992 1973 2080 2049 Phi·

61 2087 184 2170 delicti,
209 2085 331 2156 auimo
345 2085 510 2170 subienq,
533 2085 765 2154 adsauiorem
782 2099 937 2156 mentem
960 2105 1039 2154 eom
1092 2075 1183 2166 lippi
1203 2077 1310 2144 lrater
1325 2099 1388 2166 per
1407 2075 1555 2146 iusidias
1575 2077 1923 2163 interiectusfuerat,
1947 2082 2092 2151 condus

62 2201 90 2258 et
101 2186 369 2278 placabilitatem
384 2197 573 2256 revocaret.
625 2183 704 2256 lloc
719 2188 876 2258 remedio
891 2207 974 2256 usus
989 2196 1040 2253 est
1091 2177 1190 2248 navit
1209 2191 1329 2247 tamen
1352 2180 1460 2261 iram,
1495 2201 1535 2248 ac
1557 2179 1613 2250 ius
1633 2203 1736 2250 suum
1757 2181 1795 2250 io
1819 2196 1936 2273 captas
1959 2181 2081 2274 pietati

63 2289 151 2358 divus
177 2285 394 2358 Ambrosius
424 2289 468 2356 ad
498 2287 697 2358 sanandum
727 2289 893 2358 morbum
919 2281 1041 2356 Theo·
1092 2278 1229 2371 Satyri,
1261 2291 1366 2372 atque
1389 2299 1470 2348 eum
1490 2281 1618 2350 deiude
1641 2282 1752 2371 magis
1775 2279 1920 2355 charum
1945 2278 2082 2356 habuit.

63 2390 152 2460 dosii.
202 2386 255 2460 Aa
271 2382 468 2458 Chuurado
483 2383 600 2458 Sucro
623 2381 717 2458 nihil
733 2389 865 2459 talibus
886 2391 930 2458 ad
952 2388 1038 2456 iram
1090 2377 1201 2468 Digni
1223 2381 1328 2450 laude
1351 2393 1516 2473 uterque,
1547 2381 1628 2466 ille,
1660 2385 1756 2476 qood
1781 2385 1885 2454 fidem
1906 2384 2084 2454 amicitiae

63 2491 255 2560 bacaudam
272 2489 435 2558 remediis
447 2509 537 2579 opus
552 2489 635 2572 luit,
658 2513 762 2584 quem
787 2503 935 2561 naturae
958 2511 1042 2558 suae
1091 2481 1234 2572 propria
1261 2481 1413 2550 utilitate
1434 2481 1607 2572 potiorem
1630 2485 1751 2570 duxit,
1784 2487 1977 2580 maluitque
2000 2507 2082 2556 cum

63 2592 206 2671 bouitas,
233 2605 271 2661 et
291 2603 475 2680 conspecta
490 2589 529 2658 iu
551 2583 652 2660 hoste
663 2591 777 2660 virtus
790 2593 906 2662 statim
924 2591 1041 2681 placa·-
1092 2583 1249 2674 periculo
1279 2582 1419 2667 amicis,
1452 2607 1558 2676 quam
1586 2595 1662 2654 tuto
1694 2585 1762 2655 sibi
1790 2589 1987 2657 consulere:
2022 2580 2083 2656 hic

64 2693 117 2762 rit:
137 2693 220 2764 vicit
234 2715 312 2760 non
330 2689 449 2760 miuus
464 2689 655 2762 ioctiterse
676 2692 793 2782 ipsum
809 2715 914 2784 quam
937 2705 1038 2760 autea
1092 2686 1186 2776 quod
1212 2685 1355 2772 dignam
1377 2683 1441 2752 tali
1472 2682 1638 2776 Principe
1671 2687 1943 2776 placabilitatem
1977 2699 2083 2782 atque

64 2788 184 2864 hostem
206 2794 360 2876 vicerat,
385 2803 422 2862 et
445 2813 486 2860 ex
511 2791 592 2875 illa,
617 2815 723 2884 qoam
739 2815 780 2862 ex
802 2787 868 2862 hac
882 2791 1041 2876 victoria,
1092 2785 1314 2854 clementiam
1332 2805 1411 2872 erga
1431 2785 1567 2855 inimici
1582 2787 1673 2856 filias
1690 2790 1880 2878 praestitit,
1902 2813 1967 2860 nec
1990 2790 2081 2859 iram
2103 2863 2115 2870 ,

64 2895 161 2990 multo
181 2893 399 2964 nobiliorem
421 2915 463 2962 ac
482 2892 725 2981 gloriosiorem
742 2889 964 2984 triumphum
985 2917 1041 2961 re·
1092 2887 1185 2978 apud
1207 2908 1244 2954 se
1267 2886 1347 2978 plus
1369 2885 1502 2971 valere,
1527 2911 1633 2982 quam
1651 2889 1791 2962 virtutis
1810 2892 2082 2963 admirationem

65 2997 204 3084 portavit
243 2990 433 3084 Philippus
475 2995 644 3073 Macedo,
702 3009 804 3086 pater
844 2993 1039 3064 Alexandri
1094 3009 1214 3078 passus
1235 3001 1298 3057 est.
1349 2985 1419 3058 Sed
1443 3009 1517 3057 uon
1538 2989 1645 3080 paulo
1660 2992 1830 3062 maiorem
1847 2991 1989 3065 laudem
2006 3015 2083 3062 me-

66 3092 191 3184 Mrgui,
217 3119 298 3166 cum
316 3087 538 3188 Olynthum,
564 3117 669 3186 quam
685 3095 748 3164 diu
763 3119 892 3187 magno
911 3109 1041 3166 conatu
1093 3101 1241 3159 ruerunt
1256 3087 1489 3160 Germanicae
1508 3104 1690 3162 matronae
1709 3117 1815 3188 quam
1832 3093 1995 3191 Satyrus:
2022 3089 2084 3164 hic
2140 3165 2143 3173 ,

67 3208 93 3264 et
105 3197 255 3286 periculo
271 3197 475 3279 obsederat,
500 3195 643 3264 tandem
658 3211 897 3287 expugnasset.
941 3195 1041 3266 Poti-
1093 3189 1187 3258 enim
1203 3191 1337 3284 aliquid
1355 3191 1533 3260 commodi
1549 3193 1654 3264 amici
1670 3215 1772 3264 causa
1792 3197 1958 3288 proiecit,
1985 3194 2083 3264 veuit

66 3309 112 3366 tus
124 3297 258 3368 difficili
271 3295 441 3382 victoria,
466 3296 598 3366 dicitur
615 3297 719 3366 ludos
734 3299 813 3368 iesti
829 3321 873 3367 ac
883 3297 1041 3368 laeticiae
1094 3291 1132 3358 iu
1165 3293 1362 3382 periculum
1395 3315 1443 3359 uc
1469 3293 1643 3363 excideret
1676 3297 1923 3368 benevolentia
1956 3295 2082 3386 Regis:
2228 3381 2234 3388 ,

67 3419 156 3468 causa
168 3399 307 3480 lethae,
329 3419 483 3490 quorum
498 3397 665 3467 ludorum
682 3397 740 3467 die
756 3423 835 3469 cum
851 3400 1041 3470 sacrificas.
1093 3393 1174 3460 illae
1203 3393 1242 3460 in
1274 3388 1432 3462 humeris
1459 3394 1605 3464 maritos
1628 3395 1831 3490 liberosque
1854 3423 1918 3491 pet·
1945 3399 2082 3466 medios

68 3511 124 3582 set,
155 3514 190 3570 et
208 3499 376 3571 convivio
401 3499 533 3568 amicos
554 3519 637 3566 suos
656 3497 826 3568 acDuces
844 3502 1041 3593 accepisset,
1093 3490 1209 3563 hostes
1226 3494 1444 3574 extulerunt,
1470 3494 1508 3562 iu
1525 3495 1654 3588 quibus
1671 3497 1827 3568 indolem
1847 3500 1951 3589 longe
1967 3499 2083 3566 maio-
2161 3535 2165 3540 ·

69 3596 99 3666 iu
111 3600 227 3672 viuum
242 3614 278 3672 et
291 3595 507 3670 hilaritatem
524 3595 673 3683 effusus,
698 3598 800 3672 iussit
813 3623 1041 3695 unumquen-
1092 3617 1166 3662 rem
1199 3595 1263 3663 illo
1294 3617 1396 3678 scau,
1428 3617 1471 3662 ac
1492 3607 1650 3666 veterum
1675 3593 1904 3670 heminarum
1929 3599 2083 3668 similem

69 3721 125 3790 que
139 3703 366 3772 convivarum
383 3699 519 3794 aliquid
543 3722 615 3770 ase
634 3713 771 3795 petere,
796 3705 893 3796 quod
913 3702 1040 3795 cuique
1091 3694 1204 3766 luisse
1224 3698 1387 3787 adparet,
1411 3719 1498 3789 quas
1520 3719 1593 3766 non
1609 3709 1662 3768 tot
1687 3715 1844 3771 armatae
1858 3721 2002 3785 manus,
2028 3711 2082 3770 tot

68 3805 276 3872 commodum
299 3813 334 3872 ct
360 3800 509 3891 dignum
534 3813 623 3871 esset
652 3800 791 3894 allege
814 3804 896 3894 peti.
947 3801 1041 3874 Aliis
1092 3797 1200 3887 gladii
1227 3819 1266 3866 ac
1283 3796 1544 3894 circumstantia
1557 3799 1625 3869 tela
1638 3802 1883 3885 retinuerunt,
1904 3803 1992 3896 quin
2008 3823 2080 3874 uua
2148 3809 2159 3820 '

71 3899 164 3989 igitur
188 3904 287 3973 alind
316 3903 516 3994 petentibus
542 3925 582 3972 ac
609 3902 897 3993 impetrantibus,
935 3919 1042 3996 prout
1092 3921 1172 3968 cum
1191 3899 1281 3984 ⁸⁰5⁸,
1307 3899 1335 3968 tl
1352 3899 1439 3990 quid
1462 3899 1612 3990 periculi
1628 3915 1735 3984 “tela
1761 3905 1939 3984 tnblressl.
1966 3915 2000 3973 tl
2015 3925 2080 3994 Ρο-

70 4003 179 4096 cuique
200 4028 286 4076 usus
308 4016 405 4089 erat,
434 4003 532 4074 solos
553 4003 623 4072 iam
644 4006 796 4076 restabat
810 4003 1040 4101 SatyrusCo-
1093 4001 1163 4070 tius
1185 4001 1292 4069 semel
1313 4023 1458 4093 unaque
1480 4002 1654 4092 perirent,
1678 4028 1785 4098 quam
1806 4005 1902 4076 solae
1918 4005 1959 4074 iu
1981 4005 2080 4075 orbi·

70 4108 215 4191 moedus,
240 4105 303 4198 qui
319 4118 464 4196 pmpter
476 4117 587 4175 artem
603 4118 637 4176 et
655 4105 789 4195 ingenii
801 4107 1040 4194 dexteritatem
1091 4114 1163 4170 tate
1183 4125 1223 4172 ac
1244 4101 1359 4185 luctu,
1392 4103 1487 4194 quod
1512 4101 1688 4196 reliquum
1715 4119 1802 4178 esset
1822 4107 1932 4192 vitae,
1964 4106 2081 4196 exige-

71 4206 343 4298 praecipuaapud
361 4205 493 4298 Regem
509 4205 621 4296 grstia
640 4221 725 4278 erat.
775 4205 869 4278 llum
886 4233 965 4280 cum
982 4209 1040 4277 ui·
1091 4213 1182 4274 rent.
1226 4200 1488 4271 Laudanturiu
1505 4198 1661 4274 historiis
1676 4203 1849 4278 Romanis
1865 4209 1997 4299 priscae
2014 4207 2081 4279 Sa-

71 4297 114 4372 hil
142 4303 253 4380 adhuc
285 4307 485 4400 petivisset,
529 4307 684 4378 invitant
713 4309 840 4379 caeteri
877 4311 1040 4400 primum,
1091 4303 1212 4387 binae,
1238 4305 1334 4396 qood
1358 4304 1519 4394 precibus
1541 4315 1576 4375 et
1598 4307 1795 4378 intercurso
1817 4332 1881 4380 suo
1905 4309 2078 4402 praelium

71 4405 180 4477 deinde
211 4411 287 4502 ipse
319 4405 524 4500 Philippus,
562 4421 602 4477 ut
640 4411 940 4502 quemadmodum
977 4410 1041 4480 alii
1091 4406 1184 4474 inter
1199 4405 1345 4474 maritos
1359 4427 1399 4473 ac
1413 4419 1581 4496 parentes
1600 4409 1827 4486 diremernnt.
1879 4410 1930 4483 Aa
1946 4423 2080 4504 quanto

72 4503 224 4592 iecissent,
250 4512 324 4602 ipse
338 4533 481 4604 quoque
494 4507 628 4604 aliquid
644 4521 794 4602 peteret,
820 4535 886 4582 uec
903 4513 1039 4581 donum
1091 4505 1220 4578 iustius
1241 4505 1433 4600 laudantur
1454 4521 1612 4594 nostrae,
1637 4533 1728 4603 quae
1748 4512 1854 4604 longe
1875 4509 2080 4606 pulchriore

72 4622 121 4678 aut
140 4611 416 4682 mussolentiam
430 4609 540 4702 Regis
559 4611 840 4701 adspernaretur.
893 4607 942 4683 At
961 4613 1039 4683 ille:
1091 4607 1247 4678 facinore
1261 4631 1381 4699 pacem
1397 4608 1647 4680 coniecerunt?
1678 4609 1811 4686 lllustri
1828 4616 1920 4686 etad
1935 4635 2077 4684 omnem
2126 4643 2128 4652 ,

75 4703 242 4794 Quandoa
258 4713 444 4797 teiuheor,
469 4713 600 4807 inquit,
622 4709 712 4793 Rex,
737 4727 853 4805 petam
869 4715 918 4798 id,
943 4716 1038 4807 quod
1091 4709 1305 4802 posteritatis
1317 4709 1523 4778 memoriam
1540 4711 1667 4782 celebri
1687 4714 1780 4786 lacto
1796 4715 1961 4809 pietatem
1979 4737 2078 4786 suam
2201 4793 2205 4806 ⁸

75 4821 102 4876 at
121 4807 202 4882 mihi
221 4806 356 4907 petere,
389 4827 424 4884 et
440 4814 508 4884 tibi
535 4813 658 4904 largiri
678 4815 830 4885 maxime
851 4812 1038 4885 honestum
1091 4833 1172 4901 erga
1186 4812 1353 4904 coniuges
1367 4811 1591 4883 declaramnt
1606 4811 1812 4910 Minyarum
1826 4841 1970 4902 urores3
1997 4839 2077 4886 cum

77 4904 185 4986 iudico.
218 4913 302 4988 Fuit
315 4910 406 4986 mihi
420 4929 521 4988 vetus
534 4913 688 4986 amicitia
703 4929 738 4986 et
752 4911 945 5008 hospitium
958 4939 1046 4987 cum
1091 4913 1187 4982 enim
1211 4913 1288 4986 viri
1302 4937 1343 4982 ex
1371 4937 1411 4981 ea
1436 4913 1572 4983 familia
1592 4937 1734 5002 omnes,
1768 4939 1918 4990 numero
1937 4917 2079 4988 circiter

78 5005 303 5108 Apollophane
323 5015 524 5111 Pyduensi,
564 5015 729 5110 quicum
753 5041 795 5088 cx
815 5017 957 5087 insidiis
979 5017 1036 5087 in·
1089 5011 1213 5095 XXX,
1241 5029 1389 5107 propter
1401 5013 1551 5088 affectati
1565 5017 1799 5107 suspicionem
1815 5020 1914 5111 regui
1932 5043 1951 5088 a
1966 5017 2078 5110 Spar·

78 5113 221 5204 leriisset,
252 5132 450 5190 metuentes
469 5119 610 5210 cognati
640 5119 729 5189 iram
760 5119 911 5210 regiam,
949 5119 1038 5188 filias
1089 5116 1182 5186 tanis
1202 5117 1368 5210 publicae
1379 5116 1558 5186 custodiae
1572 5117 1719 5206 inclusi,
1736 5135 1770 5192 et
1787 5119 1960 5213 supplicio
1980 5118 2079 5211 capi·

79 5208 139 5282 ⁸5⁰2
155 5241 272 5307 parcas
291 5215 409 5293 adhoc
431 5213 725 5316 Olynthum,'nt
749 5220 800 5291 ibi
830 5220 943 5291 tutior
965 5220 1038 5291 rita
1088 5217 1153 5286 tali
1173 5215 1243 5288 iam
1269 5216 1436 5288 destinati
1457 5229 1592 5310 essent,
1618 5223 1719 5313 quod
1740 5243 1820 5292 cum
1836 5233 1955 5293 vetere
1974 5221 2078 5292 iusti-

80 5305 137 5382 llllt
154 5335 251 5406 esest,
277 5321 568 5395 transmiserunt:
601 5315 667 5390 bae
689 5343 787 5392 nunc
816 5333 915 5415 capta
946 5322 1038 5392 urbe
1088 5331 1166 5389 tuto
1179 5317 1543 5392 Lacedaemoniorum
1558 5333 1735 5392 nocturno
1758 5335 1918 5418 tempore
1940 5326 2078 5416 passuri

81 5415 212 5505 murae
235 5435 417 5510 nummu,
448 5425 589 5498 nobiles
611 5421 703 5508 iam,
717 5477 718 5482 ,
734 5437 840 5518 atque
862 5435 1038 5496 mactate
1088 5434 1223 5528 essem,
1254 5421 1421 5513 coniuges
1451 5441 1573 5492 eorum
1603 5443 1645 5492 ex
1674 5423 1904 5498 nobilissimis
1932 5424 2079 5498 familiis
