4704 5826
94 337 173 412 ooo
827 334 1405 419 necnonnnomus.
1581 345 1585 358 ¹
1834 340 1874 453 j
1955 279 2006 360 fi
2063 335 2139 410 oco

93 513 366 597 bernatoribus,
392 525 508 584 tamen
523 529 557 587 et
573 515 647 606 ipae
661 527 781 586 manet
796 515 834 584 in
857 515 1026 598 statione,
1053 539 1092 582 ac
1141 525 1182 581 ut
1198 509 1295 585 Deus
1312 511 1425 582 iustus
1441 522 1475 582 et
1491 509 1619 578 vindex
1644 479 1815 579 sceleruni
1839 503 2037 593 coherceat,
2061 523 2139 580 toto

93 615 267 684 maiorem
293 629 429 706 partem
452 617 739 712 delinquentium
761 617 834 686 suis
857 619 1022 687 manibus
1048 620 1089 684 ad
1143 638 1223 683 eum
1244 627 1384 704 pectore
1401 635 1476 680 oro.
1529 609 1583 680 Ac
1602 612 1688 681 tales
1704 614 1902 682 orationem
1920 614 1964 680 de
1980 612 2139 682 bonitate

91 717 269 810 supplicia
291 718 395 808 rapiti
452 715 534 788 Non
558 719 754 810 puniebant
777 721 911 790 iudices
934 716 1090 788 Pharao·
1143 717 1278 803 legum,
1314 729 1346 784 et
1375 713 1512 782 ordinis
1541 713 1655 782 divini
1685 715 1722 782 in
1752 715 2009 804 gubernatione
2035 715 2139 798 vitae,¹

91 841 196 902 nem,
222 814 488 902 Alexandrum,
515 817 754 907 Antiochum,
779 817 998 907 diatonium,
1023 820 1092 891 Ca·
1143 813 1257 886 nihilo
1291 818 1401 906 magis
1433 818 1603 901 audiunt,
1636 841 1741 909 quam
1772 811 2014 909 Polyphemus
2043 821 2138 907 apud

92 921 265 1010 ligulam,
293 918 492 1008 Neronem,
519 937 552 993 et
570 925 850 994 innumerabiles
867 925 973 1008 alios,
999 949 1091 1014 quo·
1142 919 1340 988 Homerum
1364 921 1465 990 audit
1485 917 1648 1011 Ulyssem
1672 921 1715 987 dc
1738 919 1870 990 iudicio
1893 918 1959 990 Dei
1985 917 2139 1012 loquen-
2236 965 2242 978 ·

93 1047 168 1116 quo
200 1024 309 1092 modo
339 1025 493 1112 pollutos
525 1025 692 1095 omnibus
722 1027 953 1118 temporibus.
1014 1023 1090 1094 Hos
1142 1037 1230 1107 tem,
1256 1021 1313 1091 cni
1330 1023 1520 1114 respondet
1541 1015 1596 1089 his
1613 1022 1747 1090 verbis:

92 1139 214 1194 tamen
237 1147 362 1194 omues
379 1126 499 1194 divina
517 1124 698 1211 Nemesis,
718 1131 760 1197 'ut
777 1129 863 1196 olim
888 1130 1090 1205 vocabatur,

92 1229 272 1318 oppressit
288 1226 388 1296 iustis
407 1227 548 1318 poenis,
574 1241 607 1298 et
621 1231 797 1320 opprimet
811 1232 978 1300 omnibus
996 1245 1091 1299 aeta-

93 1329 203 1400 tibus.
257 1323 306 1399 Et
319 1330 543 1400 verissimum
556 1345 607 1400 eat
623 1333 756 1401 dictum
774 1332 879 1401 illud:
1142 1329 1304 1400 Sciamus
1326 1338 1441 1396 autem
1464 1324 1551 1394 tales
1570 1349 1643 1394 non
1661 1337 1798 1396 tantum
1819 1339 1966 1394 naturae
1985 1323 2138 1392 infirmi-

1142 1445 1213 1500 tate
1238 1453 1401 1520 peccare,
1435 1429 1494 1494 sed
1522 1421 1617 1496 haud
1644 1428 1752 1496 dubie
1775 1451 1793 1495 a
1817 1427 1970 1496 diabolis
1999 1425 2138 1514 agitari.

1143 1533 1264 1622 Quare
1281 1531 1339 1598 alii
1361 1529 1606 1610 modestiores,
1630 1529 1692 1624 qui
1707 1529 1915 1620 disciplinae
1937 1529 2057 1597 frenos
2073 1552 2138 1618 pa·-

1142 1639 1298 1716 liuntur,
1339 1631 1633 1702 consuetudinem
1660 1655 1782 1702 eorum
1812 1631 1973 1720 fugiunt,
2008 1652 2137 1721 eosque

93 1727 142 1801 Et
161 1733 366 1802 notissimae
381 1745 464 1804 sunt
477 1734 772 1806 comminationes
788 1735 961 1805 divinitus
979 1738 1091 1806 tradi·
1142 1739 1240 1807 velut
1265 1749 1377 1826 pestes
1398 1749 1433 1804 et
1454 1725 1680 1828 ἀλάστορας,
1716 1733 1899 1803 civitatum
1922 1745 1955 1801 et
1976 1733 2137 1820 gentium

93 1845 169 1902 tae:
195 1830 270 1921 Qui
286 1833 442 1922 gladium
456 1838 646 1928 acceperit,
669 1839 787 1927 gladio
804 1839 946 1930 peribit.
987 1842 1089 1907 ltem:
1144 1842 1265 1909 vitent.
1327 1833 1393 1905 llis
1419 1859 1503 1904 vero
1532 1835 1825 1914 modestioribus,
1860 1837 1923 1928 qui
1947 1833 2138 1924 disciplina

1217 1179 1309 1244 Nulla
1325 1176 1407 1243 Iovia
1422 1175 1593 1262 Cyclopum
1608 1183 1725 1240 animos
1740 1183 1904 1240 reverentia
1918 1181 2024 1260 tangit.

198 1479 270 1548 Non
292 1487 382 1562 urbs,
409 1506 473 1546 non
489 1489 592 1568 regio,
618 1509 680 1550 non
696 1501 773 1550 aetas
789 1493 851 1550 ulla
867 1495 961 1552 severi

196 1584 310 1652 Iudicii
324 1591 492 1670 exemplis,
515 1611 578 1652 non
595 1591 703 1654 domus
720 1595 782 1654 ulle
798 1608 887 1654 caret.

93 1934 316 2006 Scortatores
338 1951 372 2006 et
397 1939 577 2007 adulteros
600 1937 893 2015 iudicabitDcus.
934 1935 982 2009 Et
1002 1940 1091 2007 aliae
1142 1955 1331 2029 reguntur,
1357 1940 1419 2030 qui
1442 1949 1476 2006 et
1494 1961 1566 2006 esse
1586 1929 1701 2006 Deum
1717 1939 1933 2028 sapientem,
1954 1937 2088 2006 iustum
2103 1952 2138 2008 et
2243 1993 2245 1998 .

93 2038 241 2110 multae.
279 2035 387 2107 Hunc
404 2051 518 2110 totum
534 2041 697 2110 ordinem
716 2042 983 2132 gubernationis
999 2043 1091 2110 vitae
1142 2043 1318 2111 vindicem
1336 2053 1506 2122 statuunt,
1524 2051 1557 2108 et
1573 2039 1647 2108 eius
1659 2039 1748 2108 iram
1766 2053 1800 2108 et
1816 2062 1947 2130 poenas
1961 2051 2138 2124 metuunt,

94 2135 276 2208 humanae
290 2140 464 2210 sancitum
481 2141 665 2226 divinitus,
691 2146 914 2213 considerare
930 2144 1092 2236 quotidie
1142 2145 1213 2214 scio
1231 2169 1305 2212 nou
1326 2143 1499 2232 ingratam
1523 2163 1597 2208 esse
1614 2143 1810 2210 orationem
1833 2143 1877 2210 de
1892 2140 2010 2230 legum
2031 2139 2139 2209 boni-

94 2241 289 2326 debemos,
328 2265 370 2312 ac
398 2243 506 2312 simul
541 2245 803 2336 gratias·agere
831 2245 1091 2336 sapientissimo
1142 2263 1223 2316 tate.
1285 2243 1379 2328 Hos,
1413 2267 1491 2311 cum
1515 2243 1715 2312 norinteas
1738 2241 1806 2312 Dei
1832 2266 1953 2312 vocem
1976 2265 2069 2326 esse,
2102 2253 2138 2312 et

94 2343 288 2424 conditori,
313 2356 440 2414 etcum
455 2369 566 2430 orare,
593 2361 632 2416 ut
649 2341 745 2418 hunc
762 2349 924 2418 ordinem
940 2361 1092 2432 tueatur,
1142 2373 1221 2418 cum
1245 2349 1390 2416 videant
1408 2340 1504 2414 harno
1528 2344 1690 2412 ordinem
1720 2345 1924 2435 politicum,
1956 2341 2027 2414 Dei
2047 2367 2138 2436 opus

94 2469 137 2513 ac
166 2459 304 2515 nostras
333 2459 469 2516 mentes
498 2449 537 2515 in
566 2451 729 2537 regendis
758 2451 918 2520 moribus
941 2451 1091 2520 adiuvet.
1143 2475 1232 2536 esse,
1258 2465 1292 2520 et
1311 2471 1443 2517 maenius
1469 2447 1563 2515 vitae
1586 2459 1727 2516 nostrae
1752 2447 2002 2533 utilissimum,
2034 2447 2137 2518 obto-

94 2544 439 2640 Haecquilaciunt,
470 2547 667 2638 intelligere
684 2565 884 2646 utcunque,
916 2553 1004 2644 quid
1020 2552 1091 2622 Lex
1142 2565 1378 2642 storpropter
1392 2547 1527 2626 Deum,
1553 2561 1592 2616 ut
1609 2571 1712 2638 saepe
1731 2550 1954 2642 multumque
1973 2549 2137 2639 cogitent,

95 2649 159 2733 sit,
186 2661 367 2750 poterunt.
418 2647 611 2720 Nouenim
634 2651 1093 2744 initialegumsuntaSo-
1143 2655 1203 2748 qui
1220 2656 1289 2724 sint
1305 2655 1421 2741 legum
1439 2651 1570 2732 sorites,
1593 2664 1627 2719 et
1644 2649 1731 2744 quid
1748 2651 1793 2720 sit
1816 2665 1912 2720 totns
1930 2653 2020 2720 ordo
2044 2650 2175 2742 poli-f

12 2786 15 2795 ·
95 2751 191 2818 lonis
217 2763 279 2820 aut
299 2747 590 2822 Decemvirorum
613 2753 759 2837 tabulis,
788 2757 860 2824 imo
885 2755 1090 2850 nequidem
1142 2759 1246 2826 ticos:
1282 2750 1741 2846 etbac'cogitationesese
1765 2753 1958 2824 exuscitent
1982 2747 2135 2822 adhaec

95 2852 235 2923 abillis
257 2853 368 2922 saxeis
389 2854 532 2926 tabulis.
585 2853 654 2925 Sed
675 2857 1003 2928 lexest'aeternaet
1024 2859 1092 2924 im-
1142 2858 1261 2926 divina
1286 2859 1379 2924 hona
1410 2854 1628 2939 veneranda,
1664 2865 1697 2924 et
1721 2857 1764 2922 ad
1795 2853 2035 2924 obedientiam
2059 2853 2135 2924 Deo

96 2969 193 3026 mota
217 2954 388 3044 sapientia
411 2969 445 3026 et
467 2955 605 3026 iusticia
623 2953 710 3042 Dei,
737 2961 836 3029 cuius
853 2960 944 3028 radii
969 2961 1006 3028 in
1029 2983 1091 3026 na·
1142 2960 1316 3038 debitam,
1339 2982 1378 3026 ae
1400 2956 1610 3048 disciplinae
1632 2979 1800 3024 amorem.
1854 2954 1936 3027 Scio
1956 2955 2059 3026 aliter
2076 2978 2136 3026 ac-

96 3069 197 3126 turas
219 3056 457 3146 intelligentes
481 3058 594 3149 sparsi
618 3071 723 3144 sunt,
748 3074 788 3130 ut
802 3075 942 3132 nostrae
958 3073 1092 3130 mentes
1141 3062 1211 3152 cipi
1226 3062 1422 3130 orationem
1438 3059 1482 3126 de
1496 3057 1683 3149 disciplina
1698 3081 1717 3127 a
1732 3057 1946 3139 iunioribus,
1964 3071 1999 3128 et
2014 3081 2033 3128 a
2046 3070 2137 3128 natu

96 3172 133 3230 et
167 3158 281 3228 nostri
313 3181 432 3228 mores
466 3183 545 3228 eurr
579 3137 697 3230 mahte
723 3161 845 3230 divina
877 3176 1090 3252 congruant:
1141 3163 1403 3254 grandioribus,
1430 3160 1799 3253 quiiamnonsolum
1819 3175 1949 3245 aetate,
1974 3158 2138 3232 doctrina

57 3272 60 3281 '
96 3281 205 3352 quam
229 3281 328 3330 suam
354 3259 563 3350 sapientiam
591 3275 624 3331 et
650 3262 824 3333 iusticiam
841 3261 938 3334 Deus
958 3279 991 3334 et
1010 3288 1092 3333 voce
1141 3281 1183 3336 et.
1198 3290 1265 3336 usu
1281 3263 1474 3333 adsuefacti
1495 3275 1597 3345 sunt,
1624 3277 1662 3332 ut
1687 3265 1833 3354 propius
1851 3263 2023 3354 aspiciant
2042 3257 2137 3332 hanc

55 3433 59 3440 ,
96 3358 309 3446 declaravit,
342 3362 449 3432 editis
479 3362 678 3434 illustribus
705 3357 918 3437 testimoniis
944 3367 983 3434 in
1005 3368 1092 3436 edu·
1141 3368 1208 3440 Dei
1232 3365 1461 3459 sapientiam,
1493 3377 1528 3433 et
1551 3364 1689 3433 ordinis
1717 3360 2041 3456 pulchritudinem,
2074 3363 2137 3435 sed

96 3465 216 3532 ctione
244 3459 481 3534 lsraiilitarum
516 3487 556 3534 ex
580 3461 762 3561 Aegypto,
797 3481 832 3538 et
864 3491 967 3560 saepe
994 3469 1091 3540 alias.
1142 3471 1246 3542 etiam
1269 3465 1529 3538 calamitatibus
1553 3466 1874 3556 etpoeniseruditi
1895 3479 1997 3550 sunt,
2022 3465 2136 3544 utiu-

98 3561 272 3652 Quotidie
295 3588 381 3635 vero
402 3589 598 3657 poenarum
631 3569 800 3661 exemplis
828 3595 905 3641 eam
929 3571 1092 3640 declarat.
1141 3573 1273 3642 dicium
1290 3585 1324 3641 et
1340 3551 1516 3638 iram'Dei
1533 3568 1643 3657 magis
1657 3581 1829 3638 metuant.
1880 3552 2136 3638 Cunienimre

96 3659 175 3735 Etsi
192 3677 309 3736 autem
324 3685 450 3755 magna
468 3681 521 3738 est
535 3681 682 3740 naturae
702 3664 880 3743 humanae
896 3671 1093 3758 infirmitas,
1143 3679 1218 3766 ipsa
1241 3671 1444 3764 experimur
1463 3683 1612 3740 eventus
1633 3683 1729 3740 certo
1752 3670 1965 3761 respondere
1988 3661 2137 3739 c'ommi-

96 3780 217 3836 tamen
233 3767 492 3862 qualiscunque
504 3793 601 3840 nunc
615 3787 679 3858 est,
698 3769 795 3844 Deus
811 3767 956 3873 reliquit
972 3776 1009 3844 in
1027 3799 1091 3843 no-
1141 3775 1349 3846 nationibus
1368 3768 1518 3858 divinis,
1544 3771 1680 3842 firmior
1701 3772 1741 3842 fit
1761 3771 1943 3858 adsensio,
1969 3768 2064 3842 lctus
2077 3793 2136 3842 aa·

96 3869 155 3940 bis
180 3863 288 3940 buius
314 3891 401 3940 suae
429 3871 516 3962 legis
543 3871 781 3960 intellectum,
814 3889 849 3947 et
873 3877 1091 3946 voluntatem
1141 3879 1215 3970 pit,
1250 3891 1291 3947 ut
1312 3876 1383 3946 dici
1409 3875 1517 3956 solet,
1549 3875 1597 3946 ita
1625 3897 1691 3944 nos
1715 3898 1838 3944 omnes
1867 3871 2137 3944 commonefacti

98 3985 232 4056 armat,
260 3985 596 4063 utregereexterna
614 3977 790 4060 membra,
824 4001 885 4048 seu
900 3993 939 4049 ut
956 3992 1093 4064 vocant,
1144 3979 1283 4071 poenis,
1309 3981 1352 4048 ad
1370 3977 1577 4048 modestiam
1595 4001 1812 4050 revocamur.
1850 3973 1932 4048 Etsi
1952 3975 2062 4066 igitur
2078 3975 2136 4047 iu·

97 4085 237 4142 motum
253 4073 496 4146 voluntarium
510 4075 634 4166 possit:
661 4079 853 4172 etquidem
871 4081 948 4151 vult
966 4083 1091 4150 adsue-
1142 4096 1269 4152 ventus
1292 4080 1444 4151 ferocior
1467 4091 1537 4163 eat,
1562 4091 1680 4148 tamen
1705 4079 1784 4146 ideo
1801 4073 1887 4148 baec
1909 4079 1984 4170 ipsa
2006 4077 2136 4168 guber·

96 4173 174 4244 lieri
191 4169 368 4261 homiues,
386 4187 427 4246 ut
443 4175 581 4247 discant
594 4177 719 4268 legem,
746 4194 781 4252 et
795 4181 939 4252 videant
955 4205 995 4252 ex
1013 4183 1093 4276 qui·
1141 4185 1240 4258 natio
1263 4183 1406 4275 politica
1427 4181 1588 4252 instituta
1608 4192 1678 4260 est,
1703 4195 1743 4250 ut
1758 4180 1940 4264 doctrina,
1965 4179 2137 4272 imperiis,

96 4277 166 4347 bus
186 4275 347 4347 lontibus
362 4301 453 4371 quae
469 4282 787 4353 demonstrationes
811 4297 989 4354 extructae
1009 4285 1093 4370 sint,
1142 4309 1280 4357 carcere
1300 4283 1439 4355 erudiat
1461 4283 1702 4366 iuventutem,
1735 4295 1770 4352 et
1794 4283 1985 4353 cicuratam
2007 4306 2047 4351 ac
2068 4283 2136 4352 do·

98 4391 134 4448 et
165 4379 288 4448 lreuos
319 4377 482 4452 inliciant
514 4383 716 4454 errantibus
749 4385 1019 4477 cupiditatibus,
1054 4413 1093 4457 ac
1142 4390 1266 4459 mitam
1288 4387 1405 4458 llectat
1435 4387 1479 4456 ad
1512 4383 1729 4474 agnitionem
1751 4379 1836 4467 net,
1867 4399 1908 4455 ut
1931 4383 2136 4474 gravissime

97 4501 227 4571 magna
260 4503 344 4584 cura
373 4495 497 4573 regant
527 4495 671 4554 externa
695 4485 870 4574 membra,
898 4513 945 4558 ne
970 4503 1093 4560 contra
1143 4489 1276 4560 Paulus
1292 4488 1421 4582 iuquit,
1431 4485 1504 4560 Lex
1521 4499 1573 4557 eat
1589 4488 1830 4579 paedagogus„
1845 4501 1879 4557 et
1895 4487 2040 4558 additur
2058 4485 2137 4557 laus

98 4581 211 4672 legem
228 4577 298 4654 Dei
320 4583 462 4656 iaciant.
501 4583 599 4654 Haec
619 4609 698 4655 cum
722 4587 794 4660 sint
813 4588 1015 4676 notissima,
1038 4607 1092 4663 ta—
1142 4591 1370 4684 amplissima,
1391 4581 1964 4682 cuminquitessepaedagogum,
1981 4583 2136 4660 utChri-

97 4707 181 4753 men
207 4682 313 4756 multi
335 4709 410 4755 non
434 4687 550 4758 solum
572 4687 775 4759 infirmitate
796 4691 853 4760 vel
879 4693 1092 4783 negligentia
1143 4710 1235 4766 stum
1258 4715 1507 4783 agnoscamus,
1532 4692 1662 4771 idest,
1689 4693 1849 4762 docendo
1872 4705 1907 4762 et
1931 4690 2135 4780 castigando

96 4799 262 4880 peccant,
294 4790 356 4857 sed
391 4782 558 4860 horribili
587 4791 708 4859 lurore
741 4799 973 4864 contemnunt
1001 4796 1093 4887 ipsas
1143 4796 1293 4866 rudibus
1311 4795 1460 4867 instillat
1476 4793 1577 4864 initia
1593 4791 1786 4885 sapientiae
1802 4794 1973 4878 coelestis,
1996 4807 2031 4864 et
2049 4817 2136 4886 pau·

97 4891 211 4980 leges,
242 4890 339 4960 velut
363 4887 536 4962 iniustum
558 4914 743 4962 carcerem.
763 4908 804 4964 ut
820 4893 973 4985 Gorgias
996 4901 1091 4989 apud
1142 4899 1244 4968 latim
1271 4891 1446 4988 provehit,
1467 4897 1660 4978 discentes,
1700 4909 1733 4965 et
1764 4895 1954 4988 compescit
1979 4907 2136 4966 errantes

97 4989 285 5062 Platonem
301 4991 469 5084 disputat,
485 4991 615 5084 Legem
631 5007 822 5088 tyrannum
839 5019 924 5080 esse,
939 5013 973 5068 et
989 5001 1092 5068 dein·
1142 5001 1314 5092 impetus,
1345 5012 1387 5071 nt
1407 5011 1543 5067 mentes
1562 4997 1752 5068 admittant
1773 4998 1973 5068 doctrinam
1995 4997 2040 5066 de
2059 4997 2135 5068 lilio

97 5095 142 5162 de
163 5091 317 5162 effrenes
345 5107 457 5164 ruunt
478 5095 517 5164 in
540 5095 661 5164 omnia
683 5097 824 5170 scelera.
882 5098 988 5170 Tales
1010 5116 1093 5172 suut
1141 5099 1223 5176 Dei.
1272 5099 1342 5172 Nec
1359 5100 1554 5171 existimate
1574 5123 1633 5170 eos
1648 5100 1711 5195 qui
1726 5099 1845 5170 laxant
1860 5101 1980 5172 frenos
1996 5099 2137 5192 cupidi-

97 5194 221 5279 multi,
245 5218 321 5263 non
343 5207 481 5266 tantum
504 5195 609 5289 pauci
625 5193 796 5291 Cyclopes
818 5224 859 5270 ac
881 5199 1092 5299 Laestrygo-
1141 5206 1292 5286 tatibus,
1317 5227 1382 5274 nec
1407 5202 1576 5273 desinunt
1600 5225 1704 5272 ruere
1726 5215 1848 5272 contra
1870 5199 2135 5287 conscientiam,

97 5319 161 5366 nes
183 5297 279 5387 apud
301 5293 522 5384 Homerum,
546 5299 606 5368 sed
629 5301 796 5372 omnibns
815 5301 1036 5394 temporibus
1053 5306 1092 5376 in
1140 5303 1218 5376 Deo
1238 5306 1385 5396 placere.
1435 5303 1625 5374 Manifesta
1647 5317 1731 5373 sunt
1755 5303 1850 5372 enim
1875 5299 1961 5373 baec
1977 5304 2136 5376 oracula:

97 5421 226 5489 genere
240 5393 397 5470 humano
412 5399 538 5489 ingens
552 5401 746 5471 multitudo
762 5417 812 5474 est
827 5405 952 5475 talium
968 5407 1092 5476 luren—
1141 5405 1262 5478 Nolite
1281 5431 1419 5487 errare,
1451 5403 1548 5476 Deus
1571 5428 1647 5476 non
1673 5405 1855 5480 irridetur.
1906 5403 2136 5486 scortatores,

95 5514 153 5572 ter
173 5503 480 5574 contemnentium
503 5501 705 5574 universam
728 5505 972 5598 disciplinamc
1004 5535 1093 5604 quos
1142 5508 1313 5590 adulteri,
1338 5503 1535 5579 homicidae
1551 5531 1627 5577 uon
1649 5507 1881 5600 possidebunt
1894 5531 2044 5599 regnum
2060 5503 2140 5581 nei.
