<?xml version="1.0" encoding="UTF-8"?>
<!DOCTYPE html PUBLIC "-//W3C//DTD XHTML 1.0 Transitional//EN"
    "http://www.w3.org/TR/xhtml1/DTD/xhtml1-transitional.dtd">
<html xmlns="http://www.w3.org/1999/xhtml" xml:lang="en" lang="en">
 <head>
  <title>
</title>
<meta http-equiv="Content-Type" content="text/html;charset=utf-8" />
  <meta name='ocr-system' content='tesseract 3.04.00' />
  <meta name='ocr-capabilities' content='ocr_page ocr_carea ocr_par ocr_line ocrx_word'/>
</head>
<body>
  <div class='ocr_page' id='page_1' title='image "./corpusreformato23melagoog/corpusreformato23melagoog_0283.png"; bbox 0 0 4614 5820; ppageno 0'>
   <div class='ocr_carea' id='block_1_1' title="bbox 215 267 2254 367">
    <p class='ocr_par' dir='ltr' id='par_1_1' title="bbox 215 267 2254 367">
     <span class='ocr_line' id='line_1_1' title="bbox 215 267 2254 367; baseline 0.008 -23"><span class='ocrx_word' id='word_1_1' title='bbox 215 283 293 367; x_wconf 63' lang='grc' dir='ltr'>ω</span> <span class='ocrx_word' id='word_1_2' title='bbox 777 271 942 350; x_wconf 73' lang='lat' dir='ltr'>nucu</span> <span class='ocrx_word' id='word_1_3' title='bbox 991 269 1070 348; x_wconf 87' lang='lat' dir='ltr'>nn</span> <span class='ocrx_word' id='word_1_4' title='bbox 1096 267 1262 350; x_wconf 83' lang='lat' dir='ltr'>notu</span> <span class='ocrx_word' id='word_1_5' title='bbox 1290 269 1706 354; x_wconf 84' lang='lat' dir='ltr'>sorutsrrcus.</span> <span class='ocrx_word' id='word_1_6' title='bbox 2187 282 2254 360; x_wconf 81' lang='lat' dir='ltr'>su</span> 
     </span>
    </p>
   </div>
   <div class='ocr_carea' id='block_1_2' title="bbox 115 431 2296 4458">
    <p class='ocr_par' dir='ltr' id='par_1_2' title="bbox 115 431 2258 1998">
     <span class='ocr_line' id='line_1_2' title="bbox 115 431 2255 541; baseline -0.007 1"><span class='ocrx_word' id='word_1_7' title='bbox 115 505 120 515; x_wconf 91' lang='lat'>·</span> <span class='ocrx_word' id='word_1_8' title='bbox 215 457 415 541; x_wconf 87' lang='lat' dir='ltr'>docibilius</span> <span class='ocrx_word' id='word_1_9' title='bbox 438 451 506 526; x_wconf 89' lang='lat' dir='ltr'>tibi</span> <span class='ocrx_word' id='word_1_10' title='bbox 528 449 705 535; x_wconf 79' lang='lat' dir='ltr'>offendes,</span> <span class='ocrx_word' id='word_1_11' title='bbox 737 448 1013 539; x_wconf 88' lang='lat' dir='ltr'>modo&#39;dignum</span> <span class='ocrx_word' id='word_1_12' title='bbox 1034 448 1113 518; x_wconf 85' lang='lat' dir='ltr'>eins</span> <span class='ocrx_word' id='word_1_13' title='bbox 1127 444 1218 518; x_wconf 91' lang='lat' dir='ltr'>Pro·</span> <span class='ocrx_word' id='word_1_14' title='bbox 1264 445 1370 518; x_wconf 89' lang='lat' dir='ltr'>dium</span> <span class='ocrx_word' id='word_1_15' title='bbox 1385 446 1477 518; x_wconf 93' lang='lat' dir='ltr'>illud</span> <span class='ocrx_word' id='word_1_16' title='bbox 1492 431 1756 520; x_wconf 82' lang='lat' dir='ltr'>nobilissimum</span> <span class='ocrx_word' id='word_1_17' title='bbox 1781 451 1866 522; x_wconf 90' lang='lat' dir='ltr'>satis</span> <span class='ocrx_word' id='word_1_18' title='bbox 1886 455 2064 528; x_wconf 76' lang='lat' dir='ltr'>consecuti</span> <span class='ocrx_word' id='word_1_19' title='bbox 2078 455 2255 528; x_wconf 79' lang='lat' dir='ltr'>fuerimus:</span> 
     </span>
     <span class='ocr_line' id='line_1_3' title="bbox 152 547 2256 650; baseline -0.008 -5"><span class='ocrx_word' id='word_1_20' title='bbox 152 589 156 600; x_wconf 95' lang='grc'>·</span> <span class='ocrx_word' id='word_1_21' title='bbox 215 576 388 644; x_wconf 73' lang='lat' dir='ltr'>sessorem</span> <span class='ocrx_word' id='word_1_22' title='bbox 411 573 447 630; x_wconf 88' lang='lat' dir='ltr'>te</span> <span class='ocrx_word' id='word_1_23' title='bbox 467 547 645 624; x_wconf 86' lang='lat' dir='ltr'>exhibeas.</span> <span class='ocrx_word' id='word_1_24' title='bbox 702 549 795 621; x_wconf 84' lang='lat' dir='ltr'>Nam</span> <span class='ocrx_word' id='word_1_25' title='bbox 824 550 855 620; x_wconf 91' lang='lat' dir='ltr'>si</span> <span class='ocrx_word' id='word_1_26' title='bbox 883 571 996 640; x_wconf 87' lang='lat' dir='ltr'>nugas</span> <span class='ocrx_word' id='word_1_27' title='bbox 1025 551 1082 620; x_wconf 88' lang='lat' dir='ltr'>vel</span> <span class='ocrx_word' id='word_1_28' title='bbox 1104 549 1218 620; x_wconf 89' lang='lat' dir='ltr'>aniles</span> <span class='ocrx_word' id='word_1_29' title='bbox 1267 549 1486 639; x_wconf 80' lang='lat' dir='ltr'>subiungere</span> <span class='ocrx_word' id='word_1_30' title='bbox 1505 563 1685 642; x_wconf 86' lang='lat' dir='ltr'>postremo</span> <span class='ocrx_word' id='word_1_31' title='bbox 1708 555 1866 638; x_wconf 78' lang='lat' dir='ltr'>deceret,</span> <span class='ocrx_word' id='word_1_32' title='bbox 1888 580 1998 650; x_wconf 87' lang='lat' dir='ltr'>quam</span> <span class='ocrx_word' id='word_1_33' title='bbox 2018 571 2154 627; x_wconf 89' lang='lat' dir='ltr'>certum</span> <span class='ocrx_word' id='word_1_34' title='bbox 2168 559 2256 630; x_wconf 85' lang='lat' dir='ltr'>lutu-</span> 
     </span>
     <span class='ocr_line' id='line_1_4' title="bbox 220 647 2256 802; baseline 0 -72"><span class='ocrx_word' id='word_1_35' title='bbox 220 670 392 770; x_wconf 61' lang='lat' dir='ltr'>quasdam</span> <span class='ocrx_word' id='word_1_36' title='bbox 405 655 635 730; x_wconf 77' lang='lat' dir='ltr'>delicationes</span> <span class='ocrx_word' id='word_1_37' title='bbox 656 652 804 724; x_wconf 89' lang='lat' dir='ltr'>sectanti</span> <span class='ocrx_word' id='word_1_38' title='bbox 823 675 929 724; x_wconf 90' lang='lat' dir='ltr'>nemo</span> <span class='ocrx_word' id='word_1_39' title='bbox 944 652 1012 724; x_wconf 92' lang='lat' dir='ltr'>tibi</span> <span class='ocrx_word' id='word_1_40' title='bbox 1026 653 1134 724; x_wconf 90' lang='lat' dir='ltr'>tidem</span> <span class='ocrx_word' id='word_1_41' title='bbox 1151 647 1218 722; x_wconf 86' lang='lat' dir='ltr'>ba-</span> <span class='ocrx_word' id='word_1_42' title='bbox 1242 695 1246 802; x_wconf 70' lang='grc' dir='ltr'>Ι</span> <span class='ocrx_word' id='word_1_43' title='bbox 1268 675 1328 722; x_wconf 89' lang='lat' dir='ltr'>rae</span> <span class='ocrx_word' id='word_1_44' title='bbox 1345 651 1623 724; x_wconf 83' lang='lat' dir='ltr'>iromortalitatis</span> <span class='ocrx_word' id='word_1_45' title='bbox 1637 655 1786 746; x_wconf 87' lang='lat' dir='ltr'>pignus,</span> <span class='ocrx_word' id='word_1_46' title='bbox 1811 655 1947 752; x_wconf 85' lang='lat' dir='ltr'>inclyta</span> <span class='ocrx_word' id='word_1_47' title='bbox 1963 657 2180 730; x_wconf 82' lang='lat' dir='ltr'>Venetorum</span> <span class='ocrx_word' id='word_1_48' title='bbox 2199 663 2256 732; x_wconf 91' lang='lat' dir='ltr'>do-</span> 
     </span>
     <span class='ocr_line' id='line_1_5' title="bbox 218 752 2255 856; baseline 0 -26"><span class='ocrx_word' id='word_1_49' title='bbox 218 780 320 854; x_wconf 57' lang='lat' dir='ltr'>ma,</span> <span class='ocrx_word' id='word_1_50' title='bbox 345 785 419 835; x_wconf 88' lang='lat' dir='ltr'>non</span> <span class='ocrx_word' id='word_1_51' title='bbox 431 759 499 830; x_wconf 86' lang='lat' dir='ltr'>arti</span> <span class='ocrx_word' id='word_1_52' title='bbox 516 782 607 851; x_wconf 90' lang='lat' dir='ltr'>quae</span> <span class='ocrx_word' id='word_1_53' title='bbox 623 757 663 824; x_wconf 92' lang='lat' dir='ltr'>in</span> <span class='ocrx_word' id='word_1_54' title='bbox 679 764 713 826; x_wconf 89' lang='lat' dir='ltr'>te</span> <span class='ocrx_word' id='word_1_55' title='bbox 728 779 802 825; x_wconf 89' lang='lat' dir='ltr'>non</span> <span class='ocrx_word' id='word_1_56' title='bbox 818 769 889 836; x_wconf 87' lang='lat' dir='ltr'>est,</span> <span class='ocrx_word' id='word_1_57' title='bbox 914 779 1039 825; x_wconf 83' lang='lat' dir='ltr'>verum</span> <span class='ocrx_word' id='word_1_58' title='bbox 1055 755 1218 846; x_wconf 90' lang='lat' dir='ltr'>ignaviae</span> <span class='ocrx_word' id='word_1_59' title='bbox 1267 753 1437 840; x_wconf 85' lang='lat' dir='ltr'>minotio,</span> <span class='ocrx_word' id='word_1_60' title='bbox 1469 752 1635 826; x_wconf 73' lang='lat' dir='ltr'><strong>Patavini</strong></span> <span class='ocrx_word' id='word_1_61' title='bbox 1657 781 1802 854; x_wconf 86' lang='lat' dir='ltr'>quoque</span> <span class='ocrx_word' id='word_1_62' title='bbox 1816 759 1910 830; x_wconf 88' lang='lat' dir='ltr'>cives</span> <span class='ocrx_word' id='word_1_63' title='bbox 1932 761 2173 856; x_wconf 76' lang='lat' dir='ltr'>antiquissimi</span> <span class='ocrx_word' id='word_1_64' title='bbox 2187 787 2255 855; x_wconf 85' lang='lat' dir='ltr'>per·</span> 
     </span>
     <span class='ocr_line' id='line_1_6' title="bbox 220 855 2257 958; baseline -0.008 -5"><span class='ocrx_word' id='word_1_65' title='bbox 220 892 301 953; x_wconf 87' lang='lat' dir='ltr'>tuac</span> <span class='ocrx_word' id='word_1_66' title='bbox 329 863 581 957; x_wconf 91' lang='lat' dir='ltr'>imputandum</span> <span class='ocrx_word' id='word_1_67' title='bbox 610 880 753 929; x_wconf 87' lang='lat' dir='ltr'>censeo:</span> <span class='ocrx_word' id='word_1_68' title='bbox 796 858 925 948; x_wconf 89' lang='lat' dir='ltr'>dignus</span> <span class='ocrx_word' id='word_1_69' title='bbox 947 859 1044 928; x_wconf 88' lang='lat' dir='ltr'>enim</span> <span class='ocrx_word' id='word_1_70' title='bbox 1068 881 1123 943; x_wconf 87' lang='lat' dir='ltr'>es,</span> <span class='ocrx_word' id='word_1_71' title='bbox 1154 855 1218 951; x_wconf 94' lang='lat' dir='ltr'>qui</span> <span class='ocrx_word' id='word_1_72' title='bbox 1268 857 1419 948; x_wconf 83' lang='lat' dir='ltr'>cipiant‚</span> <span class='ocrx_word' id='word_1_73' title='bbox 1446 857 1476 926; x_wconf 92' lang='lat' dir='ltr'>si</span> <span class='ocrx_word' id='word_1_74' title='bbox 1498 858 1743 930; x_wconf 90' lang='lat' dir='ltr'>conditionem</span> <span class='ocrx_word' id='word_1_75' title='bbox 1770 859 2024 934; x_wconf 87' lang='lat' dir='ltr'>Astronomiae</span> <span class='ocrx_word' id='word_1_76' title='bbox 2046 863 2257 958; x_wconf 79' lang='lat' dir='ltr'>frequentius</span> 
     </span>
     <span class='ocr_line' id='line_1_7' title="bbox 221 957 2258 1054; baseline -0.008 -2"><span class='ocrx_word' id='word_1_77' title='bbox 221 973 379 1052; x_wconf 91' lang='lat' dir='ltr'>lubidrio</span> <span class='ocrx_word' id='word_1_78' title='bbox 396 962 575 1047; x_wconf 88' lang='lat' dir='ltr'>habearis,</span> <span class='ocrx_word' id='word_1_79' title='bbox 602 963 688 1031; x_wconf 89' lang='lat' dir='ltr'>dum</span> <span class='ocrx_word' id='word_1_80' title='bbox 701 961 760 1030; x_wconf 90' lang='lat' dir='ltr'>vix</span> <span class='ocrx_word' id='word_1_81' title='bbox 775 962 889 1053; x_wconf 88' lang='lat' dir='ltr'>prima</span> <span class='ocrx_word' id='word_1_82' title='bbox 900 961 1102 1032; x_wconf 87' lang='lat' dir='ltr'>rudimenta</span> <span class='ocrx_word' id='word_1_83' title='bbox 1111 957 1219 1030; x_wconf 89' lang='lat' dir='ltr'>loan-</span> <span class='ocrx_word' id='word_1_84' title='bbox 1268 959 1455 1048; x_wconf 82' lang='lat' dir='ltr'>legendae,</span> <span class='ocrx_word' id='word_1_85' title='bbox 1482 985 1573 1052; x_wconf 91' lang='lat' dir='ltr'>quae</span> <span class='ocrx_word' id='word_1_86' title='bbox 1589 985 1679 1054; x_wconf 90' lang='lat' dir='ltr'>pene</span> <span class='ocrx_word' id='word_1_87' title='bbox 1694 963 1847 1034; x_wconf 82' lang='lat' dir='ltr'>extincta</span> <span class='ocrx_word' id='word_1_88' title='bbox 1863 978 1932 1050; x_wconf 84' lang='lat' dir='ltr'>est,</span> <span class='ocrx_word' id='word_1_89' title='bbox 1958 965 1998 1034; x_wconf 92' lang='lat' dir='ltr'>in</span> <span class='ocrx_word' id='word_1_90' title='bbox 2011 961 2081 1037; x_wconf 89' lang='lat' dir='ltr'>hoc</span> <span class='ocrx_word' id='word_1_91' title='bbox 2095 967 2258 1038; x_wconf 83' lang='lat' dir='ltr'>excellen-</span> 
     </span>
     <span class='ocr_line' id='line_1_8' title="bbox 219 1062 2258 1164; baseline -0.007 -10"><span class='ocrx_word' id='word_1_92' title='bbox 219 1083 278 1154; x_wconf 87' lang='lat' dir='ltr'>nis</span> <span class='ocrx_word' id='word_1_93' title='bbox 296 1077 342 1146; x_wconf 88' lang='lat' dir='ltr'>dc</span> <span class='ocrx_word' id='word_1_94' title='bbox 366 1071 475 1164; x_wconf 82' lang='lat' dir='ltr'>Sacro</span> <span class='ocrx_word' id='word_1_95' title='bbox 495 1064 607 1136; x_wconf 91' lang='lat' dir='ltr'>Busto</span> <span class='ocrx_word' id='word_1_96' title='bbox 631 1087 860 1156; x_wconf 87' lang='lat' dir='ltr'>percurrens,</span> <span class='ocrx_word' id='word_1_97' title='bbox 892 1063 1055 1156; x_wconf 88' lang='lat' dir='ltr'>pauculis</span> <span class='ocrx_word' id='word_1_98' title='bbox 1071 1065 1218 1132; x_wconf 88' lang='lat' dir='ltr'>demum</span> <span class='ocrx_word' id='word_1_99' title='bbox 1267 1062 1404 1132; x_wconf 88' lang='lat' dir='ltr'>tissimo</span> <span class='ocrx_word' id='word_1_100' title='bbox 1419 1063 1539 1133; x_wconf 91' lang='lat' dir='ltr'>studio</span> <span class='ocrx_word' id='word_1_101' title='bbox 1555 1066 1810 1156; x_wconf 81' lang='lat' dir='ltr'>reparaverint.</span> <span class='ocrx_word' id='word_1_102' title='bbox 1862 1066 1933 1138; x_wconf 89' lang='lat' dir='ltr'>Sed</span> <span class='ocrx_word' id='word_1_103' title='bbox 1951 1091 1997 1136; x_wconf 90' lang='lat' dir='ltr'>ne</span> <span class='ocrx_word' id='word_1_104' title='bbox 2013 1069 2152 1140; x_wconf 89' lang='lat' dir='ltr'>diutins</span> <span class='ocrx_word' id='word_1_105' title='bbox 2166 1069 2258 1142; x_wconf 89' lang='lat' dir='ltr'>libito</span> 
     </span>
     <span class='ocr_line' id='line_1_9' title="bbox 221 1163 2258 1263; baseline -0.007 -9"><span class='ocrx_word' id='word_1_106' title='bbox 221 1174 397 1259; x_wconf 78' lang='lat' dir='ltr'>Alkabitii</span> <span class='ocrx_word' id='word_1_107' title='bbox 414 1168 619 1263; x_wconf 75' lang='lat' dir='ltr'>primordiis</span> <span class='ocrx_word' id='word_1_108' title='bbox 635 1167 879 1252; x_wconf 89' lang='lat' dir='ltr'>introductus,</span> <span class='ocrx_word' id='word_1_109' title='bbox 912 1189 1030 1258; x_wconf 88' lang='lat' dir='ltr'>neque</span> <span class='ocrx_word' id='word_1_110' title='bbox 1046 1165 1219 1238; x_wconf 81' lang='lat' dir='ltr'>differem·</span> <span class='ocrx_word' id='word_1_111' title='bbox 1268 1165 1521 1246; x_wconf 89' lang='lat' dir='ltr'>detineamini,</span> <span class='ocrx_word' id='word_1_112' title='bbox 1546 1166 1654 1238; x_wconf 86' lang='lat' dir='ltr'>missa</span> <span class='ocrx_word' id='word_1_113' title='bbox 1677 1163 1811 1238; x_wconf 82' lang='lat' dir='ltr'>isthaec</span> <span class='ocrx_word' id='word_1_114' title='bbox 1831 1168 1930 1255; x_wconf 86' lang='lat' dir='ltr'>faxo,</span> <span class='ocrx_word' id='word_1_115' title='bbox 1963 1173 2010 1240; x_wconf 87' lang='lat' dir='ltr'>ad</span> <span class='ocrx_word' id='word_1_116' title='bbox 2032 1172 2165 1242; x_wconf 86' lang='lat' dir='ltr'>calcem</span> <span class='ocrx_word' id='word_1_117' title='bbox 2188 1196 2258 1241; x_wconf 90' lang='lat' dir='ltr'>ora-</span> 
     </span>
     <span class='ocr_line' id='line_1_10' title="bbox 221 1267 2258 1368; baseline -0.005 -15"><span class='ocrx_word' id='word_1_118' title='bbox 221 1290 306 1362; x_wconf 84' lang='lat' dir='ltr'>tiam</span> <span class='ocrx_word' id='word_1_119' title='bbox 331 1279 408 1348; x_wconf 90' lang='lat' dir='ltr'>eius</span> <span class='ocrx_word' id='word_1_120' title='bbox 429 1284 611 1366; x_wconf 90' lang='lat' dir='ltr'>quartam,</span> <span class='ocrx_word' id='word_1_121' title='bbox 642 1269 706 1338; x_wconf 93' lang='lat' dir='ltr'>ubi</span> <span class='ocrx_word' id='word_1_122' title='bbox 721 1270 888 1362; x_wconf 90' lang='lat' dir='ltr'>scopulus</span> <span class='ocrx_word' id='word_1_123' title='bbox 903 1269 1142 1340; x_wconf 84' lang='lat' dir='ltr'>directionum</span> <span class='ocrx_word' id='word_1_124' title='bbox 1163 1281 1219 1338; x_wconf 87' lang='lat' dir='ltr'>at·</span> <span class='ocrx_word' id='word_1_125' title='bbox 1268 1267 1378 1338; x_wconf 89' lang='lat' dir='ltr'>tionis</span> <span class='ocrx_word' id='word_1_126' title='bbox 1394 1292 1501 1362; x_wconf 90' lang='lat' dir='ltr'>quam</span> <span class='ocrx_word' id='word_1_127' title='bbox 1519 1269 1676 1361; x_wconf 90' lang='lat' dir='ltr'>primum</span> <span class='ocrx_word' id='word_1_128' title='bbox 1692 1272 1937 1343; x_wconf 83' lang='lat' dir='ltr'>descensurus.</span> <span class='ocrx_word' id='word_1_129' title='bbox 1989 1272 2081 1344; x_wconf 87' lang='lat' dir='ltr'>Nam</span> <span class='ocrx_word' id='word_1_130' title='bbox 2097 1274 2258 1368; x_wconf 91' lang='lat' dir='ltr'>quicquid</span> 
     </span>
     <span class='ocr_line' id='line_1_11' title="bbox 220 1369 2258 1484; baseline -0.006 -25"><span class='ocrx_word' id='word_1_131' title='bbox 220 1411 291 1484; x_wconf 90' lang='lat' dir='ltr'>que</span> <span class='ocrx_word' id='word_1_132' title='bbox 312 1375 552 1452; x_wconf 91' lang='lat' dir='ltr'>radiationnm</span> <span class='ocrx_word' id='word_1_133' title='bbox 576 1371 809 1464; x_wconf 84' lang='lat' dir='ltr'>prospicitur,</span> <span class='ocrx_word' id='word_1_134' title='bbox 842 1372 927 1442; x_wconf 88' lang='lat' dir='ltr'>satis</span> <span class='ocrx_word' id='word_1_135' title='bbox 949 1373 1143 1462; x_wconf 88' lang='lat' dir='ltr'>attingens,</span> <span class='ocrx_word' id='word_1_136' title='bbox 1177 1393 1219 1440; x_wconf 82' lang='lat' dir='ltr'>cx</span> <span class='ocrx_word' id='word_1_137' title='bbox 1269 1369 1447 1442; x_wconf 84' lang='lat' dir='ltr'>eiusmodi</span> <span class='ocrx_word' id='word_1_138' title='bbox 1460 1395 1581 1442; x_wconf 89' lang='lat' dir='ltr'>rerum</span> <span class='ocrx_word' id='word_1_139' title='bbox 1602 1387 1800 1444; x_wconf 91' lang='lat' dir='ltr'>memoratu</span> <span class='ocrx_word' id='word_1_140' title='bbox 1820 1373 1968 1464; x_wconf 91' lang='lat' dir='ltr'>dignum</span> <span class='ocrx_word' id='word_1_141' title='bbox 1987 1375 2187 1462; x_wconf 86' lang='lat' dir='ltr'>videbitur,</span> <span class='ocrx_word' id='word_1_142' title='bbox 2208 1377 2258 1446; x_wconf 80' lang='lat' dir='ltr'>iu-</span> 
     </span>
     <span class='ocr_line' id='line_1_12' title="bbox 219 1473 1892 1579; baseline -0.011 -14"><span class='ocrx_word' id='word_1_143' title='bbox 219 1487 353 1579; x_wconf 88' lang='lat' dir='ltr'>templo</span> <span class='ocrx_word' id='word_1_144' title='bbox 378 1481 636 1551; x_wconf 86' lang='lat' dir='ltr'>Astronomum</span> <span class='ocrx_word' id='word_1_145' title='bbox 662 1488 696 1544; x_wconf 90' lang='lat' dir='ltr'>te</span> <span class='ocrx_word' id='word_1_146' title='bbox 718 1475 924 1566; x_wconf 79' lang='lat' dir='ltr'>proclames.</span> <span class='ocrx_word' id='word_1_147' title='bbox 983 1473 1058 1546; x_wconf 92' lang='lat' dir='ltr'>Hui</span> <span class='ocrx_word' id='word_1_148' title='bbox 1084 1474 1219 1544; x_wconf 84' lang='lat' dir='ltr'>ridicu·</span> <span class='ocrx_word' id='word_1_149' title='bbox 1269 1473 1359 1542; x_wconf 86' lang='lat' dir='ltr'>turis</span> <span class='ocrx_word' id='word_1_150' title='bbox 1376 1475 1653 1544; x_wconf 78' lang='lat' dir='ltr'>accommodabo</span> <span class='ocrx_word' id='word_1_151' title='bbox 1668 1475 1892 1548; x_wconf 77' lang='lat' dir='ltr'>lectionibus</span> 
     </span>
     <span class='ocr_line' id='line_1_13' title="bbox 219 1571 2258 1679; baseline -0.007 -17"><span class='ocrx_word' id='word_1_152' title='bbox 219 1597 296 1666; x_wconf 87' lang='lat' dir='ltr'>lom</span> <span class='ocrx_word' id='word_1_153' title='bbox 311 1596 424 1679; x_wconf 88' lang='lat' dir='ltr'>caput.</span> <span class='ocrx_word' id='word_1_154' title='bbox 478 1573 515 1648; x_wconf 92' lang='grc' dir='ltr'>Ο</span> <span class='ocrx_word' id='word_1_155' title='bbox 529 1599 640 1666; x_wconf 87' lang='lat' dir='ltr'>genus</span> <span class='ocrx_word' id='word_1_156' title='bbox 654 1571 844 1648; x_wconf 92' lang='lat' dir='ltr'>bominum</span> <span class='ocrx_word' id='word_1_157' title='bbox 857 1577 1220 1669; x_wconf 89' lang='lat' dir='ltr'>impudentissimum,</span> <span class='ocrx_word' id='word_1_158' title='bbox 1368 1571 1666 1667; x_wconf 80' lang='lat' dir='ltr'>Expergiscimini</span> <span class='ocrx_word' id='word_1_159' title='bbox 1680 1577 1790 1667; x_wconf 85' lang='lat' dir='ltr'>igitur</span> <span class='ocrx_word' id='word_1_160' title='bbox 1804 1577 1875 1647; x_wconf 88' lang='lat' dir='ltr'>viri</span> <span class='ocrx_word' id='word_1_161' title='bbox 1894 1579 2208 1670; x_wconf 74' lang='lat' dir='ltr'>praestantissimi,</span> <span class='ocrx_word' id='word_1_162' title='bbox 2229 1593 2258 1649; x_wconf 85' lang='lat' dir='ltr'>et</span> 
     </span>
     <span class='ocr_line' id='line_1_14' title="bbox 219 1679 2258 1793; baseline -0.007 -28"><span class='ocrx_word' id='word_1_163' title='bbox 219 1695 283 1793; x_wconf 90' lang='lat' dir='ltr'>qui</span> <span class='ocrx_word' id='word_1_164' title='bbox 300 1693 386 1762; x_wconf 91' lang='lat' dir='ltr'>dum</span> <span class='ocrx_word' id='word_1_165' title='bbox 403 1682 483 1754; x_wconf 88' lang='lat' dir='ltr'>aliis</span> <span class='ocrx_word' id='word_1_166' title='bbox 495 1703 570 1750; x_wconf 88' lang='lat' dir='ltr'>sese</span> <span class='ocrx_word' id='word_1_167' title='bbox 583 1693 784 1766; x_wconf 89' lang='lat' dir='ltr'>ostentant,</span> <span class='ocrx_word' id='word_1_168' title='bbox 809 1681 976 1750; x_wconf 85' lang='lat' dir='ltr'>inertiam</span> <span class='ocrx_word' id='word_1_169' title='bbox 990 1679 1218 1771; x_wconf 86' lang='lat' dir='ltr'>suampalam</span> <span class='ocrx_word' id='word_1_170' title='bbox 1269 1699 1335 1768; x_wconf 92' lang='lat' dir='ltr'>pro</span> <span class='ocrx_word' id='word_1_171' title='bbox 1357 1693 1473 1750; x_wconf 85' lang='lat' dir='ltr'>vestra</span> <span class='ocrx_word' id='word_1_172' title='bbox 1498 1679 1636 1770; x_wconf 83' lang='lat' dir='ltr'>ingenti</span> <span class='ocrx_word' id='word_1_173' title='bbox 1656 1681 1919 1772; x_wconf 85' lang='lat' dir='ltr'>perseverantia</span> <span class='ocrx_word' id='word_1_174' title='bbox 1939 1681 2077 1768; x_wconf 79' lang='lat' dir='ltr'>favete,</span> <span class='ocrx_word' id='word_1_175' title='bbox 2110 1697 2153 1754; x_wconf 94' lang='lat' dir='ltr'>ut</span> <span class='ocrx_word' id='word_1_176' title='bbox 2173 1685 2258 1752; x_wconf 89' lang='lat' dir='ltr'>uude</span> 
     </span>
     <span class='ocr_line' id='line_1_15' title="bbox 220 1780 2258 1879; baseline -0.01 -7"><span class='ocrx_word' id='word_1_177' title='bbox 220 1795 388 1872; x_wconf 89' lang='lat' dir='ltr'>omnibus</span> <span class='ocrx_word' id='word_1_178' title='bbox 403 1783 635 1879; x_wconf 83' lang='lat' dir='ltr'>prostituunt.</span> <span class='ocrx_word' id='word_1_179' title='bbox 691 1781 782 1872; x_wconf 88' lang='lat' dir='ltr'>Quis</span> <span class='ocrx_word' id='word_1_180' title='bbox 797 1785 916 1852; x_wconf 87' lang='lat' dir='ltr'>credet</span> <span class='ocrx_word' id='word_1_181' title='bbox 931 1805 991 1852; x_wconf 90' lang='lat' dir='ltr'>eos</span> <span class='ocrx_word' id='word_1_182' title='bbox 1007 1780 1219 1874; x_wconf 88' lang='lat' dir='ltr'>persomnia</span> <span class='ocrx_word' id='word_1_183' title='bbox 1269 1793 1345 1850; x_wconf 89' lang='lat' dir='ltr'>orta</span> <span class='ocrx_word' id='word_1_184' title='bbox 1363 1780 1449 1866; x_wconf 85' lang='lat' dir='ltr'>luit,</span> <span class='ocrx_word' id='word_1_185' title='bbox 1471 1783 1596 1852; x_wconf 88' lang='lat' dir='ltr'>eodem</span> <span class='ocrx_word' id='word_1_186' title='bbox 1612 1785 2083 1858; x_wconf 85' lang='lat' dir='ltr'>nostrarevertaturoratio.</span> <span class='ocrx_word' id='word_1_187' title='bbox 2138 1783 2258 1854; x_wconf 91' lang='lat' dir='ltr'>Videor</span> 
     </span>
     <span class='ocr_line' id='line_1_16' title="bbox 220 1881 2256 1998; baseline -0.009 -27"><span class='ocrx_word' id='word_1_188' title='bbox 220 1898 393 1998; x_wconf 86' lang='lat' dir='ltr'>quaedam</span> <span class='ocrx_word' id='word_1_189' title='bbox 404 1891 422 1975; x_wconf 84' lang='lat'>,&#39;</span> <span class='ocrx_word' id='word_1_190' title='bbox 439 1899 480 1959; x_wconf 92' lang='lat' dir='ltr'>ut</span> <span class='ocrx_word' id='word_1_191' title='bbox 502 1887 549 1956; x_wconf 91' lang='lat' dir='ltr'>ita</span> <span class='ocrx_word' id='word_1_192' title='bbox 572 1886 718 1980; x_wconf 90' lang='lat' dir='ltr'>loquar,</span> <span class='ocrx_word' id='word_1_193' title='bbox 750 1881 843 1955; x_wconf 89' lang='lat' dir='ltr'>hanc</span> <span class='ocrx_word' id='word_1_194' title='bbox 865 1899 978 1954; x_wconf 88' lang='lat' dir='ltr'>artem</span> <span class='ocrx_word' id='word_1_195' title='bbox 1001 1883 1220 1977; x_wconf 85' lang='lat' dir='ltr'>preciosissi-</span> <span class='ocrx_word' id='word_1_196' title='bbox 1269 1884 1435 1976; x_wconf 84' lang='lat' dir='ltr'>equidem</span> <span class='ocrx_word' id='word_1_197' title='bbox 1459 1897 1538 1974; x_wconf 90' lang='lat' dir='ltr'>post</span> <span class='ocrx_word' id='word_1_198' title='bbox 1559 1885 1727 1976; x_wconf 87' lang='lat' dir='ltr'>pauculas</span> <span class='ocrx_word' id='word_1_199' title='bbox 1749 1885 1975 1956; x_wconf 87' lang='lat' dir='ltr'>definitiones</span> <span class='ocrx_word' id='word_1_200' title='bbox 1996 1899 2106 1980; x_wconf 89' lang='lat' dir='ltr'>atque</span> <span class='ocrx_word' id='word_1_201' title='bbox 2123 1887 2256 1955; x_wconf 82' lang='lat' dir='ltr'>divisio·</span> 
     </span>
    </p>

    <p class='ocr_par' dir='ltr' id='par_1_3' title="bbox 173 1985 2299 3206">
     <span class='ocr_line' id='line_1_17' title="bbox 173 1985 2258 2082; baseline -0.01 -5"><span class='ocrx_word' id='word_1_202' title='bbox 173 2065 182 2080; x_wconf 94' lang='lat'><strong>.</strong></span> <span class='ocrx_word' id='word_1_203' title='bbox 211 2025 314 2076; x_wconf 85' lang='lat' dir='ltr'>mam</span> <span class='ocrx_word' id='word_1_204' title='bbox 346 2017 420 2066; x_wconf 86' lang='lat' dir='ltr'>esse</span> <span class='ocrx_word' id='word_1_205' title='bbox 449 1987 679 2062; x_wconf 81' lang='lat' dir='ltr'>consecutos?</span> <span class='ocrx_word' id='word_1_206' title='bbox 726 1991 833 2082; x_wconf 84' lang='lat' dir='ltr'>quam</span> <span class='ocrx_word' id='word_1_207' title='bbox 865 1987 988 2058; x_wconf 88' lang='lat' dir='ltr'>multis</span> <span class='ocrx_word' id='word_1_208' title='bbox 1027 1986 1219 2057; x_wconf 85' lang='lat' dir='ltr'>sudoribus</span> <span class='ocrx_word' id='word_1_209' title='bbox 1270 2007 1351 2069; x_wconf 90' lang='lat' dir='ltr'>nes,</span> <span class='ocrx_word' id='word_1_210' title='bbox 1378 1985 1575 2075; x_wconf 82' lang='lat' dir='ltr'>primordia</span> <span class='ocrx_word' id='word_1_211' title='bbox 1589 1999 1795 2058; x_wconf 85' lang='lat' dir='ltr'>nostrarum</span> <span class='ocrx_word' id='word_1_212' title='bbox 1810 1989 1941 2058; x_wconf 89' lang='lat' dir='ltr'>artium</span> <span class='ocrx_word' id='word_1_213' title='bbox 1965 2011 2258 2066; x_wconf 79' lang='lat' dir='ltr'>commemorasse,</span> 
     </span>
     <span class='ocr_line' id='line_1_18' title="bbox 220 2087 2256 2188; baseline -0.011 -8"><span class='ocrx_word' id='word_1_214' title='bbox 220 2097 477 2188; x_wconf 85' lang='lat' dir='ltr'>nocturnisque</span> <span class='ocrx_word' id='word_1_215' title='bbox 492 2091 625 2181; x_wconf 84' lang='lat' dir='ltr'>vigiliis</span> <span class='ocrx_word' id='word_1_216' title='bbox 638 2089 697 2160; x_wconf 86' lang='lat' dir='ltr'>vix</span> <span class='ocrx_word' id='word_1_217' title='bbox 713 2093 858 2160; x_wconf 88' lang='lat' dir='ltr'>tandem</span> <span class='ocrx_word' id='word_1_218' title='bbox 875 2091 1068 2162; x_wconf 84' lang='lat' dir='ltr'>inve&#39;niu&#39;nt</span> <span class='ocrx_word' id='word_1_219' title='bbox 1082 2087 1220 2162; x_wconf 86' lang='lat' dir='ltr'>studio-</span> <span class='ocrx_word' id='word_1_220' title='bbox 1270 2088 1400 2181; x_wconf 91' lang='lat' dir='ltr'>quibus</span> <span class='ocrx_word' id='word_1_221' title='bbox 1429 2088 1594 2178; x_wconf 88' lang='lat' dir='ltr'>gentibus</span> <span class='ocrx_word' id='word_1_222' title='bbox 1627 2089 1784 2182; x_wconf 91' lang='lat' dir='ltr'>primum</span> <span class='ocrx_word' id='word_1_223' title='bbox 1814 2103 2001 2160; x_wconf 86' lang='lat' dir='ltr'>veneratae</span> <span class='ocrx_word' id='word_1_224' title='bbox 2027 2091 2120 2176; x_wconf 86' lang='lat' dir='ltr'>sint,</span> <span class='ocrx_word' id='word_1_225' title='bbox 2145 2105 2180 2161; x_wconf 88' lang='lat' dir='ltr'>et</span> <span class='ocrx_word' id='word_1_226' title='bbox 2197 2115 2256 2182; x_wconf 89' lang='lat' dir='ltr'>qno</span> 
     </span>
     <span class='ocr_line' id='line_1_19' title="bbox 220 2191 2257 2286; baseline -0.011 -4"><span class='ocrx_word' id='word_1_227' title='bbox 220 2204 360 2282; x_wconf 72' lang='lat' dir='ltr'>sissimi</span> <span class='ocrx_word' id='word_1_228' title='bbox 413 2197 483 2268; x_wconf 87' lang='lat' dir='ltr'>Sed</span> <span class='ocrx_word' id='word_1_229' title='bbox 501 2217 562 2286; x_wconf 87' lang='lat' dir='ltr'>spe</span> <span class='ocrx_word' id='word_1_230' title='bbox 579 2194 695 2263; x_wconf 88' lang='lat' dir='ltr'>dolosi</span> <span class='ocrx_word' id='word_1_231' title='bbox 712 2193 851 2264; x_wconf 89' lang='lat' dir='ltr'>nummi</span> <span class='ocrx_word' id='word_1_232' title='bbox 869 2194 1054 2284; x_wconf 89' lang='lat' dir='ltr'>deceptos,</span> <span class='ocrx_word' id='word_1_233' title='bbox 1085 2191 1220 2282; x_wconf 81' lang='lat' dir='ltr'>garrire</span> <span class='ocrx_word' id='word_1_234' title='bbox 1270 2203 1372 2282; x_wconf 89' lang='lat' dir='ltr'>pacto</span> <span class='ocrx_word' id='word_1_235' title='bbox 1388 2191 1576 2280; x_wconf 79' lang='lat' dir='ltr'>erlinguis</span> <span class='ocrx_word' id='word_1_236' title='bbox 1586 2192 1794 2285; x_wconf 89' lang='lat' dir='ltr'>peregrinis,</span> <span class='ocrx_word' id='word_1_237' title='bbox 1819 2193 1863 2261; x_wconf 88' lang='lat' dir='ltr'>ad</span> <span class='ocrx_word' id='word_1_238' title='bbox 1873 2191 2022 2263; x_wconf 80' lang='lat' dir='ltr'>Latinos</span> <span class='ocrx_word' id='word_1_239' title='bbox 2034 2195 2182 2266; x_wconf 90' lang='lat' dir='ltr'>tandem</span> <span class='ocrx_word' id='word_1_240' title='bbox 2196 2207 2257 2262; x_wconf 85' lang='lat' dir='ltr'>tra-</span> 
     </span>
     <span class='ocr_line' id='line_1_20' title="bbox 220 2293 2257 2402; baseline -0.009 -23"><span class='ocrx_word' id='word_1_241' title='bbox 220 2311 314 2402; x_wconf 78' lang='lat' dir='ltr'>cogit</span> <span class='ocrx_word' id='word_1_242' title='bbox 330 2327 385 2376; x_wconf 88' lang='lat' dir='ltr'>res</span> <span class='ocrx_word' id='word_1_243' title='bbox 400 2297 546 2389; x_wconf 79' lang='lat' dir='ltr'>angusta</span> <span class='ocrx_word' id='word_1_244' title='bbox 565 2296 676 2366; x_wconf 89' lang='lat' dir='ltr'>domi.</span> <span class='ocrx_word' id='word_1_245' title='bbox 729 2294 1123 2389; x_wconf 86' lang='lat' dir='ltr'>ltaqueMagist&#39;rorum</span> <span class='ocrx_word' id='word_1_246' title='bbox 1140 2293 1219 2362; x_wconf 86' lang='lat' dir='ltr'>ofli-</span> <span class='ocrx_word' id='word_1_247' title='bbox 1269 2295 1395 2362; x_wconf 89' lang='lat' dir='ltr'>ductae</span> <span class='ocrx_word' id='word_1_248' title='bbox 1412 2293 1595 2376; x_wconf 86' lang='lat' dir='ltr'>venerint,</span> <span class='ocrx_word' id='word_1_249' title='bbox 1620 2295 1774 2365; x_wconf 85' lang='lat' dir='ltr'>transitu</span> <span class='ocrx_word' id='word_1_250' title='bbox 1788 2296 1944 2387; x_wconf 91' lang='lat' dir='ltr'>quodam</span> <span class='ocrx_word' id='word_1_251' title='bbox 1966 2296 2126 2385; x_wconf 87' lang='lat' dir='ltr'>tetigisse</span> <span class='ocrx_word' id='word_1_252' title='bbox 2143 2318 2257 2363; x_wconf 89' lang='lat' dir='ltr'>mear·</span> 
     </span>
     <span class='ocr_line' id='line_1_21' title="bbox 219 2392 2256 2492; baseline -0.011 -5"><span class='ocrx_word' id='word_1_253' title='bbox 219 2416 285 2488; x_wconf 89' lang='lat' dir='ltr'>ciis</span> <span class='ocrx_word' id='word_1_254' title='bbox 307 2429 382 2480; x_wconf 87' lang='lat' dir='ltr'>sese</span> <span class='ocrx_word' id='word_1_255' title='bbox 403 2405 591 2492; x_wconf 77' lang='lat' dir='ltr'>ingerunt,</span> <span class='ocrx_word' id='word_1_256' title='bbox 626 2398 688 2491; x_wconf 92' lang='lat' dir='ltr'>qui</span> <span class='ocrx_word' id='word_1_257' title='bbox 712 2423 899 2492; x_wconf 88' lang='lat' dir='ltr'>nunquam</span> <span class='ocrx_word' id='word_1_258' title='bbox 920 2400 1021 2468; x_wconf 83' lang='lat' dir='ltr'>fuere</span> <span class='ocrx_word' id='word_1_259' title='bbox 1039 2395 1219 2487; x_wconf 91' lang='lat' dir='ltr'>discipuli.</span> <span class='ocrx_word' id='word_1_260' title='bbox 1270 2395 1395 2466; x_wconf 88' lang='lat' dir='ltr'>bitror.</span> <span class='ocrx_word' id='word_1_261' title='bbox 1449 2392 1644 2468; x_wconf 86' lang='lat' dir='ltr'>Generales</span> <span class='ocrx_word' id='word_1_262' title='bbox 1660 2399 1826 2482; x_wconf 86' lang='lat' dir='ltr'>demum,</span> <span class='ocrx_word' id='word_1_263' title='bbox 1850 2419 1926 2466; x_wconf 90' lang='lat' dir='ltr'>non</span> <span class='ocrx_word' id='word_1_264' title='bbox 1942 2399 2256 2490; x_wconf 82' lang='lat' dir='ltr'>quantaspronun-</span> 
     </span>
     <span class='ocr_line' id='line_1_22' title="bbox 208 2497 2256 2608; baseline -0.008 -25"><span class='ocrx_word' id='word_1_265' title='bbox 208 2517 303 2608; x_wconf 76' lang='lat' dir='ltr'>Quo</span> <span class='ocrx_word' id='word_1_266' title='bbox 326 2507 510 2596; x_wconf 83' lang='lat' dir='ltr'>deinceps,</span> <span class='ocrx_word' id='word_1_267' title='bbox 542 2499 614 2569; x_wconf 90' lang='lat' dir='ltr'>nisi</span> <span class='ocrx_word' id='word_1_268' title='bbox 633 2525 692 2570; x_wconf 88' lang='lat' dir='ltr'>me</span> <span class='ocrx_word' id='word_1_269' title='bbox 710 2501 803 2570; x_wconf 86' lang='lat' dir='ltr'>fallit</span> <span class='ocrx_word' id='word_1_270' title='bbox 823 2502 982 2585; x_wconf 88' lang='lat' dir='ltr'>animus,</span> <span class='ocrx_word' id='word_1_271' title='bbox 1006 2499 1220 2578; x_wconf 82' lang='lat' dir='ltr'>factumest,</span> <span class='ocrx_word' id='word_1_272' title='bbox 1270 2497 1363 2566; x_wconf 84' lang='lat' dir='ltr'>ciere</span> <span class='ocrx_word' id='word_1_273' title='bbox 1380 2497 1501 2588; x_wconf 90' lang='lat' dir='ltr'>potui,</span> <span class='ocrx_word' id='word_1_274' title='bbox 1526 2500 1588 2569; x_wconf 90' lang='lat' dir='ltr'>sed</span> <span class='ocrx_word' id='word_1_275' title='bbox 1605 2521 1694 2592; x_wconf 88' lang='lat' dir='ltr'>quas</span> <span class='ocrx_word' id='word_1_276' title='bbox 1707 2497 1870 2588; x_wconf 86' lang='lat' dir='ltr'>angustia</span> <span class='ocrx_word' id='word_1_277' title='bbox 1882 2501 2054 2590; x_wconf 88' lang='lat' dir='ltr'>temporis</span> <span class='ocrx_word' id='word_1_278' title='bbox 2064 2501 2168 2580; x_wconf 92' lang='lat' dir='ltr'>tulit,</span> <span class='ocrx_word' id='word_1_279' title='bbox 2190 2501 2256 2567; x_wconf 85' lang='lat' dir='ltr'>lau-</span> 
     </span>
     <span class='ocr_line' id='line_1_23' title="bbox 216 2597 2256 2695; baseline -0.009 -7"><span class='ocrx_word' id='word_1_280' title='bbox 216 2612 380 2695; x_wconf 83' lang='lat' dir='ltr'>ntnitor</span> <span class='ocrx_word' id='word_1_281' title='bbox 397 2607 507 2678; x_wconf 92' lang='lat' dir='ltr'>huius</span> <span class='ocrx_word' id='word_1_282' title='bbox 524 2603 738 2694; x_wconf 87' lang='lat' dir='ltr'>disciplinae</span> <span class='ocrx_word' id='word_1_283' title='bbox 754 2602 1084 2692; x_wconf 79' lang='lat' dir='ltr'>venerabilispene</span> <span class='ocrx_word' id='word_1_284' title='bbox 1104 2597 1221 2670; x_wconf 77' lang='lat' dir='ltr'>entin-</span> <span class='ocrx_word' id='word_1_285' title='bbox 1269 2601 1332 2670; x_wconf 88' lang='lat' dir='ltr'>des</span> <span class='ocrx_word' id='word_1_286' title='bbox 1356 2599 1545 2691; x_wconf 90' lang='lat' dir='ltr'>disciplina</span> <span class='ocrx_word' id='word_1_287' title='bbox 1567 2601 1700 2670; x_wconf 82' lang='lat' dir='ltr'>nostris</span> <span class='ocrx_word' id='word_1_288' title='bbox 1718 2601 1871 2671; x_wconf 78' lang='lat' dir='ltr'>absolvis</span> <span class='ocrx_word' id='word_1_289' title='bbox 1907 2623 1976 2670; x_wconf 90' lang='lat' dir='ltr'>nec</span> <span class='ocrx_word' id='word_1_290' title='bbox 2001 2603 2103 2695; x_wconf 84' lang='lat' dir='ltr'>prins</span> <span class='ocrx_word' id='word_1_291' title='bbox 2135 2601 2256 2695; x_wconf 80' lang='lat' dir='ltr'>quierit</span> 
     </span>
     <span class='ocr_line' id='line_1_24' title="bbox 209 2701 2256 2797; baseline -0.012 -2"><span class='ocrx_word' id='word_1_292' title='bbox 209 2738 298 2795; x_wconf 77' lang='lat' dir='ltr'>ctus</span> <span class='ocrx_word' id='word_1_293' title='bbox 320 2719 380 2788; x_wconf 89' lang='lat' dir='ltr'>sit:</span> <span class='ocrx_word' id='word_1_294' title='bbox 418 2711 506 2780; x_wconf 85' lang='lat' dir='ltr'>adeo</span> <span class='ocrx_word' id='word_1_295' title='bbox 537 2705 619 2774; x_wconf 87' lang='lat' dir='ltr'>falsi</span> <span class='ocrx_word' id='word_1_296' title='bbox 640 2703 881 2786; x_wconf 85' lang='lat' dir='ltr'>Professores,</span> <span class='ocrx_word' id='word_1_297' title='bbox 914 2705 1043 2774; x_wconf 87' lang='lat' dir='ltr'>melius</span> <span class='ocrx_word' id='word_1_298' title='bbox 1068 2701 1220 2774; x_wconf 75' lang='lat' dir='ltr'>dixerim</span> <span class='ocrx_word' id='word_1_299' title='bbox 1269 2702 1429 2787; x_wconf 88' lang='lat' dir='ltr'>animus,</span> <span class='ocrx_word' id='word_1_300' title='bbox 1463 2711 1570 2796; x_wconf 84' lang='lat' dir='ltr'>quam</span> <span class='ocrx_word' id='word_1_301' title='bbox 1593 2703 1754 2774; x_wconf 88' lang='lat' dir='ltr'>divinam</span> <span class='ocrx_word' id='word_1_302' title='bbox 1786 2718 1963 2774; x_wconf 85' lang='lat' dir='ltr'>astrorum</span> <span class='ocrx_word' id='word_1_303' title='bbox 1996 2705 2164 2797; x_wconf 89' lang='lat' dir='ltr'>peritiam</span> <span class='ocrx_word' id='word_1_304' title='bbox 2194 2705 2256 2771; x_wconf 86' lang='lat' dir='ltr'>sin·</span> 
     </span>
     <span class='ocr_line' id='line_1_25' title="bbox 219 2803 2256 2900; baseline -0.013 -2"><span class='ocrx_word' id='word_1_305' title='bbox 219 2822 429 2898; x_wconf 84' lang='lat' dir='ltr'>histriones,</span> <span class='ocrx_word' id='word_1_306' title='bbox 469 2833 546 2880; x_wconf 89' lang='lat' dir='ltr'>earn</span> <span class='ocrx_word' id='word_1_307' title='bbox 576 2823 843 2900; x_wconf 86' lang='lat' dir='ltr'>oppresserunt:</span> <span class='ocrx_word' id='word_1_308' title='bbox 879 2807 1015 2900; x_wconf 88' lang='lat' dir='ltr'>quibus</span> <span class='ocrx_word' id='word_1_309' title='bbox 1048 2827 1220 2896; x_wconf 82' lang='lat' dir='ltr'>saepenu-</span> <span class='ocrx_word' id='word_1_310' title='bbox 1269 2803 1385 2893; x_wconf 87' lang='lat' dir='ltr'>gulari</span> <span class='ocrx_word' id='word_1_311' title='bbox 1413 2806 1604 2896; x_wconf 86' lang='lat' dir='ltr'>praeconio</span> <span class='ocrx_word' id='word_1_312' title='bbox 1631 2807 1854 2876; x_wconf 83' lang='lat' dir='ltr'>extollerem:</span> <span class='ocrx_word' id='word_1_313' title='bbox 1897 2808 2103 2900; x_wconf 89' lang='lat' dir='ltr'>etquidem</span> <span class='ocrx_word' id='word_1_314' title='bbox 2133 2807 2256 2876; x_wconf 88' lang='lat' dir='ltr'>merito.</span> 
     </span>
     <span class='ocr_line' id='line_1_26' title="bbox 217 2905 2256 3009; baseline -0.012 -9"><span class='ocrx_word' id='word_1_315' title='bbox 217 2951 339 3009; x_wconf 90' lang='lat' dir='ltr'>mero,</span> <span class='ocrx_word' id='word_1_316' title='bbox 365 2920 395 2989; x_wconf 89' lang='lat' dir='ltr'>si</span> <span class='ocrx_word' id='word_1_317' title='bbox 412 2918 582 2986; x_wconf 86' lang='lat' dir='ltr'>lacessere</span> <span class='ocrx_word' id='word_1_318' title='bbox 601 2925 767 3002; x_wconf 87' lang='lat' dir='ltr'>pergent,</span> <span class='ocrx_word' id='word_1_319' title='bbox 793 2911 928 2981; x_wconf 89' lang='lat' dir='ltr'>bellum</span> <span class='ocrx_word' id='word_1_320' title='bbox 945 2925 1046 2980; x_wconf 85' lang='lat' dir='ltr'>atrox</span> <span class='ocrx_word' id='word_1_321' title='bbox 1066 2906 1220 2998; x_wconf 88' lang='lat' dir='ltr'>intrepi·</span> <span class='ocrx_word' id='word_1_322' title='bbox 1268 2905 1374 2976; x_wconf 87' lang='lat' dir='ltr'>Nunc</span> <span class='ocrx_word' id='word_1_323' title='bbox 1390 2907 1570 2999; x_wconf 90' lang='lat' dir='ltr'>reliquum</span> <span class='ocrx_word' id='word_1_324' title='bbox 1593 2923 1662 2988; x_wconf 89' lang='lat' dir='ltr'>est,</span> <span class='ocrx_word' id='word_1_325' title='bbox 1692 2909 1929 2997; x_wconf 85' lang='lat' dir='ltr'>Allragannm</span> <span class='ocrx_word' id='word_1_326' title='bbox 1945 2910 2125 3000; x_wconf 81' lang='lat' dir='ltr'>insignem</span> <span class='ocrx_word' id='word_1_327' title='bbox 2144 2907 2256 2980; x_wconf 87' lang='lat' dir='ltr'>Astro-</span> 
     </span>
     <span class='ocr_line' id='line_1_27' title="bbox 211 3004 2255 3103; baseline -0.01 -2"><span class='ocrx_word' id='word_1_328' title='bbox 211 3017 412 3103; x_wconf 66' lang='lat' dir='ltr'>3dussiebu.</span> <span class='ocrx_word' id='word_1_329' title='bbox 441 3069 447 3082; x_wconf 87' lang='lat'><strong>·</strong></span> <span class='ocrx_word' id='word_1_330' title='bbox 1270 3009 1411 3078; x_wconf 87' lang='lat' dir='ltr'>nomiae</span> <span class='ocrx_word' id='word_1_331' title='bbox 1438 3004 1647 3082; x_wconf 84' lang='lat' dir='ltr'>historicum</span> <span class='ocrx_word' id='word_1_332' title='bbox 1669 3012 1715 3080; x_wconf 90' lang='lat' dir='ltr'>ad</span> <span class='ocrx_word' id='word_1_333' title='bbox 1739 3009 1864 3082; x_wconf 89' lang='lat' dir='ltr'>limina</span> <span class='ocrx_word' id='word_1_334' title='bbox 1895 3013 2025 3084; x_wconf 89' lang='lat' dir='ltr'>domus</span> <span class='ocrx_word' id='word_1_335' title='bbox 2053 3039 2129 3085; x_wconf 92' lang='lat' dir='ltr'>uno</span> <span class='ocrx_word' id='word_1_336' title='bbox 2158 3013 2255 3081; x_wconf 86' lang='lat' dir='ltr'>verbo</span> 
     </span>
     <span class='ocr_line' id='line_1_28' title="bbox 209 3109 1473 3206; baseline -0.006 -18"><span class='ocrx_word' id='word_1_337' title='bbox 209 3173 216 3188; x_wconf 81' lang='grc'><strong>,</strong></span> <span class='ocrx_word' id='word_1_338' title='bbox 243 3119 248 3130; x_wconf 88' lang='grc'><strong>’</strong></span> <span class='ocrx_word' id='word_1_339' title='bbox 285 3117 419 3199; x_wconf 68' lang='lat' dir='ltr'>¹&#39;Ante</span> <span class='ocrx_word' id='word_1_340' title='bbox 443 3119 565 3190; x_wconf 87' lang='lat' dir='ltr'>oculos</span> <span class='ocrx_word' id='word_1_341' title='bbox 583 3116 694 3206; x_wconf 86' lang='lat' dir='ltr'>igitur</span> <span class='ocrx_word' id='word_1_342' title='bbox 716 3137 857 3186; x_wconf 88' lang='lat' dir='ltr'>oausam</span> <span class='ocrx_word' id='word_1_343' title='bbox 880 3109 1038 3200; x_wconf 87' lang='lat' dir='ltr'>habetis,</span> <span class='ocrx_word' id='word_1_344' title='bbox 1063 3136 1129 3183; x_wconf 91' lang='lat' dir='ltr'>cur</span> <span class='ocrx_word' id='word_1_345' title='bbox 1152 3112 1218 3181; x_wconf 91' lang='lat' dir='ltr'>do·</span> <span class='ocrx_word' id='word_1_346' title='bbox 1269 3112 1473 3187; x_wconf 86' lang='lat' dir='ltr'>salutemus.</span> 
     </span>
    </p>

    <p class='ocr_par' dir='ltr' id='par_1_4' title="bbox 217 3209 1220 3308">
     <span class='ocr_line' id='line_1_29' title="bbox 217 3209 1220 3308; baseline -0.019 -7"><span class='ocrx_word' id='word_1_347' title='bbox 217 3250 308 3308; x_wconf 68' lang='lat' dir='ltr'>mm</span> <span class='ocrx_word' id='word_1_348' title='bbox 331 3225 424 3299; x_wconf 92' lang='lat' dir='ltr'>illud</span> <span class='ocrx_word' id='word_1_349' title='bbox 446 3219 707 3291; x_wconf 83' lang='lat' dir='ltr'>inaestimabile</span> <span class='ocrx_word' id='word_1_350' title='bbox 726 3218 830 3288; x_wconf 85' lang='lat' dir='ltr'>flocci</span> <span class='ocrx_word' id='word_1_351' title='bbox 851 3219 1047 3308; x_wconf 87' lang='lat' dir='ltr'>pendatur,</span> <span class='ocrx_word' id='word_1_352' title='bbox 1074 3209 1220 3284; x_wconf 83' lang='lat' dir='ltr'>curbae</span> 
     </span>
    </p>

    <p class='ocr_par' dir='ltr' id='par_1_5' title="bbox 213 3319 1374 3417">
     <span class='ocr_line' id='line_1_30' title="bbox 213 3319 1374 3417; baseline -0.025 -5"><span class='ocrx_word' id='word_1_353' title='bbox 213 3351 342 3410; x_wconf 90' lang='lat' dir='ltr'>&#39;nostra</span> <span class='ocrx_word' id='word_1_354' title='bbox 362 3335 567 3417; x_wconf 89' lang='lat' dir='ltr'>tempestate</span> <span class='ocrx_word' id='word_1_355' title='bbox 591 3321 752 3390; x_wconf 84' lang='lat' dir='ltr'>coelestis</span> <span class='ocrx_word' id='word_1_356' title='bbox 772 3322 832 3390; x_wconf 91' lang='lat' dir='ltr'>illa</span> <span class='ocrx_word' id='word_1_357' title='bbox 855 3319 1043 3410; x_wconf 87' lang='lat' dir='ltr'>disciplina</span> <span class='ocrx_word' id='word_1_358' title='bbox 1067 3340 1219 3410; x_wconf 88' lang='lat' dir='ltr'>perpau-</span> <span class='ocrx_word' id='word_1_359' title='bbox 1277 3351 1374 3362; x_wconf 84' lang='lat'><strong>-··-·</strong></span> 
     </span>
    </p>

    <p class='ocr_par' dir='ltr' id='par_1_6' title="bbox 208 3420 1220 3528">
     <span class='ocr_line' id='line_1_31' title="bbox 208 3420 1220 3528; baseline -0.025 -15"><span class='ocrx_word' id='word_1_360' title='bbox 208 3427 271 3513; x_wconf 69' lang='lat' dir='ltr'>cis</span> <span class='ocrx_word' id='word_1_361' title='bbox 293 3433 422 3528; x_wconf 90' lang='lat' dir='ltr'>sapiat,</span> <span class='ocrx_word' id='word_1_362' title='bbox 453 3450 533 3497; x_wconf 89' lang='lat' dir='ltr'>cum</span> <span class='ocrx_word' id='word_1_363' title='bbox 557 3425 670 3493; x_wconf 83' lang='lat' dir='ltr'>ferme</span> <span class='ocrx_word' id='word_1_364' title='bbox 692 3446 816 3492; x_wconf 83' lang='lat' dir='ltr'>omnes</span> <span class='ocrx_word' id='word_1_365' title='bbox 838 3423 939 3515; x_wconf 90' lang='lat' dir='ltr'>quasi</span> <span class='ocrx_word' id='word_1_366' title='bbox 961 3421 1101 3512; x_wconf 87' lang='lat' dir='ltr'>agmine</span> <span class='ocrx_word' id='word_1_367' title='bbox 1115 3420 1220 3502; x_wconf 89' lang='lat' dir='ltr'>facto,</span> 
     </span>
    </p>

    <p class='ocr_par' dir='ltr' id='par_1_7' title="bbox 209 3511 2297 4458">
     <span class='ocr_line' id='line_1_32' title="bbox 209 3511 2231 3627; baseline -0.017 -10"><span class='ocrx_word' id='word_1_368' title='bbox 209 3539 365 3617; x_wconf 78' lang='lat' dir='ltr'>divitias</span> <span class='ocrx_word' id='word_1_369' title='bbox 401 3528 621 3627; x_wconf 84' lang='lat' dir='ltr'>quaeritent,</span> <span class='ocrx_word' id='word_1_370' title='bbox 662 3527 774 3615; x_wconf 88' lang='lat' dir='ltr'>magis</span> <span class='ocrx_word' id='word_1_371' title='bbox 803 3540 844 3598; x_wconf 90' lang='lat' dir='ltr'>nt</span> <span class='ocrx_word' id='word_1_372' title='bbox 875 3523 988 3594; x_wconf 87' lang='lat' dir='ltr'>instar</span> <span class='ocrx_word' id='word_1_373' title='bbox 1019 3523 1218 3592; x_wconf 77' lang='lat' dir='ltr'>belluarum</span> <span class='ocrx_word' id='word_1_374' title='bbox 1267 3511 1335 3584; x_wconf 87' lang='lat' dir='ltr'>Nu.</span> <span class='ocrx_word' id='word_1_375' title='bbox 1357 3511 1421 3584; x_wconf 85' lang='grc'>67.</span> <span class='ocrx_word' id='word_1_376' title='bbox 1792 3519 1801 3528; x_wconf 84' lang='grc'>’</span> <span class='ocrx_word' id='word_1_377' title='bbox 2060 3543 2112 3587; x_wconf 83' lang='lat' dir='ltr'>sn.</span> <span class='ocrx_word' id='word_1_378' title='bbox 2144 3523 2231 3588; x_wconf 73' lang='lat'><strong>1541.</strong></span> 
     </span>
     <span class='ocr_line' id='line_1_33' title="bbox 211 3611 2250 3722; baseline -0.023 -3"><span class='ocrx_word' id='word_1_379' title='bbox 211 3643 340 3718; x_wconf 75' lang='lat' dir='ltr'>&#39;ventri</span> <span class='ocrx_word' id='word_1_380' title='bbox 359 3635 586 3722; x_wconf 85' lang='lat' dir='ltr'>indulgeant,</span> <span class='ocrx_word' id='word_1_381' title='bbox 612 3653 720 3722; x_wconf 93' lang='lat' dir='ltr'>quam</span> <span class='ocrx_word' id='word_1_382' title='bbox 737 3629 872 3698; x_wconf 80' lang='lat' dir='ltr'>virtute</span> <span class='ocrx_word' id='word_1_383' title='bbox 886 3627 1062 3719; x_wconf 88' lang='lat' dir='ltr'>bonisque</span> <span class='ocrx_word' id='word_1_384' title='bbox 1084 3624 1220 3694; x_wconf 81' lang='lat' dir='ltr'>artibus</span> <span class='ocrx_word' id='word_1_385' title='bbox 1270 3611 1407 3686; x_wconf 61' lang='lat'>‘7⁹⁴⁶&#39;</span> <span class='ocrx_word' id='word_1_386' title='bbox 2047 3611 2250 3648; x_wconf 50' lang='grc' dir='ltr'><strong><em>Μ</em></strong></span> 
     </span>
     <span class='ocr_line' id='line_1_34' title="bbox 210 3712 2024 3844; baseline -0.015 -22"><span class='ocrx_word' id='word_1_387' title='bbox 210 3739 524 3822; x_wconf 82' lang='lat' dir='ltr'>immortalitatem</span> <span class='ocrx_word' id='word_1_388' title='bbox 540 3745 815 3824; x_wconf 84' lang='lat' dir='ltr'>consequantur,</span> <span class='ocrx_word' id='word_1_389' title='bbox 833 3723 928 3798; x_wconf 90' lang='lat' dir='ltr'>nibil</span> <span class='ocrx_word' id='word_1_390' title='bbox 942 3735 1219 3844; x_wconf 83' lang='lat' dir='ltr'>praeteraurum</span> <span class='ocrx_word' id='word_1_391' title='bbox 1512 3712 1589 3797; x_wconf 79' lang='lat' dir='ltr'>De</span> <span class='ocrx_word' id='word_1_392' title='bbox 1618 3713 1724 3798; x_wconf 80' lang='lat' dir='ltr'>otit&#39;o</span> <span class='ocrx_word' id='word_1_393' title='bbox 1745 3713 2024 3826; x_wconf 74' lang='lat' dir='ltr'>sophistices.</span> 
     </span>
     <span class='ocr_line' id='line_1_35' title="bbox 211 3829 2253 3966; baseline -0.011 -4"><span class='ocrx_word' id='word_1_394' title='bbox 211 3844 532 3966; x_wconf 65' lang='lat' dir='ltr'>mavapradeptes.</span> <span class='ocrx_word' id='word_1_395' title='bbox 586 3829 726 3904; x_wconf 55' lang='lat' dir='ltr'>intem</span> <span class='ocrx_word' id='word_1_396' title='bbox 742 3844 860 3951; x_wconf 56' lang='lat' dir='ltr'>mim</span> <span class='ocrx_word' id='word_1_397' title='bbox 875 3833 960 3900; x_wconf 71' lang='lat' dir='ltr'>b⁰¹¹¹</span> <span class='ocrx_word' id='word_1_398' title='bbox 983 3839 1220 3948; x_wconf 58' lang='lat' dir='ltr'><strong>pm.⁰⁰²p.t9&#39;¹⁵</strong></span> <span class='ocrx_word' id='word_1_399' title='bbox 1337 3883 1444 3940; x_wconf 71' lang='lat' dir='ltr'>Protin</span> <span class='ocrx_word' id='word_1_400' title='bbox 1462 3883 1531 3940; x_wconf 71' lang='lat' dir='ltr'>taes</span> <span class='ocrx_word' id='word_1_401' title='bbox 1557 3886 1645 3940; x_wconf 72' lang='lat' dir='ltr'>ontio</span> <span class='ocrx_word' id='word_1_402' title='bbox 1676 3887 1766 3942; x_wconf 68' lang='lat' dir='ltr'>vaes.</span> <span class='ocrx_word' id='word_1_403' title='bbox 1789 3882 1867 3941; x_wconf 76' lang='lat' dir='ltr'>asts.</span> <span class='ocrx_word' id='word_1_404' title='bbox 1891 3889 1919 3946; x_wconf 86' lang='lat' dir='ltr'>a.</span> <span class='ocrx_word' id='word_1_405' title='bbox 1955 3895 1967 3946; x_wconf 88' lang='lat' dir='ltr'>t</span> <span class='ocrx_word' id='word_1_406' title='bbox 2009 3891 2028 3947; x_wconf 88' lang='lat' dir='ltr'>t.</span> <span class='ocrx_word' id='word_1_407' title='bbox 2071 3893 2116 3948; x_wconf 85' lang='lat' dir='ltr'>ct.</span> <span class='ocrx_word' id='word_1_408' title='bbox 2137 3893 2253 3950; x_wconf 60' lang='lat' dir='ltr'>samana</span> 
     </span>
     <span class='ocr_line' id='line_1_36' title="bbox 220 3911 2296 4048; baseline -0.005 -24"><span class='ocrx_word' id='word_1_409' title='bbox 220 3971 370 4048; x_wconf 78' lang='lat' dir='ltr'>penuria</span> <span class='ocrx_word' id='word_1_410' title='bbox 389 3947 467 4013; x_wconf 86' lang='lat' dir='ltr'>lien</span> <span class='ocrx_word' id='word_1_411' title='bbox 491 3948 626 4032; x_wconf 86' lang='lat' dir='ltr'>potest,</span> <span class='ocrx_word' id='word_1_412' title='bbox 658 3959 729 4030; x_wconf 93' lang='lat' dir='ltr'>quo</span> <span class='ocrx_word' id='word_1_413' title='bbox 750 3935 932 4002; x_wconf 76' lang='lat' dir='ltr'>minusad</span> <span class='ocrx_word' id='word_1_414' title='bbox 955 3933 1217 4023; x_wconf 72' lang='lat' dir='ltr'>plenitudinem</span> <span class='ocrx_word' id='word_1_415' title='bbox 1372 3954 1833 4012; x_wconf 67' lang='lat' dir='ltr'>atartots.mnsnn.n0.tto.-</span> <span class='ocrx_word' id='word_1_416' title='bbox 1869 3956 1972 4014; x_wconf 71' lang='lat' dir='ltr'>aecus·</span> <span class='ocrx_word' id='word_1_417' title='bbox 1989 3911 2254 4020; x_wconf 56' lang='lat' dir='ltr'>invassissent.</span> <span class='ocrx_word' id='word_1_418' title='bbox 2295 3963 2296 3970; x_wconf 74' lang='grc'>’</span> 
     </span>
     <span class='ocr_line' id='line_1_37' title="bbox 213 4024 2252 4150; baseline -0.011 -24"><span class='ocrx_word' id='word_1_419' title='bbox 213 4057 461 4150; x_wconf 80' lang='lat' dir='ltr'>perducantur</span> <span class='ocrx_word' id='word_1_420' title='bbox 485 4037 593 4110; x_wconf 90' lang='lat' dir='ltr'>huius</span> <span class='ocrx_word' id='word_1_421' title='bbox 614 4039 701 4110; x_wconf 82' lang='lat' dir='ltr'>artis</span> <span class='ocrx_word' id='word_1_422' title='bbox 724 4051 917 4120; x_wconf 88' lang='lat' dir='ltr'>amatores,</span> <span class='ocrx_word' id='word_1_423' title='bbox 953 4033 1093 4105; x_wconf 88' lang='lat' dir='ltr'>tametsi</span> <span class='ocrx_word' id='word_1_424' title='bbox 1119 4033 1220 4122; x_wconf 86' lang='lat' dir='ltr'>inge·</span> <span class='ocrx_word' id='word_1_425' title='bbox 1372 4043 1399 4096; x_wconf 69' lang='grc' dir='ltr'>ιλ</span> <span class='ocrx_word' id='word_1_426' title='bbox 1413 4025 1561 4110; x_wconf 63' lang='lat' dir='ltr'>⁶⁰⁴⁸qt·s</span> <span class='ocrx_word' id='word_1_427' title='bbox 1575 4024 1603 4078; x_wconf 66' lang='lat'>³¹¹</span> <span class='ocrx_word' id='word_1_428' title='bbox 1616 4024 1735 4082; x_wconf 69' lang='lat' dir='ltr'>Servat.</span> <span class='ocrx_word' id='word_1_429' title='bbox 1749 4026 1772 4080; x_wconf 63' lang='lat' dir='ltr'>b</span> <span class='ocrx_word' id='word_1_430' title='bbox 1786 4044 1812 4097; x_wconf 78' lang='lat' dir='ltr'>t·</span> <span class='ocrx_word' id='word_1_431' title='bbox 1825 4025 1885 4082; x_wconf 82' lang='lat'><strong>⁵²⁷·</strong></span> <span class='ocrx_word' id='word_1_432' title='bbox 1904 4039 1932 4082; x_wconf 55' lang='grc' dir='ltr'>εἰ</span> <span class='ocrx_word' id='word_1_433' title='bbox 1944 4027 2074 4090; x_wconf 66' lang='lat' dir='ltr'>ffidwd·</span> <span class='ocrx_word' id='word_1_434' title='bbox 2088 4031 2122 4088; x_wconf 82' lang='grc' dir='ltr'>Τ·</span> <span class='ocrx_word' id='word_1_435' title='bbox 2135 4035 2156 4088; x_wconf 87' lang='lat'>¹·</span> <span class='ocrx_word' id='word_1_436' title='bbox 2169 4053 2194 4104; x_wconf 80' lang='lat' dir='ltr'>t·</span> <span class='ocrx_word' id='word_1_437' title='bbox 2203 4034 2252 4087; x_wconf 73' lang='lat'>²⁵9·</span> 
     </span>
     <span class='ocr_line' id='line_1_38' title="bbox 219 4132 1220 4230; baseline -0.028 0"><span class='ocrx_word' id='word_1_438' title='bbox 219 4159 323 4230; x_wconf 90' lang='lat' dir='ltr'>nium</span> <span class='ocrx_word' id='word_1_439' title='bbox 336 4143 583 4222; x_wconf 84' lang='lat' dir='ltr'>huiuscemodi</span> <span class='ocrx_word' id='word_1_440' title='bbox 597 4142 704 4212; x_wconf 92' lang='lat' dir='ltr'>rebus</span> <span class='ocrx_word' id='word_1_441' title='bbox 718 4135 1119 4230; x_wconf 87' lang='lat' dir='ltr'>babeantaptissimum.</span> <span class='ocrx_word' id='word_1_442' title='bbox 1153 4132 1220 4204; x_wconf 80' lang='lat' dir='ltr'>Ni-</span> 
     </span>
     <span class='ocr_line' id='line_1_39' title="bbox 219 4238 1220 4337; baseline -0.028 -5"><span class='ocrx_word' id='word_1_443' title='bbox 219 4259 276 4333; x_wconf 91' lang='lat' dir='ltr'>hil</span> <span class='ocrx_word' id='word_1_444' title='bbox 291 4256 386 4328; x_wconf 89' lang='lat' dir='ltr'>enim</span> <span class='ocrx_word' id='word_1_445' title='bbox 402 4265 475 4321; x_wconf 90' lang='lat' dir='ltr'>tam</span> <span class='ocrx_word' id='word_1_446' title='bbox 484 4245 606 4324; x_wconf 80' lang='lat' dir='ltr'>facile,</span> <span class='ocrx_word' id='word_1_447' title='bbox 633 4243 729 4337; x_wconf 94' lang='lat' dir='ltr'>quod</span> <span class='ocrx_word' id='word_1_448' title='bbox 744 4266 818 4312; x_wconf 93' lang='lat' dir='ltr'>non</span> <span class='ocrx_word' id='word_1_449' title='bbox 833 4241 976 4312; x_wconf 82' lang='lat' dir='ltr'>difficile</span> <span class='ocrx_word' id='word_1_450' title='bbox 992 4241 1073 4324; x_wconf 86' lang='lat' dir='ltr'>fiat,</span> <span class='ocrx_word' id='word_1_451' title='bbox 1100 4238 1130 4307; x_wconf 89' lang='lat' dir='ltr'>si</span> <span class='ocrx_word' id='word_1_452' title='bbox 1145 4260 1220 4306; x_wconf 90' lang='lat' dir='ltr'>non</span> 
     </span>
     <span class='ocr_line' id='line_1_40' title="bbox 221 4341 1220 4458; baseline -0.028 -25"><span class='ocrx_word' id='word_1_453' title='bbox 221 4369 446 4458; x_wconf 81' lang='lat' dir='ltr'>praeceptore</span> <span class='ocrx_word' id='word_1_454' title='bbox 467 4351 571 4420; x_wconf 91' lang='lat' dir='ltr'>docto</span> <span class='ocrx_word' id='word_1_455' title='bbox 586 4369 696 4417; x_wconf 89' lang='lat' dir='ltr'>manu</span> <span class='ocrx_word' id='word_1_456' title='bbox 710 4347 861 4418; x_wconf 87' lang='lat' dir='ltr'>ducaris.</span> <span class='ocrx_word' id='word_1_457' title='bbox 914 4341 1058 4412; x_wconf 89' lang='lat' dir='ltr'>Possem</span> <span class='ocrx_word' id='word_1_458' title='bbox 1072 4361 1220 4410; x_wconf 89' lang='lat' dir='ltr'>enume—</span> 
     </span>
    </p>
   </div>
   <div class='ocr_carea' id='block_1_3' title="bbox 220 4440 2249 4640">
    <p class='ocr_par' dir='ltr' id='par_1_8' title="bbox 220 4440 2249 4640">
     <span class='ocr_line' id='line_1_41' title="bbox 220 4440 1220 4553; baseline -0.03 -15"><span class='ocrx_word' id='word_1_459' title='bbox 220 4487 300 4537; x_wconf 86' lang='lat' dir='ltr'>rare</span> <span class='ocrx_word' id='word_1_460' title='bbox 313 4457 489 4553; x_wconf 88' lang='lat' dir='ltr'>plurimos</span> <span class='ocrx_word' id='word_1_461' title='bbox 503 4466 577 4522; x_wconf 92' lang='lat' dir='ltr'>tam</span> <span class='ocrx_word' id='word_1_462' title='bbox 594 4463 749 4532; x_wconf 89' lang='lat' dir='ltr'>veteres,</span> <span class='ocrx_word' id='word_1_463' title='bbox 772 4471 878 4540; x_wconf 89' lang='lat' dir='ltr'>quam</span> <span class='ocrx_word' id='word_1_464' title='bbox 900 4447 1092 4514; x_wconf 90' lang='lat' dir='ltr'>modernos</span> <span class='ocrx_word' id='word_1_465' title='bbox 1109 4440 1220 4533; x_wconf 91' lang='lat' dir='ltr'>partis</span> 
     </span>
     <span class='ocr_line' id='line_1_42' title="bbox 222 4530 2249 4640; baseline -0.012 0"><span class='ocrx_word' id='word_1_466' title='bbox 222 4562 402 4640; x_wconf 88' lang='lat' dir='ltr'>iudicialis</span> <span class='ocrx_word' id='word_1_467' title='bbox 415 4555 653 4636; x_wconf 80' lang='lat' dir='ltr'>Professores,</span> <span class='ocrx_word' id='word_1_468' title='bbox 680 4549 801 4632; x_wconf 89' lang='lat' dir='ltr'>Indos,</span> <span class='ocrx_word' id='word_1_469' title='bbox 828 4547 1003 4630; x_wconf 88' lang='lat' dir='ltr'>Graecos,</span> <span class='ocrx_word' id='word_1_470' title='bbox 1029 4543 1166 4616; x_wconf 87' lang='lat' dir='ltr'>Arabes</span> <span class='ocrx_word' id='word_1_471' title='bbox 1179 4567 1220 4611; x_wconf 87' lang='lat' dir='ltr'>ac</span> <span class='ocrx_word' id='word_1_472' title='bbox 1267 4530 1443 4612; x_wconf 89' lang='lat' dir='ltr'>Arbitror</span> <span class='ocrx_word' id='word_1_473' title='bbox 1458 4537 1639 4628; x_wconf 89' lang='lat' dir='ltr'>probabili</span> <span class='ocrx_word' id='word_1_474' title='bbox 1653 4539 1805 4608; x_wconf 92' lang='lat' dir='ltr'>consilio</span> <span class='ocrx_word' id='word_1_475' title='bbox 1817 4540 1998 4613; x_wconf 89' lang='lat' dir='ltr'>institutos</span> <span class='ocrx_word' id='word_1_476' title='bbox 2012 4569 2086 4616; x_wconf 88' lang='lat' dir='ltr'>esse</span> <span class='ocrx_word' id='word_1_477' title='bbox 2101 4544 2166 4618; x_wconf 89' lang='lat' dir='ltr'>hos</span> <span class='ocrx_word' id='word_1_478' title='bbox 2178 4571 2249 4617; x_wconf 89' lang='lat' dir='ltr'>con-</span> 
     </span>
    </p>
   </div>
   <div class='ocr_carea' id='block_1_4' title="bbox 87 4639 2294 5563">
    <p class='ocr_par' dir='ltr' id='par_1_9' title="bbox 220 4639 2294 5260">
     <span class='ocr_line' id='line_1_43' title="bbox 220 4639 2294 4748; baseline -0.014 -4"><span class='ocrx_word' id='word_1_479' title='bbox 220 4670 387 4744; x_wconf 88' lang='lat' dir='ltr'>Latinos:</span> <span class='ocrx_word' id='word_1_480' title='bbox 418 4671 462 4727; x_wconf 92' lang='lat' dir='ltr'>ut</span> <span class='ocrx_word' id='word_1_481' title='bbox 479 4668 641 4748; x_wconf 86' lang='lat' dir='ltr'>apertum</span> <span class='ocrx_word' id='word_1_482' title='bbox 657 4653 774 4737; x_wconf 87' lang='lat' dir='ltr'>fieret,</span> <span class='ocrx_word' id='word_1_483' title='bbox 799 4675 906 4745; x_wconf 88' lang='lat' dir='ltr'>quam</span> <span class='ocrx_word' id='word_1_484' title='bbox 921 4645 1044 4720; x_wconf 88' lang='lat' dir='ltr'>multis</span> <span class='ocrx_word' id='word_1_485' title='bbox 1062 4657 1096 4717; x_wconf 91' lang='lat' dir='ltr'>et</span> <span class='ocrx_word' id='word_1_486' title='bbox 1112 4669 1220 4739; x_wconf 91' lang='lat' dir='ltr'>quam</span> <span class='ocrx_word' id='word_1_487' title='bbox 1269 4663 1419 4732; x_wconf 88' lang='lat' dir='ltr'>gressus,</span> <span class='ocrx_word' id='word_1_488' title='bbox 1442 4639 1885 4734; x_wconf 87' lang='lat' dir='ltr'>inquibustestimonium</span> <span class='ocrx_word' id='word_1_489' title='bbox 1901 4645 2153 4731; x_wconf 86' lang='lat' dir='ltr'>doctrinaeiis,</span> <span class='ocrx_word' id='word_1_490' title='bbox 2174 4675 2249 4744; x_wconf 90' lang='lat' dir='ltr'>quo·</span> <span class='ocrx_word' id='word_1_491' title='bbox 2293 4687 2294 4715; x_wconf 74' lang='lat'>1</span> 
     </span>
     <span class='ocr_line' id='line_1_44' title="bbox 222 4742 2247 4852; baseline -0.015 -6"><span class='ocrx_word' id='word_1_492' title='bbox 222 4771 327 4846; x_wconf 89' lang='lat' dir='ltr'>claris</span> <span class='ocrx_word' id='word_1_493' title='bbox 355 4757 510 4852; x_wconf 88' lang='lat' dir='ltr'>ingeniis</span> <span class='ocrx_word' id='word_1_494' title='bbox 538 4749 773 4847; x_wconf 84' lang='lat' dir='ltr'>Philosophia</span> <span class='ocrx_word' id='word_1_495' title='bbox 803 4753 1076 4824; x_wconf 83' lang='lat' dir='ltr'>influentiarum</span> <span class='ocrx_word' id='word_1_496' title='bbox 1105 4747 1220 4818; x_wconf 83' lang='lat' dir='ltr'>coele·</span> <span class='ocrx_word' id='word_1_497' title='bbox 1268 4742 1542 4834; x_wconf 83' lang='lat' dir='ltr'>rumexplorata</span> <span class='ocrx_word' id='word_1_498' title='bbox 1560 4759 1611 4814; x_wconf 94' lang='lat' dir='ltr'>est</span> <span class='ocrx_word' id='word_1_499' title='bbox 1626 4742 1801 4827; x_wconf 88' lang='lat' dir='ltr'>eruditio,</span> <span class='ocrx_word' id='word_1_500' title='bbox 1826 4745 2007 4818; x_wconf 88' lang='lat' dir='ltr'>tribuitur.</span> <span class='ocrx_word' id='word_1_501' title='bbox 2045 4751 2247 4824; x_wconf 82' lang='lat' dir='ltr'>Decetenim</span> 
     </span>
     <span class='ocr_line' id='line_1_45' title="bbox 222 4839 2247 4948; baseline -0.013 -5"><span class='ocrx_word' id='word_1_502' title='bbox 222 4877 330 4948; x_wconf 86' lang='lat' dir='ltr'>stium</span> <span class='ocrx_word' id='word_1_503' title='bbox 363 4868 529 4944; x_wconf 84' lang='lat' dir='ltr'>inventa,</span> <span class='ocrx_word' id='word_1_504' title='bbox 571 4860 718 4928; x_wconf 90' lang='lat' dir='ltr'>adaucta</span> <span class='ocrx_word' id='word_1_505' title='bbox 751 4869 787 4926; x_wconf 93' lang='lat' dir='ltr'>et</span> <span class='ocrx_word' id='word_1_506' title='bbox 812 4857 1020 4925; x_wconf 85' lang='lat' dir='ltr'>confirmata</span> <span class='ocrx_word' id='word_1_507' title='bbox 1051 4849 1218 4936; x_wconf 81' lang='lat' dir='ltr'>extiterit.</span> <span class='ocrx_word' id='word_1_508' title='bbox 1268 4839 1783 4938; x_wconf 88' lang='lat' dir='ltr'>haecqnasicensoriaiodicia</span> <span class='ocrx_word' id='word_1_509' title='bbox 1799 4847 2044 4938; x_wconf 86' lang='lat' dir='ltr'>publicclieri.</span> <span class='ocrx_word' id='word_1_510' title='bbox 2077 4852 2247 4948; x_wconf 76' lang='lat' dir='ltr'>Sedquae-</span> 
     </span>
     <span class='ocr_line' id='line_1_46' title="bbox 221 4953 2293 5048; baseline -0.015 1"><span class='ocrx_word' id='word_1_511' title='bbox 221 4977 363 5048; x_wconf 89' lang='lat' dir='ltr'>Possem</span> <span class='ocrx_word' id='word_1_512' title='bbox 376 4959 581 5037; x_wconf 88' lang='lat' dir='ltr'>certissimis</span> <span class='ocrx_word' id='word_1_513' title='bbox 595 4960 781 5030; x_wconf 89' lang='lat' dir='ltr'>ostendere</span> <span class='ocrx_word' id='word_1_514' title='bbox 792 4958 1011 5041; x_wconf 88' lang='lat' dir='ltr'>rationibus,</span> <span class='ocrx_word' id='word_1_515' title='bbox 1037 4977 1143 5048; x_wconf 89' lang='lat' dir='ltr'>quam</span> <span class='ocrx_word' id='word_1_516' title='bbox 1156 4975 1220 5020; x_wconf 88' lang='lat' dir='ltr'>ne·</span> <span class='ocrx_word' id='word_1_517' title='bbox 1268 4971 1408 5041; x_wconf 91' lang='lat' dir='ltr'>cunque</span> <span class='ocrx_word' id='word_1_518' title='bbox 1426 4961 1510 5018; x_wconf 89' lang='lat' dir='ltr'>suut</span> <span class='ocrx_word' id='word_1_519' title='bbox 1526 4971 1668 5028; x_wconf 89' lang='lat' dir='ltr'>causae,</span> <span class='ocrx_word' id='word_1_520' title='bbox 1692 4969 1748 5015; x_wconf 90' lang='lat' dir='ltr'>me</span> <span class='ocrx_word' id='word_1_521' title='bbox 1766 4970 1974 5039; x_wconf 89' lang='lat' dir='ltr'>congressus</span> <span class='ocrx_word' id='word_1_522' title='bbox 1990 4953 2058 5046; x_wconf 91' lang='lat' dir='ltr'>ipsi</span> <span class='ocrx_word' id='word_1_523' title='bbox 2076 4957 2245 5026; x_wconf 82' lang='lat' dir='ltr'>delectant.</span> <span class='ocrx_word' id='word_1_524' title='bbox 2292 4989 2293 5018; x_wconf 80' lang='lat' dir='ltr'>t</span> 
     </span>
     <span class='ocr_line' id='line_1_47' title="bbox 222 5035 2293 5153; baseline -0.014 -1"><span class='ocrx_word' id='word_1_525' title='bbox 222 5073 370 5152; x_wconf 89' lang='lat' dir='ltr'>cessaria</span> <span class='ocrx_word' id='word_1_526' title='bbox 393 5069 440 5137; x_wconf 89' lang='lat' dir='ltr'>sit</span> <span class='ocrx_word' id='word_1_527' title='bbox 456 5061 609 5136; x_wconf 89' lang='lat' dir='ltr'>Medicis</span> <span class='ocrx_word' id='word_1_528' title='bbox 625 5075 800 5144; x_wconf 83' lang='lat' dir='ltr'>astrorum</span> <span class='ocrx_word' id='word_1_529' title='bbox 816 5061 964 5153; x_wconf 84' lang='lat' dir='ltr'>peritia,</span> <span class='ocrx_word' id='word_1_530' title='bbox 998 5079 1105 5152; x_wconf 89' lang='lat' dir='ltr'>quam</span> <span class='ocrx_word' id='word_1_531' title='bbox 1120 5054 1221 5124; x_wconf 93' lang='lat' dir='ltr'>utilis</span> <span class='ocrx_word' id='word_1_532' title='bbox 1270 5049 1372 5123; x_wconf 87' lang='lat' dir='ltr'>luvat</span> <span class='ocrx_word' id='word_1_533' title='bbox 1387 5049 1483 5118; x_wconf 89' lang='lat' dir='ltr'>enim</span> <span class='ocrx_word' id='word_1_534' title='bbox 1499 5062 1618 5119; x_wconf 90' lang='lat' dir='ltr'>coetus</span> <span class='ocrx_word' id='word_1_535' title='bbox 1628 5047 1750 5118; x_wconf 88' lang='lat' dir='ltr'>videre</span> <span class='ocrx_word' id='word_1_536' title='bbox 1766 5050 1944 5124; x_wconf 89' lang='lat' dir='ltr'>bonorum</span> <span class='ocrx_word' id='word_1_537' title='bbox 1960 5068 1996 5126; x_wconf 87' lang='lat' dir='ltr'>et</span> <span class='ocrx_word' id='word_1_538' title='bbox 2009 5059 2187 5128; x_wconf 89' lang='lat' dir='ltr'>doctorum</span> <span class='ocrx_word' id='word_1_539' title='bbox 2201 5058 2245 5125; x_wconf 82' lang='lat' dir='ltr'>vi·</span> <span class='ocrx_word' id='word_1_540' title='bbox 2292 5035 2293 5081; x_wconf 57' lang='lat'>³</span> 
     </span>
     <span class='ocr_line' id='line_1_48' title="bbox 222 5149 2244 5260; baseline -0.012 -11"><span class='ocrx_word' id='word_1_541' title='bbox 222 5197 401 5254; x_wconf 85' lang='lat' dir='ltr'>canonum</span> <span class='ocrx_word' id='word_1_542' title='bbox 417 5182 522 5260; x_wconf 91' lang='lat' dir='ltr'>atque</span> <span class='ocrx_word' id='word_1_543' title='bbox 534 5165 653 5254; x_wconf 87' lang='lat' dir='ltr'>legum</span> <span class='ocrx_word' id='word_1_544' title='bbox 671 5162 946 5247; x_wconf 84' lang='lat' dir='ltr'>Professoribus‚</span> <span class='ocrx_word' id='word_1_545' title='bbox 968 5183 1075 5255; x_wconf 90' lang='lat' dir='ltr'>quam</span> <span class='ocrx_word' id='word_1_546' title='bbox 1091 5157 1221 5227; x_wconf 89' lang='lat' dir='ltr'>iucun-</span> <span class='ocrx_word' id='word_1_547' title='bbox 1268 5175 1411 5236; x_wconf 91' lang='lat' dir='ltr'>rorum,</span> <span class='ocrx_word' id='word_1_548' title='bbox 1435 5151 1499 5245; x_wconf 93' lang='lat' dir='ltr'>qui</span> <span class='ocrx_word' id='word_1_549' title='bbox 1513 5163 1598 5221; x_wconf 91' lang='lat' dir='ltr'>sunt</span> <span class='ocrx_word' id='word_1_550' title='bbox 1612 5149 1802 5243; x_wconf 88' lang='lat' dir='ltr'>praecipua</span> <span class='ocrx_word' id='word_1_551' title='bbox 1816 5171 2024 5227; x_wconf 88' lang='lat' dir='ltr'>ornamenta</span> <span class='ocrx_word' id='word_1_552' title='bbox 2038 5157 2206 5230; x_wconf 87' lang='lat' dir='ltr'>Ecclesiae</span> <span class='ocrx_word' id='word_1_553' title='bbox 2217 5171 2244 5227; x_wconf 90' lang='lat' dir='ltr'>ct</span> 
     </span>
    </p>

    <p class='ocr_par' dir='ltr' id='par_1_10' title="bbox 87 5248 2292 5563">
     <span class='ocr_line' id='line_1_49' title="bbox 87 5248 2292 5370; baseline -0.008 -23"><span class='ocrx_word' id='word_1_554' title='bbox 87 5349 89 5354; x_wconf 70' lang='grc'>,</span> <span class='ocrx_word' id='word_1_555' title='bbox 216 5271 288 5365; x_wconf 77' lang='lat' dir='ltr'>da,</span> <span class='ocrx_word' id='word_1_556' title='bbox 313 5293 490 5370; x_wconf 89' lang='lat' dir='ltr'>quamque</span> <span class='ocrx_word' id='word_1_557' title='bbox 506 5267 691 5337; x_wconf 91' lang='lat' dir='ltr'>commoda</span> <span class='ocrx_word' id='word_1_558' title='bbox 709 5289 831 5335; x_wconf 89' lang='lat' dir='ltr'>rerum</span> <span class='ocrx_word' id='word_1_559' title='bbox 842 5263 1047 5334; x_wconf 90' lang='lat' dir='ltr'>divinarum</span> <span class='ocrx_word' id='word_1_560' title='bbox 1060 5272 1221 5330; x_wconf 89' lang='lat' dir='ltr'>contem·</span> <span class='ocrx_word' id='word_1_561' title='bbox 1267 5251 1424 5345; x_wconf 86' lang='lat' dir='ltr'>Reipub.</span> <span class='ocrx_word' id='word_1_562' title='bbox 1481 5248 1631 5322; x_wconf 82' lang='lat' dir='ltr'>Etcum</span> <span class='ocrx_word' id='word_1_563' title='bbox 1653 5251 1744 5322; x_wconf 90' lang='lat' dir='ltr'>alios</span> <span class='ocrx_word' id='word_1_564' title='bbox 1766 5255 1806 5326; x_wconf 89' lang='lat' dir='ltr'>in</span> <span class='ocrx_word' id='word_1_565' title='bbox 1835 5257 1915 5326; x_wconf 89' lang='lat' dir='ltr'>aliis</span> <span class='ocrx_word' id='word_1_566' title='bbox 1935 5259 2073 5332; x_wconf 86' lang='lat' dir='ltr'>artibus</span> <span class='ocrx_word' id='word_1_567' title='bbox 2095 5265 2241 5333; x_wconf 82' lang='lat' dir='ltr'>excellere</span> <span class='ocrx_word' id='word_1_568' title='bbox 2291 5265 2292 5344; x_wconf 63' lang='grc' dir='ltr'>ξ</span> 
     </span>
     <span class='ocr_line' id='line_1_50' title="bbox 220 5354 2241 5481; baseline -0.013 -26"><span class='ocrx_word' id='word_1_569' title='bbox 220 5377 435 5481; x_wconf 88' lang='lat' dir='ltr'>platoribus:</span> <span class='ocrx_word' id='word_1_570' title='bbox 463 5391 675 5462; x_wconf 83' lang='lat' dir='ltr'>exponerem</span> <span class='ocrx_word' id='word_1_571' title='bbox 689 5368 854 5457; x_wconf 89' lang='lat' dir='ltr'>insuper,</span> <span class='ocrx_word' id='word_1_572' title='bbox 878 5389 986 5460; x_wconf 90' lang='lat' dir='ltr'>quam</span> <span class='ocrx_word' id='word_1_573' title='bbox 1000 5377 1139 5434; x_wconf 86' lang='lat' dir='ltr'>mature</span> <span class='ocrx_word' id='word_1_574' title='bbox 1149 5359 1221 5432; x_wconf 87' lang='lat' dir='ltr'>im·</span> <span class='ocrx_word' id='word_1_575' title='bbox 1265 5357 1535 5439; x_wconf 87' lang='lat' dir='ltr'>animadverto,</span> <span class='ocrx_word' id='word_1_576' title='bbox 1560 5354 1657 5428; x_wconf 89' lang='lat' dir='ltr'>subit</span> <span class='ocrx_word' id='word_1_577' title='bbox 1671 5355 1832 5425; x_wconf 90' lang='lat' dir='ltr'>animum</span> <span class='ocrx_word' id='word_1_578' title='bbox 1848 5359 2030 5449; x_wconf 87' lang='lat' dir='ltr'>cogitatio,</span> <span class='ocrx_word' id='word_1_579' title='bbox 2054 5381 2241 5458; x_wconf 75' lang='lat' dir='ltr'>quantana·</span> 
     </span>
     <span class='ocr_line' id='line_1_51' title="bbox 219 5453 2238 5563; baseline -0.013 -4"><span class='ocrx_word' id='word_1_580' title='bbox 219 5470 566 5559; x_wconf 86' lang='lat' dir='ltr'>minentiahcstium</span> <span class='ocrx_word' id='word_1_581' title='bbox 584 5470 740 5563; x_wconf 90' lang='lat' dir='ltr'>pericula</span> <span class='ocrx_word' id='word_1_582' title='bbox 754 5469 866 5540; x_wconf 86' lang='lat' dir='ltr'>vitare</span> <span class='ocrx_word' id='word_1_583' title='bbox 880 5469 1075 5561; x_wconf 85' lang='lat' dir='ltr'>possimus,</span> <span class='ocrx_word' id='word_1_584' title='bbox 1100 5463 1130 5534; x_wconf 88' lang='lat' dir='ltr'>si</span> <span class='ocrx_word' id='word_1_585' title='bbox 1145 5475 1220 5534; x_wconf 88' lang='lat' dir='ltr'>stu·</span> <span class='ocrx_word' id='word_1_586' title='bbox 1263 5458 1391 5530; x_wconf 87' lang='lat' dir='ltr'>rietate</span> <span class='ocrx_word' id='word_1_587' title='bbox 1415 5455 1546 5528; x_wconf 85' lang='lat' dir='ltr'>artium</span> <span class='ocrx_word' id='word_1_588' title='bbox 1566 5453 1664 5528; x_wconf 88' lang='lat' dir='ltr'>Deua</span> <span class='ocrx_word' id='word_1_589' title='bbox 1684 5471 1719 5528; x_wconf 92' lang='lat' dir='ltr'>et</span> <span class='ocrx_word' id='word_1_590' title='bbox 1742 5458 1971 5550; x_wconf 83' lang='lat' dir='ltr'>instruxerit,</span> <span class='ocrx_word' id='word_1_591' title='bbox 1996 5461 2032 5538; x_wconf 83' lang='lat' dir='ltr'>e&#39;t</span> <span class='ocrx_word' id='word_1_592' title='bbox 2046 5467 2238 5540; x_wconf 80' lang='lat' dir='ltr'>intersero·</span> 
     </span>
    </p>
   </div>
   <div class='ocr_carea' id='block_1_5' title="bbox 1265 4155 2295 4482">
    <p class='ocr_par' dir='ltr' id='par_1_11' title="bbox 1265 4155 2295 4482">
     <span class='ocr_line' id='line_1_52' title="bbox 1270 4155 2252 4282; baseline 0.01 -27"><span class='ocrx_word' id='word_1_593' title='bbox 1270 4188 1400 4257; x_wconf 79' lang='lat' dir='ltr'>oratio</span> <span class='ocrx_word' id='word_1_594' title='bbox 1424 4183 1471 4256; x_wconf 89' lang='lat' dir='ltr'>de</span> <span class='ocrx_word' id='word_1_595' title='bbox 1492 4182 1576 4257; x_wconf 86' lang='lat' dir='ltr'>odio</span> <span class='ocrx_word' id='word_1_596' title='bbox 1600 4155 1844 4280; x_wconf 75' lang='lat' dir='ltr'>sophistices,</span> <span class='ocrx_word' id='word_1_597' title='bbox 1871 4191 1914 4259; x_wconf 78' lang='lat' dir='ltr'>in</span> <span class='ocrx_word' id='word_1_598' title='bbox 1930 4197 2252 4282; x_wconf 81' lang='lat' dir='ltr'>pronmts&#39;oneMu-</span> 
     </span>
     <span class='ocr_line' id='line_1_53' title="bbox 1265 4291 2295 4386; baseline 0.006 -26"><span class='ocrx_word' id='word_1_599' title='bbox 1265 4291 1654 4386; x_wconf 82' lang='lat' dir='ltr'>pistrorumrecitato</span> <span class='ocrx_word' id='word_1_600' title='bbox 1674 4311 1699 4358; x_wconf 87' lang='lat' dir='ltr'>u</span> <span class='ocrx_word' id='word_1_601' title='bbox 1721 4291 1775 4360; x_wconf 86' lang='lat' dir='ltr'>M.</span> <span class='ocrx_word' id='word_1_602' title='bbox 1803 4292 1993 4366; x_wconf 83' lang='lat' dir='ltr'>Erosmo</span> <span class='ocrx_word' id='word_1_603' title='bbox 2018 4293 2251 4370; x_wconf 80' lang='lat' dir='ltr'>lieialtold.</span> <span class='ocrx_word' id='word_1_604' title='bbox 2294 4303 2295 4346; x_wconf 69' lang='lat' dir='ltr'>l</span> 
     </span>
     <span class='ocr_line' id='line_1_54' title="bbox 1343 4389 2188 4482; baseline 0.009 -17"><span class='ocrx_word' id='word_1_605' title='bbox 1343 4389 1603 4482; x_wconf 84' lang='lat' dir='ltr'>Sulueldensi,</span> <span class='ocrx_word' id='word_1_606' title='bbox 1631 4393 1799 4466; x_wconf 82' lang='lat' dir='ltr'>Decono.</span> <span class='ocrx_word' id='word_1_607' title='bbox 1851 4395 1958 4468; x_wconf 82' lang='lat' dir='ltr'>Anno</span> <span class='ocrx_word' id='word_1_608' title='bbox 1970 4397 2188 4474; x_wconf 75' lang='lat' dir='ltr'><strong><em>M.D.XL1.</em></strong></span> 
     </span>
    </p>
   </div>
   <div class='ocr_carea' id='block_1_6' title="bbox 0 0 2315 5812">
    <p class='ocr_par' dir='ltr' id='par_1_12' title="bbox 0 0 2315 5812">
     <span class='ocr_line' id='line_1_55' title="bbox 0 0 2315 5812; baseline 0 0"><span class='ocrx_word' id='word_1_609' title='bbox 0 0 2315 5812; x_wconf 95' lang='lat' dir='ltr'> </span> 
     </span>
    </p>
   </div>
  </div>
 </body>
</html>
