4614 5820
37 257 108 334 sss
302 229 313 240 ’
541 372 544 378 ¹
740 249 1366 336 nucnunsunnosro.
1690 313 1692 319 Α
1948 221 2066 337 'sse

36 435 82 506 ris
96 431 233 502 noticia
247 429 425 502 mentibus
441 431 548 505 insita
562 445 625 504 est·
667 430 759 503 Tota
772 445 899 502 natura
916 433 1028 514 docet,
1078 438 1154 496 tum
1168 426 1407 496 calamitatum
1424 426 1463 496 in
1485 421 1551 499 bae
1565 431 1666 502 vita?
1715 431 1891 506 Curcum
1912 449 2066 506 caeterae

36 560 104 608 esse
119 532 242 604 Deum
255 545 409 604 mentem
426 547 623 619 aeternam,
647 535 809 619 unicam,
835 533 1027 604 immensae
1077 549 1134 596 res
1150 529 1306 612 coelum,
1332 541 1442 614 terra,
1464 531 1615 620 plantae,
1641 535 1846 621 animantia,
1868 537 1941 606 suis
1957 561 2065 630 quae-

35 635 234 732 potentiae,
267 633 387 704 omnia
412 637 703 728 prospicientem,
736 635 883 721 iustam,
918 637 1027 706 bene-
1077 653 1147 722 que
1168 629 1305 718 legibus
1334 630 1593 722 obtemperent:
1626 639 1723 708 solus
1749 634 1856 708 homo
1888 659 1966 707 ase
1986 639 2064 729 ipso

34 743 151 818 icam,
180 760 302 806 rerum
323 737 483 806 omnium
500 737 748 817 conditricem,
775 751 809 806 et
830 751 870 808 ut
891 740 1025 826 gravis-
1077 731 1243 815 dissidet,
1269 731 1365 800 solus
1389 755 1576 824 oppressus
1598 751 1649 807 est
1669 741 1776 810 tantis
1798 741 1995 825 aerumnis,
2023 755 2064 811 ut

35 843 116 912 sime
130 838 227 908 dixit
242 836 360 907 Plato:
385 841 454 909 τοῦ
475 834 628 937 ἀγαθοῦ
642 834 790 934 φύσεως
806 833 956 922 αἰτίαν..
1075 851 1133 900 eas
1164 833 1284 900 nullae
1317 831 1536 920 Tragoediae
1573 837 1656 908 satis
1693 841 1877 933 deplorare
1914 843 2063 932 possint.
2142 859 2145 868 ’

130 939 210 1008 Nec
231 935 428 1032 Cyclopum
452 954 515 1011 aut
539 937 798 1034 Epicureorum
822 939 1024 1010 immanitas
1074 928 1198 1002 Cernit
1219 928 1449 1026 Philosophia
1472 932 1562 1008 hanc
1593 939 1708 1009 labem
1734 938 1882 1012 hnmani
1909 943 2062 1031 generis:

36 1045 146 1114 delere
169 1037 265 1110 hanc
289 1055 435 1110 naturae
461 1066 581 1111 vocem
607 1055 738 1133 potest,
764 1041 902 1112 etiamsi
921 1065 1024 1132 agge.
1074 1035 1135 1102 sed
1152 1058 1215 1103 nec
1231 1038 1326 1103 unde
1341 1037 1405 1120 sit,
1428 1061 1492 1108 nec
1508 1063 1598 1132 quae
1613 1039 1686 1112 sint
1701 1047 1856 1132 remedia
1871 1045 2036 1114 ostendit.

34 1146 90 1216 stis
112 1143 301 1212 montibus
323 1143 457 1214 bellum
480 1144 578 1212 coelo
600 1145 765 1216 inierant.
816 1142 886 1213 Sed
904 1144 1023 1212 revin·
1174 1134 1255 1206 Una
1284 1149 1334 1206 ⁰³!
1367 1152 1484 1208 aulem
1512 1136 1689 1212 Ecclesiae
1716 1146 1898 1226 doctrina,
1933 1145 2061 1218 tradita

35 1259 158 1316 cuntur
172 1265 258 1314 suae
272 1243 505 1316 conscientiae
518 1245 739 1330 testimoniis,
756 1257 791 1315 ct
804 1243 927 1316 multis
941 1267 1023 1336 per·
1074 1235 1285 1328 inlitusque
1308 1239 1353 1306 ab
1372 1239 1494 1324 initio,
1519 1255 1553 1312 et
1569 1260 1757 1336 propagata
1778 1248 1882 1316 certis
1899 1248 2061 1317 testimo·

34 1346 158 1438 spicuis
175 1345 405 1433 argumentis,
1073 1337 1162 1422 niis,
1193 1351 1227 1406 ct
1258 1352 1350 1408 certa
1375 1340 1464 1409 serie
1485 1344 1646 1414 omniurn
1673 1359 1873 1440 temporum
1894 1349 2060 1418 mandata

128 1445 216 1533 Quo
231 1446 341 1536 magis
357 1447 560 1517 mirandum
575 1457 627 1516 est
642 1440 813 1532 ethnicos,
834 1469 914 1516 cum
929 1440 1022 1516 hanc
1071 1438 1184 1508 literis
1207 1462 1270 1530 per
1284 1436 1478 1532 Prophetas
1498 1459 1532 1514 et
1547 1441 1758 1536 Apostolos,
1782 1473 1872 1542 qnae
1889 1463 1922 1520 et
1941 1471 2061 1518 causas

35 1548 218 1616 inanimis
243 1547 409 1618 noticiam
432 1549 716 1632 circumferrent,
742 1547 936 1618 deseruisse
952 1549 1021 1618 du·
1072 1534 1201 1608 horum
1227 1541 1401 1610 ¹⁰³¹0ffl¹¹¹
1427 1545 1609 1633 patefacit,
1635 1562 1669 1617 θῑ
1696 1563 1868 1621 ‘Homilai
1893 1551 2059 1636 remediis

37 1673 100 1719 cem
123 1661 311 1734 naturam,
345 1663 379 1720 et
401 1649 619 1742 prodigiosas
641 1647 779 1718 fabulas
800 1651 844 1718 de
866 1649 954 1734 diis,
987 1663 1022 1719 et
1072 1642 1172 1711 docet
1196 1651 1290 1710 certo
1313 1643 1356 1710 de
1380 1645 1560 1714 voluntate
1581 1645 1648 1716 Dei
1675 1650 1846 1742 placatam
1865 1673 1938 1721 esse
1956 1651 2059 1736 iram,

36 1753 204 1820 obscoena
222 1772 262 1820 ac
278 1751 435 1820 crudelia
455 1749 622 1821 sacrificia
640 1750 867 1840 excogitasse,
893 1750 1020 1820 deinde
1071 1765 1134 1832 per
1147 1741 1292 1811 unicum
1307 1742 1439 1828 filium,
1465 1770 1569 1838 quem
1584 1750 1680 1819 misit
1701 1751 1739 1818 in
1764 1764 1891 1837 terras,
1914 1765 2059 1843 propter

37 1867 64 1922 at
88 1853 126 1920 in
152 1851 405 1920 communibus
430 1852 611 1936 moribus,
650 1852 862 1922 reclamante
887 1850 1020 1922 iudicio
1072 1838 1167 1914 httnc
1196 1841 1405 1913 Pontificem
1433 1847 1591 1917 exaudiri
1620 1850 1842 1938 invocantes,
1874 1853 1990 1924 iuvari
2023 1867 2058 1923 el

37 1967 195 2036 naturae,
222 1974 325 2041 vagas
349 1966 384 2024 aa
404 1953 595 2044 flagitiosas
612 1953 780 2024 libidines
799 1953 1019 2045 approbasse,
1070 1943 1198 2012 donari
1217 1943 1447 2015 inenarrabili
1463 1947 1598 2018 laeticia
1615 1951 1653 2020 in
1670 1953 1740 2023 vita
1755 1968 1933 2046 perpetua.
1959 1951 2057 2024 llaec

37 2054 96 2124 Sed
117 2048 213 2122 hanc
230 2054 410 2146 querelam
429 2056 655 2140 omittamus,
680 2078 720 2125 ac
744 2057 789 2124 ad
811 2077 936 2144 genera
954 2055 1019 2124 do-
1069 2069 1196 2114 arcana
1224 2045 1394 2135 sapientia
1422 2048 1527 2138 longe
1561 2053 1673 2141 posita
1704 2069 1800 2126 extra
1830 2069 2056 2147 conspectum

39 2157 225 2226 carinarum
241 2157 435 2228 redeamus,
1070 2141 1245 2215 humanae
1267 2147 1415 2218 rationis
1436 2149 1666 2222 discernenda
1686 2169 1737 2226 est
1759 2181 1778 2226 a
1807 2157 1943 2246 legibus
1965 2157 2056 2226 civi·

125 2255 255 2324 Laudo
270 2251 507 2351 phocylides),
532 2255 712 2328 adsentior
731 2257 823 2348 leges
838 2255 1019 2332 Romanas
1068 2247 1158 2316 lium
1173 2245 1369 2316 officiorum
1397 2261 1432 2320 ei
1456 2274 1476 2318 a
1497 2247 1742 2344 Philosophia·
1787 2255 1941 2351 ideoque
1956 2253 2056 2350 Apo·
2098 2285 2104 2296 ’

38 2355 172 2429 honeste
195 2356 344 2448 scriptas
366 2381 450 2432 esse,
510 2357 628 2428 Probo
653 2359 824 2428 sinceram
849 2355 1017 2429 Philoso-
1068 2349 1150 2420 stoli
1176 2371 1275 2416 suam
1305 2351 1504 2419 doctrinam
1521 2348 1761 2442 Evangeiitlm
1793 2373 1980 2443 vocarunt,
2015 2372 2056 2428 ut
2167 2369 2170 2374 Α

39 2459 165 2550 phiam‚
190 2457 357 2528 videlicet
369 2459 589 2548 doctrinam,
614 2483 704 2552 quae
719 2474 855 2531 constat
868 2463 1018 2530 demon.
1068 2449 1225 2522 nominis
1253 2450 1390 2522 novitas
1419 2453 1464 2522 de
1491 2453 1696 2527 discrimine
1726 2459 1902 2530 auditores
1930 2461 2055 2529 admo-

12 2601 13 2610 κ
40 2559 276 2639 arationibus,
302 2583 376 2630 non
398 2562 614 2652 cormptelas
629 2561 801 2630 admixtas
816 2563 860 2632 ab
875 2561 1018 2632 artifici·
1068 2565 1179 2626 nerei·
1496 2611 1502 2618 -

39 2665 103 2735 bus.
152 2659 221 2732 Est
248 2661 345 2730 enim
375 2685 446 2731 una
471 2664 643 2755 quaedam
669 2685 751 2731 vera
776 2657 1017 2754 Philosophia,
1169 2651 1288 2742 Quare
1311 2679 1392 2724 cum
1414 2651 1645 2749 Philosophia
1669 2662 1820 2732 taceatur
1846 2685 1927 2732 suas
1956 2678 2054 2733 tene-

40 2789 116 2856 quae
136 2785 217 2833 suas
238 2775 349 2832 metas
366 2757 504 2847 habet,·
516 2759 602 2833 haec
624 2761 700 2854 ipsa
720 2763 903 2834 constituit
925 2760 1016 2833 hanc
1067 2758 1159 2834 bras,
1183 2767 1350 2824 ettamen
1366 2773 1528 2846 agnoscat
1545 2760 1663 2854 aliqua
1681 2777 1774 2833 certa
1790 2765 1949 2834 doctrina
1966 2787 2055 2857 opus

39 2864 257 2939 sententiam,
287 2886 360 2933 csse
382 2859 518 2945 Deum,
551 2887 615 2934 nec
646 2863 803 2934 ociosum
828 2887 918 2951 esse,
953 2868 1014 2934 sed
1067 2879 1158 2941 esse,
1189 2857 1232 2924 de
1250 2855 1504 2928 immortalitas
1556 2863 1737 2948 ominum,
1761 2862 1897 2934 cheo
1913 2867 2055 2956 placan-
2176 2858 2180 2866 ’

41 2989 147 3036 curare
160 2961 331 3044 humana,
359 2967 454 3056 quod
470 2979 592 3036 monet
603 2987 708 3035 sanos
723 2965 798 3056 ipsa
813 2979 926 3035 terrae
938 2967 1015 3035 loe·
1065 2961 1131 3038 dos
1171 2958 1216 3026 de
1242 2957 1464 3029 issV⁰⁰³ii⁰¹¹⁰
1534 2961 1585 3047 ei,
1625 2963 1670 3032 de
1698 2967 1892 3055 Ρῐᾶθῦθῐὶῑῐὸ
1919 2963 1984 3036 Dei
2016 2967 2054 3036 in
2147 3008 2151 3015 ·

40 3070 204 3151 cunditas,
241 3080 275 3136 et
297 3067 340 3134 ad
365 3060 457 3135 hanc
479 3068 668 3138 utilitatem
693 3065 902 3137 distributae
923 3067 1016 3136 vices
1064 3059 1232 3129 omnibus
1261 3060 1457 3145 aerumnis,
1494 3063 1538 3131 de
1573 3063 1646 3134 vita
1678 3077 1837 3150 aeterna,
1869 3091 1932 3137 cur
1963 3064 2055 3137 hanc

40 3179 237 3260 temporum.
288 3165 427 3237 Deinde
449 3191 528 3254 cum
551 3181 586 3237 et
608 3164 677 3238 hoc
701 3167 884 3239 constitnit
904 3165 1014 3238 aDeo
1064 3153 1275 3254 symmache
1292 3183 1367 3229 non
1390 3163 1627 3253 amplecteris,
1653 3189 1744 3260 quae
1764 3167 1838 3236 sola
1859 3191 1915 3237 res
1939 3183 2053 3240 tantas

40 3283 140 3340 ortum
155 3294 230 3339 esse
247 3267 285 3336 in
301 3267 479 3337 mentibus
493 3267 626 3339 nostris
636 3268 824 3338 discrimen
841 3271 1013 3339 virtutum
1064 3261 1172 3331 tradit
1188 3275 1221 3328 et
1238 3261 1411 3350 patefacit.
1460 3261 1544 3333 Sola
1566 3267 1721 3338 ostendit
1740 3291 1861 3338 causas
1878 3264 2054 3340 humanae

41 3372 261 3456 elvitiorum,
292 3369 449 3458 agnoscit
464 3366 540 3439 Deo
561 3370 698 3459 placere
714 3370 845 3459 iustos,
872 3383 1013 3440 econtra
1064 3360 1291 3432 infirmiidiiss·
1344 3360 1427 3432 5⁰¹³
1443 3363 1551 3454 igilur
1568 3367 1680 3454 prima
1700 3383 1762 3452 ⁸⁸1,
1788 3383 1823 3439 θῑ
1837 3371 1991 3460 limittit
2007 3372 2053 3441 ab

40 3471 176 3557 pollutos
216 3469 423 3564 periuriis,¹
444 3471 651 3541 crudelitate
688 3485 749 3542 aut
788 3471 1012 3556 libidinibus,
1064 3462 1125 3547 iis,
1162 3461 1224 3554 qui
1247 3477 1381 3533 norunt
1402 3458 1549 3533 humani
1573 3469 1711 3554 generis
1740 3470 1842 3540 initia
1868 3483 1902 3540 et
1932 3495 2052 3540 causas

41 3571 217 3662 displicere.
259 3570 420 3663 Cumque
436 3572 553 3643 videat
568 3571 604 3640 in
619 3567 769 3642 haesita
784 3595 858 3641 non
876 3595 1014 3662 semper
1064 3574 1326 3654 perspexerunt.
1378 3561 1462 3634 Sola
1478 3566 1639 3637 adfirmat
1656 3570 1763 3637 vitam
1779 3570 1950 3662 reliquam
1966 3595 2052 3656 esse,
2092 3651 2098 3666 1

41 3673 144 3743 virtuti
170 3673 346 3766 praemia,
377 3684 410 3740 ct
432 3673 623 3744 sceleribus
647 3697 778 3766 poenas
799 3675 920 3758 reddi,
953 3669 1012 3742 hic
1062 3677 1247 3756 postquam
1270 3657 1354 3732 hinc
1378 3664 1608 3736 discessimus.
1657 3666 2052 3742 Soladefuturoiudi-

42 3777 200 3862 queritur,
231 3775 354 3846 oculos
376 3786 599 3868 mentemque
615 3775 832 3846 densissimis
844 3775 1012 3858 tenebris,
1062 3767 1117 3835 cio
1144 3765 1252 3835 totius
1279 3757 1428 3835 humani
1453 3766 1591 3856 generis
1617 3783 1711 3840 certo
1739 3773 1986 3860 concionatur,
2012 3797 2053 3844 ac

43 3887 70 3942 ct
82 3879 188 3948 subita
202 3889 306 3947 nocte
320 3874 492 3965 opprimi,
518 3889 552 3944 et
567 3875 699 3965 flagitat
715 3876 812 3944 aliud
831 3877 1012 3946 doctrinae
1062 3881 1174 3937 certos
1191 3879 1293 3938 testes
1308 3867 1478 3954 nominat,
1501 3869 1563 3962 qui
1578 3883 1789 3961 spectatores
1799 3873 1945 3945 fuerunt
1959 3877 2051 3944 mul-

43 3993 150 4064 gcnus,
173 3981 210 4048 in
228 4002 299 4072 quo
317 3979 362 4045 de
379 3975 660 4062 immortalitate,
686 3979 936 4070 dequcluturo
954 3977 1011 4046 iu·
1060 3983 1196 4052 torum,
1231 3967 1294 4062 qui
1329 3969 1462 4040 mortui
1496 3971 1711 4045 revixerunt.
1772 3972 1856 4044 Sola
1889 3975 2053 4046 adfirmat

43 4075 119 4146 dicio
135 4094 223 4150 certa
240 4078 437 4148 tradantur.
1062 4072 1150 4140 iram
1173 4067 1240 4138 Dei
1260 4067 1430 4161 placatam
1457 4094 1547 4155 esse,
1580 4084 1614 4140 et
1633 4073 1736 4144 docet
1752 4077 1933 4167 quomodo
1957 4077 2052 4148 Deus

119 4179 296 4252 Praeterea
312 4201 392 4247 cnm
407 4191 572 4265 agnoscat
587 4199 697 4266 genus
712 4171 908 4246 humanum
925 4199 1012 4246 con·
1061 4171 1279 4240 invocandus
1295 4169 1350 4243 sit.
1401 4169 1485 4242 Sola
1504 4173 1670 4262 proponit
1690 4175 1968 4248 consolationem
1993 4180 2053 4248 fir-

45 4276 138 4348 ditum
152 4307 222 4352 esse
238 4283 284 4350 ad
302 4281 542 4349 invocandum
560 4293 593 4348 et
615 4280 864 4349 celebrandum
882 4275 1012 4362 Deum,
1061 4296 1153 4340 mam
1169 4271 1208 4339 in
1221 4271 1419 4357 aerumnis,
1439 4287 1473 4343 ct
1489 4295 1609 4343 causas
1621 4273 1768 4360 indicat,
1793 4301 1857 4346 cur
1870 4280 1968 4362 boni,
1990 4303 2054 4349 cur

45 4391 185 4452 ettamen
200 4383 332 4453 iudicet
352 4403 427 4449 non
450 4379 610 4449 exaudiri
632 4377 740 4449 aDco
764 4380 950 4468 indignos,
976 4392 1011 4449 et
1059 4370 1216 4443 Ecclesia
1234 4371 1436 4464 ingentibus
1450 4374 1628 4444 aerumnis
1642 4377 1876 4464 conflictetur.
1914 4379 2053 4451 Harum

46 4486 275 4555 contaminatos
299 4482 414 4560 vitiis,
448 4483 558 4572 magis
582 4481 687 4551 etiam
711 4481 851 4552 dubitat
877 4481 921 4549 de
945 4503 1011 4548 vo-
1059 4497 1177 4544 rerum
1193 4473 1431 4563 cognitionem
1449 4475 1678 4545 necessariam
1695 4499 1769 4548 esse
1786 4481 1971 4552 fatendum
1989 4496 2051 4554 est.

46 4575 157 4654 lentate
196 4585 282 4666 Dei,
325 4607 406 4654 cnm
447 4577 689 4674 deprehendat
723 4583 760 4650 in
801 4583 1009 4652 universum
1060 4574 1161 4664 Quae
1176 4589 1228 4646 est
1242 4575 1351 4666 igitur
1367 4577 1519 4647 amentia
1536 4573 1757 4672 Symmache,
1781 4583 1972 4673 explodere
1988 4587 2054 4652 do-

47 4701 145 4752 omncs
167 4689 309 4758 vitiosos
333 4707 415 4754 esse.
470 4683 569 4774 Quos
590 4684 699 4772 igitur
723 4685 865 4753 exaudit
888 4679 1010 4752 Deus?
1059 4677 1210 4746 ctrinam
1232 4680 1276 4748 de
1298 4675 1405 4748 rebus
1429 4678 1539 4749 tantis
1564 4680 1816 4767 necessariam,
1851 4707 1931 4754 cum
1956 4686 2055 4754 nulla

47 4789 199 4868 quomodo
215 4791 374 4880 placatur
391 4787 466 4856 eius
482 4788 559 4856 ira?
591 4783 650 4854 A'n
672 4797 785 4854 totum
808 4781 918 4874 genus
940 4779 1010 4852 hu·
1058 4801 1210 4871 usquam
1224 4780 1293 4850 alia
1315 4779 1463 4868 reperiri
1488 4779 1613 4870 possit,
1639 4803 1678 4852 ac
1693 4775 1924 4876 Philosophia
1949 4786 2056 4863 toties
2134 4785 2136 4792 ’
2215 4803 2218 4808 ·

48 4899 167 4956 manum
188 4895 229 4961 ad
250 4905 431 4961 aeternum
450 4889 592 4960 exitium
615 4886 796 4958 nascitur?
823 4884 1008 4958 ‚Postremo
1058 4880 1219 4971 deploret
1236 4873 1428 4950 humanam
1451 4881 1655 4970 caliginem,
1680 4894 1724 4979 et
1739 4885 1970 4984 aliudgenns
1988 4889 2055 4956 do·
2116 4909 2119 4915 ·
2161 4901 2164 4908 '

49 4987 123 5054 unde
144 4983 221 5064 suut
241 4993 328 5062 hacc
350 4991 389 5059 in
411 4985 565 5059 humano
580 5011 709 5078 genere
726 4985 842 5063 mala?
892 4985 1008 5075 Supra
1057 4981 1387 5058 ctrinaedesideret.
1900 5059 1904 5064 ¹
1969 5041 1971 5046 ,
2063 5015 2066 5022 ·

50 5079 233 5164 dictumest
261 5094 376 5164 Deum
407 5114 480 5159 esse
515 5105 668 5161 mentem
698 5102 898 5166 aeternam,
938 5089 1008 5158 τοῦ
1051 5115 1054 5120 ’
1145 5080 1318 5160 ,Fuemnt
1332 5081 1501 5153 omnibus
1514 5083 1653 5168 seculis,
1677 5099 1806 5157 etsunt
1818 5085 1917 5158 'inter
1931 5082 2053 5158 ethni·
2081 5085 2115 5135 '-

50 5173 176 5274 ἀγαθοῦ
191 5193 336 5292 φύσεως
353 5187 488 5264 αἰτίαν.
541 5189 646 5264 Unde
666 5191 776 5280 igitur
790 5187 906 5260 existit
923 5181 1008 5257 haec
1057 5207 1192 5254 cosseu
1209 5184 1351 5276 ignaros
1366 5209 1470 5255 verae
1491 5177 1695 5275 religionis,f
1717 5187 1821 5256 multi
1840 5187 2052 5276 excellentes
2101 5257 2104 5263 ,

52 5302 108 5352 nun
120 5291 198 5366 levis
212 5299 349 5368 sarcina
364 5294 558 5364 vitiorum?
591 5295 686 5363 unde
709 5305 779 5363 tam
802 5291 925 5360 loedae
943 5312 1006 5360 cu·
1057 5285 1225 5375 ingeniis,
1259 5285 1438 5372 doctrina,
1463 5287 1618 5372 institia,
1651 5285 1876 5370 fortitudine,
1894 5305 1944 5362 'et
1968 5293 2051 5363 aliis

53 5380 185 5466 liditates
197 5411 428 5492 repugnantes
448 5395 581 5468 iudicio
601 5393 754 5466 mentis?
805 5391 909 5466 Unde
924 5404 1004 5464 tan·
1057 5387 1266 5477 virtutibus,
1299 5388 1419 5482 quales
1452 5389 1560 5460 tuisse
1585 5388 1784 5480 accepimus
1809 5389 2049 5480 Palamedem,
2148 5445 2149 5449 ,

1547 5061 1550 5068 n
