4616 5816
200 271 275 352 ωε
558 259 720 336 DECL.
769 256 845 338 DE
879 255 1201 344 U'rttt'rarn
1234 261 1510 341 srtttttott
1542 262 1877 362 ELOQUENT.
2163 275 2242 352 864

202 427 311 516 etism
325 435 546 532 frequentius
567 435 757 506 consilium
774 432 1112 508 iurisconsultorum
1131 429 1197 506 ba·
1244 457 1320 522 res,
1348 436 1582 526 retineamus,
1607 453 1644 512 et
1675 443 1777 516 omni
1807 443 1940 518 studio'
1958 469 2242 540 propugnamus.

200 545 371 616 buerunt.
436 537 640 611 Alexander
672 537 846 624 Severus,
886 537 987 608 cuius
1019 537 1195 631 plurimae
1245 536 1363 610 Tanta
1383 553 1435 614 est
1454 541 1551 612 enim
1572 544 1749 638 aequitas,
1774 562 1816 622 ut
1836 548 1976 620 etiamsi
2001 550 2041 620 in
2061 551 2181 624 lorum
2205 569 2244 623 et

204 644 374 720 motin
389 639 519 713 Codice
536 641 646 730 leges,
670 640 810 712 nullum
826 641 1028 723 decretum,
1054 639 1126 709 nisi
1140 639 1196 708 vi·
1244 639 1380 712 curiam
1397 665 1474 714 non
1487 658 1576 716 esset
1590 661 1792 740 receptum,
1817 662 1938 720 tamen
1958 652 1998 720 in
2016 647 2147 723 scholis
2169 655 2244 743 legi

203 749 296 840 ginti
317 743 581 816 Iurisconsultis
600 737 790 830 adhibitis,
815 743 939 814 edidit.
990 740 1098 814 Hunc
1115 766 1194 811 mo-
1246 756 1443 834 oporteret,
1488 747 1534 816 ad
1570 748 1775 820 discendam
1808 767 1975 824 naturam
2010 753 2171 826 iusticias
2206 769 2245 826 et

198 875 280 922 rem
300 872 381 918 rum
404 847 539 937 cogito,
572 869 648 916 non
670 867 812 936 possum
835 868 910 914 non
934 839 1195 936 reprehendere
1244 847 1441 938 aequitatis.
1479 846 1663 943 Nusquam
1680 852 1776 924 enim
1791 855 2088 948 extatperlectior
2102 871 2137 928 et
2153 859 2246 928 illu.

204 950 453 1042 negligentiam
482 962 517 1020 et
543 948 744 1018 barbariem
777 961 918 1018 nostrae
947 947 1090 1032 aetatis,
1125 969 1194 1040 qua
1244 947 1353 1018 atrior
1366 950 1482 1040 imago
1498 951 1671 1039 iusticiae,
1689 980 1797 1049 quam
1814 957 1852 1027 in
1868 953 1925 1028 bis
1941 959 2088 1049 legibus.
2115 957 2246 1049 Quare

202 1071 277 1128 tam
297 1053 402 1122 multi
425 1050 556 1122 summi
568 1047 684 1140 Reges
707 1062 742 1120 et
761 1046 945 1142 Principes
969 1049 1195 1141 respondent,
1245 1051 1350 1120 etiam
1373 1075 1393 1122 a
1414 1048 1491 1122 Deo
1512 1067 1633 1144 optare
1653 1059 1842 1146 debemus,
1866 1075 1908 1132 ut
1928 1055 2022 1132 hanc
2037 1062 2244 1134 doctrinam

201 1171 265 1232 aut
288 1156 364 1225 sine
387 1154 499 1224 doctis
515 1152 619 1237 viris,
645 1165 706 1223 aut
727 1165 820 1223 certe
841 1151 918 1221 sine
938 1151 1139 1246 frequentia
1161 1163 1196 1222 et
1245 1153 1290 1222 ad
1305 1151 1540 1247 Reipublicae
1559 1135 1856 1254 tranquillitatem
1874 1177 2069 1236 conservet.
2119 1162 2221 1238 Diri.

199 1256 444 1348 disputatione
477 1257 676 1326 doctorum.
727 1251 812 1324 ldeo
843 1255 996 1324 absurda
1022 1254 1134 1324 multa
1162 1265 1196 1324 et

203 1360 412 1432 dissidentia
445 1381 466 1428 a
502 1357 581 1426 iure
615 1357 786 1442 eduntur,
825 1381 915 1450 quae
941 1355 1196 1426 existimationi

199 1461 413 1552 Principum
435 1459 658 1554 nonleviter
680 1459 851 1530 officiunt.
903 1455 994 1530 Cum
1013 1458 1121 1547 igitur
1141 1457 1197 1526 illi

203 1564 390 1636 clarissimi
406 1562 475 1631 viri
490 1574 599 1632 artem
616 1559 814 1648 effecerint,
838 1573 872 1632 et
886 1560 1007 1630 omnia
1025 1559 1196 1652 exquisite
1249 1539 1392 1640 L...

201 1666 380 1758 complexi
393 1665 478 1750 sint,
504 1687 594 1759 quae
608 1665 652 1734 ad
669 1665 837 1734 tuendam
851 1661 1053 1734 societatem
1069 1658 1196 1731 huma-
1514 1719 1523 1736 ,
1552 1717 1561 1736 ,
1805 1721 1814 1740 ,

202 1761 288 1842 nam
305 1771 503 1860 pertinent,
526 1785 759 1857 personarum
780 1767 929 1855 gradm,
955 1785 1075 1834 rerum
1099 1764 1196 1833 divi·
1343 1715 1420 1801 De
1450 1717 1657 1802 numm
1687 1717 1877 1803 Μηίων·
1907 1725 2132 1832 dment-

2071 1553 2120 1593 an.
2143 1530 2244 1598 1538.

2061 1621 2241 1650 m

205 1873 341 1956 aiones,
366 1869 574 1962 acquirendi
596 1869 739 1952 modos,
764 1880 984 1952 contractus,
1005 1866 1197 1936 successio-
1315 1877 1396 1960 aput
1417 1879 1491 1932 cns.
1509 1875 1580 1960 Myt.
1600 1896 1627 1947 p.
1642 1875 1780 1950 tttsqq„
1806 1879 1834 1932 tn
1863 1879 2015 1939 Deetamn.
2035 1882 2069 1942 Τ.
2084 1884 2104 1942 t.
2127 1903 2156 1954 p.
2171 1885 2247 1954 4³9,

204 1996 289 2058 nes,
315 1968 566 2056 haereditates,
590 1969 844 2061 obligationes,
866 1969 1040 2054 actiones,
1064 1990 1196 2059 poenas
1348 1943 1559 2070 ffijffiffiss
1573 1947 1641 2066 ¹⁰¹3·
1653 1947 1715 2068 ᾗδὲ,
1732 1948 1847 2070 ssu‘ffid
1862 1947 1991 2075 llilsslffll·
2004 1951 2113 2074 Phi:
2126 1955 2190 2013 ²⁷⁴·
2212 1983 2246 2036 ·.·

204 2077 429 2148 deliciorum.
496 2071 678 2143 Convenll'
701 2095 802 2162 agere
825 2071 954 2162 gratias
973 2069 1069 2156 Deo,
1100 2071 1197 2164 quod
1349 2084 1449 2156 scripta
1461 2051 1576 2154 posttee'
1586 2084 1765 2155 praelegenda
1780 2039 2249 2207 canipa-uisse:lastelirlleltigllll

204 2179 274 2258 tale
293 2178 350 2247 ius
363 2177 513 2268 imperio
529 2175 734 2249 reddiderit.
786 2172 909 2266 Neque
923 2173 1018 2242 enim
1034 2173 1110 2242 sine
1126 2171 1198 2244 Dei
1349 2151 1840 2226 8ηΡὴῑθὴδῦῧῑῡῑἰῬΝῖῑῑΕΡΡ·
1875 2155 1913 2210 ⁰¹·
1926 2155 1973 2214 ¹¹¹·
1989 2177 2015 2232 Ρ·
2032 2162 2110 2215 1¹⁰⁴·

204 2280 357 2354 consilio
371 2279 508 2364 accidit,
534 2279 630 2370 quod
646 2301 725 2348 cum
740 2289 820 2369 post
834 2275 1104 2346 inclinationem
1119 2271 1198 2346 Ro-
1250 2315 1311 2386 De
1350 2315 1522 2386 utilitate

205 2383 304 2454 mani
317 2381 458 2473 imperii
483 2380 588 2450 etiam
614 2379 765 2450 amissus
786 2392 874 2449 esset
896 2400 981 2450 usus
1004 2372 1132 2446 barum
1146 2376 1197 2446 le-

205 2509 309 2577 gum,
336 2497 372 2554 et
393 2484 637 2554 successissent
660 2481 838 2553 barbarici
860 2481 950 2550 ritus
973 2479 1198 2562 iudiciorum,

205 2605 325 2660 tamen
351 2587 454 2654 annis
476 2598 557 2678 post
580 2582 819 2655 lustirtianum
839 2581 1062 2675 quingentis,
1094 2603 1199 2649 revo-
1935 2655 1944 2666 ἱ

207 2705 304 2762 calae
330 2701 413 2758 Sunt
433 2689 471 2756 in
492 2688 610 2756 sorum
633 2699 667 2756 el
689 2685 728 2754 in
744 2679 884 2754 teholas
896 2681 1081 2784 Romanae
1094 2683 1199 2772 leges·
1247 2684 1453 2758 Clarissimo
1469 2687 1568 2772 viro,
1592 2711 1672 2758 cum
1690 2688 1829 2778 generis
1842 2691 2048 2779 nobilitate,
2073 2708 2151 2766 tum
2169 2697 2248 2766 vir-

205 2791 304 2863 Haec
328 2789 503 2860 restitutio
523 2787 655 2858 multos
676 2810 791 2856 mores
812 2785 1018 2857 barbaricos
1038 2784 1199 2868 correxit,
1248 2802 1322 2862 tute
1338 2790 1550 2882 praestanti,
1575 2787 1621 2864 D.
1647 2785 1911 2862 Eustochio
1934 2818 1959 2864 a
1986 2790 2017 2866 S
2025 2789 2119 2866 chlr'
2125 2795 2235 2870 eben

208 2918 284 2964 non
307 2895 415 2962 modo
436 2893 475 2960 in
496 2889 657 2971 iudiciis,
692 2891 753 2960 sed
779 2889 885 2960 etiam
908 2886 1199 2980 inreliquavita.
1350 2907 1500 2985 patrono
1526 2908 1619 2974 suo,
1639 2884 1824 2986 Georgius
1849 2891 2016 2968 Sabinas
2041 2897 2079 2972 S.
2094 2901 2141 2976 D.
2237 2853 2249 2885 l

207 2993 477 3068 Proluit'etiam
502 2992 646 3078 studiis;
680 3015 788 3084 quare
811 2986 1039 3060 hortantum
1063 2989 1197 3058 bonum

209 3111 353 3191 propter
376 3119 603 3167 communem
625 3094 815 3166 utilitatem
838 3105 891 3163 tot
916 3091 1076 3181 gentium
1101 3103 1200 3159 tuea-

206 3225 301 3274 mur.
351 3197 443 3268 Nam
469 3198 639 3289 scriptum
663 3195 719 3266 ius
742 3209 793 3268 est
814 3195 956 3264 liranum
985 3191 1200 3284 praesidium

207 3307 378 3374 adversus
392 3300 630 3396 tyrannidem,
647 3313 682 3369 et
698 3319 768 3391 quo
786 3295 959 3367 eruditius
976 3293 1040 3380 est,
1065 3319 1105 3364 eo
1120 3294 1201 3385 plus

207 3405 367 3478 continet
389 3402 586 3496 aequitatis.
637 3397 718 3470 Hoc
739 3424 842 3470 muro
865 3411 963 3490 septa
984 3411 1035 3466 est
1055 3397 1200 3466 libertas

208 3507 334 3602 p'opuli
350 3508 517 3576 adversus
531 3515 717 3597 potentum
731 3501 953 3593 cupiditates.
1005 3498 1045 3570 st
1058 3499 1202 3569 tollere-

201 3626 269 3684 tur
290 3605 360 3679 hoc
382 3610 457 3694 ius,
482 3631 572 3701 quae
594 3619 785 3700 sequutura
807 3617 896 3676 esset
913 3601 1095 3696 tyrannis,
1122 3623 1201 3672 cum

208 3737 274 3805 pro
297 3712 435 3800 legibus
462 3723 576 3780 essent
599 3720 785 3799 potentum
808 3703 976 3776 affectus?
1009 3703 1128 3772 Facile
1153 3713 1203 3770 est

209 3815 305 3885 enim
323 3815 453 3903 lingere
474 3823 690 3903 praetextus,
716 3821 751 3878 et
773 3807 887 3899 specie
903 3806 1021 3898 aliqua
1038 3804 1201 3874 allectum

209 3933 336 4006 tegere.
387 3913 498 3986 Recte
526 3911 645 4006 inquit
667 3905 807 3981 Cicero:
842 3906 914 3980 Ubi
937 3907 1129 3976 discessum
1152 3916 1205 3974 est

211 4020 338 4103 ainre,
362 4017 483 4090 omnia
499 4023 582 4086 sunt
596 4013 740 4089 incerta.
778 4008 898 4082 Multo
913 4009 1028 4078 maior
1043 4020 1131 4078 esset
1146 4006 1204 4074 in·
1273 4063 1282 4080 .
1587 4060 1596 4076 .
2008 4071 2016 4087 ‚
2146 4073 2155 4089 ‚

211 4121 406 4206 certitudo,
430 4121 460 4190 si
479 4135 623 4211 prorsus
638 4115 778 4186 nullum
794 4124 926 4183 extaret
947 4111 1003 4181 ius
1019 4109 1202 4201 scriptum.
1253 4063 1385 4132 melate·
1423 4061 1535 4152 Saepe
1551 4071 1656 4129 emm
1670 4062 1782 4144 hella’
1810 4077 1843 4134 ‘l
1858 4077 1988 4138 ”ames
2005 4095 2042 4138 ¹¹¹
2057 4089 2245 4162 Ρΐοωῑθω

211 4224 349 4298 Natura
364 4237 481 4293 autem
499 4222 548 4291 ita
561 4221 639 4303 lert,
664 4231 705 4288 ut
718 4216 932 4288 incertitudo
949 4213 1010 4282 illa
1027 4237 1066 4282 ac
1081 4225 1204 4306 tyran·
1253 4165 1342 4337 {ales
1364 4161 1512 4282 diffinit:
1573 4159 1697 4280 ltaque
1721 4165 1898 4284 Praedam
1920 4165 2074 4242 Ovidius
2097 4199 2177 4244 cum
2200 4181 2247 4246 ad

1118 4313 1126 4330 ·
1177 4311 1185 4328 ·
1298 4288 1474 4335 ercurmm
1496 4277 1629 4356 lnquit:
1665 4263 1766 4336 Pacis
1783 4281 1818 4337 et
1835 4293 2017 4341 armorum
2033 4275 2132 4346 Deos
2148 4279 2247 4348 arbi.

211 4327 314 4396 nides
345 4347 468 4396 rursus
496 4323 707 4414 praeberent
741 4319 960 4388 occasionem
995 4313 1082 4384 novi
1116 4335 1205 4383 suras
1359 4368 1368 4384 .
1421 4367 1429 4384 .
1696 4367 1705 4384 ,
1853 4372 1862 4389 ,
2156 4381 2165 4394 ι

187 4421 192 4432 ’
211 4427 407 4502 scribendi:
432 4427 529 4520 quod
550 4423 580 4492 si
600 4423 718 4500 lieret,
745 4402 985 4490 sbriberentur
1005 4415 1152 4504 agrestia
1171 4426 1206 4483 et
1252 4383 1317 4448 Μ’
1340 4367 1511 4457 ⁸¹g¹¹¹fi⁰³l
1526 4367 1776 4459 ⁰¹⁰q¹¹⁸¹¹l¹³¹⁰2
1802 4383 1837 4442 ⁸²
1852 4395 1890 4440 ¹¹¹
1905 4397 1988 4464 l‘ace
2004 4401 2059 4453 ⁸0⁸
2074 4403 2246 4450 ffl³¹¹ffl³³

1252 4493 1391 4560 regere,
1417 4481 1451 4538 el
1470 4491 1570 4559 saepe
1591 4470 1682 4538 bella
1705 4495 1746 4540 ac
1767 4473 1982 4565 populorum
1999 4481 2174 4550 trtmultus
2191 4507 2245 4552 se.

212 4531 410 4613 inerudita,
433 4541 474 4596 Ul
496 4547 592 4596 ”⁰¹¹⁰
613 4525 651 4592 fil
671 4523 903 4615 ln³llq¹¹lb¹¹⁸
920 4518 1026 4604 ¹⁰⁰l⁵’
1052 4530 1085 4587 ‘l
1101 4515 1204 4634 dissi*
1253 4577 1348 4643 dare.
1401 4569 1555 4641 Tantam
1577 4572 1779 4643 facultatem
1803 4599 1868 4666 pro
1894 4577 2065 4669 dignitate
2086 4581 2235 4654 laudare

2236 4642 2246 4670 2

211 4633 314 4704 niilia
328 4633 367 4702 in
385 4630 535 4720 singulis
552 4625 703 4718 oppidis.
746 4622 942 4696 Nuncnon
957 4621 1205 4711 modoaequr-
1505 4671 1513 4688 .
1580 4673 1588 4689 .
1699 4676 1741 4693 ,,

1253 4688 1398 4746 nonest
1420 4675 1653 4743 mediocrtum
1674 4701 1817 4746 virtum.
1876 4673 1954 4770 Ego
1976 4697 2093 4754 autem
2117 4688 2162 4754 de
2188 4713 2245 4758 me

211 4752 265 4808 tas
290 4733 403 4806 nostri
435 4733 524 4804 iuris
548 4729 693 4821 prodest
723 4727 767 4808 ad
798 4722 1112 4817 tranquillitatem,
1143 4719 1205 4788 sed

214 4841 306 4910 illud
333 4838 440 4908 etiarn
462 4830 655 4914 conducit,
691 4828 788 4922 quod
815 4827 945 4897 multae
972 4837 1092 4914 gentes
1116 4821 1206 4890 iuris
1254 4778 1343 4896 illud
1367 4775 1481 4846 [ΜΗΘ
1505 4776 1624 4845 vellus
1652 4779 1856 4868 praedicare
1882 4807 2047 4874 P⁰S⁵1¹m2
2079 4789 2177 4880 quod
2203 4793 2246 4860 de

1254 4903 1367 4972 serpso
1382 4878 1502 4972 inquit
1515 4874 1688 4948 Ovidius:

1558 2311 1773 2385 studiorum
1810 2316 2065 2410 eloquentiae,
2118 2329 2247 2394 oratio

1248 2419 1435 2513 Georgii
1460 2411 1652 2503 Satine,
1685 2414 1820 2490 natata
1842 2422 1883 2490 in
1901 2423 2099 2514 &omorio
2119 2428 2248 2497 Fron-

1491 2512 1746 2612 oofordieoss',
1774 2541 1871 2593 nono
1889 2522 2001 2600 15³8·

1248 3027 1372 3130 Magis
1395 3037 1521 3109 studiis
1545 3041 1772 3132 quorundam
1793 3041 2006 3132 amicorum,
2030 3073 2136 3142 quam
2161 3076 2247 3124 meo

1249 3143 1383 3215 iudicio
1405 3141 1537 3210 factum
1561 3153 1631 3221 est,
1660 3156 1700 3213 ut
1717 3145 1881 3216 ederetur
1901 3149 2035 3236 oratio,
2068 3177 2176 3245 quam
2200 3157 2248 3226 de

1250 3245 1472 3338 eloquentiae
1489 3241 1663 3312 exercitiis
1678 3267 1718 3316 ae
1737 3245 1904 3318 laudibus
1918 3273 2018 3322 more
2033 3249 2247 3327 scholastico

1249 3345 1372 3418 habui.
1424 3343 1599 3413 Videbam
1633 3344 1730 3416 enim
1766 3349 1880 3420 multo
1923 3377 1996 3422 esse
2032 3357 2249 3444 tenuiorem,

1252 3473 1358 3545 wem
1397 3461 1439 3516 ut
1478 3447 1709 3537 responderet
1753 3455 1953 3539 argumenti
1993 3459 2248 3547 magnitudini.

1250 3553 1353 3643 Quae
1376 3549 1472 3618 enim
1495 3571 1552 3617 ars
1574 3549 1644 3618 alia
1666 3563 1781 3622 tantas
1802 3555 1971 3626 advitam
1994 3559 2163 3631 utilitates
2180 3565 2248 3632 ad-

1249 3657 1329 3740 fert,
1353 3674 1511 3746 quaeres
1526 3651 1677 3720 maiores
1691 3655 1876 3743 gubernat,
1898 3681 2004 3751 quam
2022 3661 2250 3756 eloquentia?

1251 3755 1414 3849 Explicat
1438 3753 1645 3842 religiones,
1673 3755 1764 3844 regit
1785 3758 1986 3834 universam
2010 3777 2161 3855 togatam
2180 3769 2248 3836 ad-

1253 3857 1569 3936 ministrationem,
1602 3857 1808 3928 dominatur
1830 3859 1868 3928 in
1891 3861 2052 3950 iudiciis,
2077 3868 2248 3956 incuria,

1252 3961 1292 4030 in
1309 3959 1515 4050 Principum
1532 3957 1705 4044 consiliis,
1730 3973 1765 4030 et
1780 3961 1919 4032 infinita
1935 3968 2161 4056 negociorum
2181 3998 2247 4042 va·

214 4941 447 5014 similitudine
471 4932 730 5006 consociantur.
782 4926 903 5016 Quare
919 4922 986 4996 hoc
1008 4927 1084 5012 ius,
1108 4925 1205 5016 quod
1415 5011 1422 5024 ι
1615 5009 1622 5025 .

214 5069 235 5114 a
258 5040 525 5136 sapientissimis
555 5035 642 5104 viris
670 5033 709 5102 in
738 5029 878 5122 Repub.
907 5026 1206 5119 praestantissima
1355 5001 1525 5068 lundanae
1543 5011 1917 5087 ⁸1³²²⁰¹i⁸¹¹¹¹1¹¹ft¹⁰⁰l3¹⁰¹¹it
1932 5019 2029 5096 ³¹0³&

214 5145 383 5238 scriptum
418 5158 486 5227 est,
519 5139 616 5234 quod
647 5158 774 5224 magno
809 5133 958 5204 consilio
985 5151 1207 5200 summomm
1405 5105 1526 5194 Ingepii
1540 5114 1618 5172 vires
1636 5115 1820 5198 exiguasque
1834 5114 1927 5182 dedit.

215 5250 373 5318 virorum
389 5247 593 5318 restitutum
614 5251 683 5322 est,
709 5235 806 5330 quod
829 5248 881 5306 est
898 5232 1149 5326 aequissimum
1173 5242 1208 5300 et
1256 5221 1376 5312 Quare
1392 5215 1484 5290 mihi
1499 5219 1641 5290 veniam
1655 5223 1733 5292 dari
1752 5237 1853 5316 peto,
1879 5231 1974 5322 quod
1989 5249 2149 5326 suscepto
2165 5261 2246 5328 gra.

217 5350 367 5420 maxime
392 5360 667 5416 consentaneum
697 5335 847 5422 rationi,
879 5337 975 5428 quod
1002 5334 1120 5404 munit
1141 5353 1208 5402 nos
1255 5325 1398 5394 vissimo
1433 5336 1658 5412 argumento,
1696 5338 1768 5394 tam
1800 5342 1942 5401 tenuem
1970 5329 2244 5410 Oratiunculam

217 5455 385 5525 adversus
401 5447 639 5541 tyrannidem,
666 5442 762 5536 quod
778 5439 923 5530 prodest
939 5437 984 5506 ad
1000 5436 1207 5505 bonosmo-
1256 5426 1332 5498 sine
1358 5425 1535 5510 motibus,
1575 5425 1651 5498 sine
1678 5429 1866 5520 splendore
1898 5434 2019 5528 aliquo
2052 5445 2242 5533 composui,
