4616 5816
226 224 300 300 511
354 267 362 290 .
675 281 677 286 ,
714 213 891 292 DECls-
927 211 1003 288 DE
1037 207 1437 292 IMPERATORE
1468 208 1718 297 OTTONE
1750 217 1780 296 Ι.
2173 229 2237 304 512

227 396 388 486 censium
413 405 450 482 et
471 387 843 480 Lunaeburgensiumx
867 381 926 458 hic
946 376 1080 478 patrem
1095 381 1222 458 habuit
1271 408 1318 455 ne
1336 383 1557 456 incommodi
1576 387 1745 480 accipias,
1768 403 1876 490 atque
1892 393 1922 463 si
1938 395 2081 490 quando
2099 391 2238 470 Ecclesia

229 499 423 590 Magnum,
460 490 777 562 Bruns'vicensium
799 489 1014 582 principem,
1047 489 1109 584 qui
1134 513 1223 558 con·
1272 481 1340 556 hoc
1355 487 1509 556 sibiate
1527 487 1565 555 in
1583 487 1660 560 loco
1677 491 1788 584 patris
1803 495 1855 566 tui
1873 498 2083 584 constituto,
2107 501 2241 572 voluerit

229 600 423 690 sanguineo
442 587 843 674 successitWilhclmo,
868 587 1222 680 Lunacburgensium
1272 587 1442 680 praestari
1456 587 1634 676 officium,
1735 595 1739 602 '

230 703 324 774 duci.
373 697 526 786 Magnus
543 709 675 786 patrem
694 689 819 762 habuit
836 687 1023 762 Albertum
1043 689 1223 775 Crassum,
1423 691 1570 777 Ignavum
1586 701 1673 761 tirum
1688 721 1779 784 pecus
1793 724 1810 764 a
1826 707 2015 789 praesepibus
2029 729 2105 776 erre.

229 805 342 874 lilium
358 797 498 871 Alberti
515 793 662 900 Magni,
687 793 787 864 cuius
805 808 903 884 pater
913 787 1002 864 Otto
1021 793 1103 880 fuit,
1128 793 1223 865 lilius
1373 785 1587 863 Hortabitur
1604 807 1640 864 te
1655 801 1700 864 ad
1716 821 1794 866 cam
1811 823 1884 870 rem
1901 804 2006 872 etiarn
2022 803 2185 874 autoritas
2197 803 2244 874 di-

229 899 447 980 Wilhelmi,
479 897 556 968 nati
578 921 620 966 ex
636 891 795 984 ilenrico
815 893 966 980 Leione,
991 895 1054 994 qui
1074 909 1221 966 matrem
1272 890 1348 960 vini
1363 893 1535 963 mandati:
1561 891 1612 966 Et
1623 920 1719 968 nunc
1733 923 1832 989 reges
1845 900 2050 994 intelligite,
2069 905 2245 976 erudimini

229 1003 356 1077 habuit
387 999 633 1084 Gerdrudcm,
664 997 773 1084 filiam
807 993 1034 1088 imperatoris
1061 991 1221 1068 Lotharii
1272 992 1336 1086 qui
1358 994 1521 1064 iudicatis
1541 1009 1691 1084 terram,
1723 1003 1853 1073 servite
1875 996 2032 1076 Domino
2063 1006 2102 1076 in
2122 1008 2245 1078 timore.

229 1105 399 1188 Saxonis,
412 1101 526 1172 cuius
543 1125 632 1171 uxor
644 1095 736 1170 Rixa
758 1109 793 1165 et
811 1111 907 1186 patre
921 1096 1079 1170 Henrico
1094 1097 1221 1170 Crasso
1273 1091 1345 1164 Nec
1362 1093 1570 1168 dubitabitis
1586 1099 1709 1186 etiarn,
1735 1103 1844 1196 quin,
1867 1105 1896 1174 si
1918 1100 1985 1177 hoc
2000 1121 2179 1200 praecepto
2198 1107 2247 1178 di-

229 1223 311 1279 nata
333 1205 420 1290 fuit,
441 1203 516 1272 filio
539 1197 705 1283 Ottonis,
739 1197 840 1267 ducis
862 1197 1044 1270 Bavariae.
1104 1197 1224 1270 Huius
1272 1197 1503 1284 ligentissime
1520 1201 1726 1288 observato,
1754 1206 1929 1276 rationem
1947 1203 2141 1282 habueritis
2154 1209 2247 1280 officii

231 1307 379 1382 Ottonis
409 1319 508 1400 patre
537 1301 676 1395 reperio
700 1299 897 1370 Henricum
924 1301 1050 1388 luisse,
1077 1302 1222 1372 fratrem
1272 1298 1399 1379 vestri,
1425 1321 1649 1394 nequaquam
1666 1303 1705 1372 in
1721 1329 1802 1376 eum
1817 1308 2043 1379 deducamini
2060 1335 2193 1396 casum,
2214 1325 2248 1381 ut

230 1407 377 1482 Ottonis
399 1406 525 1500 primi,
549 1403 771 1474 Bavarorum
800 1403 945 1486 ducem,¹
967 1403 1080 1474 filiurn
1101 1403 1224 1472 claris-
1273 1399 1435 1491 quamvis
1457 1402 1637 1472 loctunam
1663 1405 1708 1475 ab
1732 1401 1896 1479 hostibus
1919 1413 1992 1502 pati
2016 1413 2202 1504 cogamini,
2224 1413 2247 1480 si

229 1511 311 1583 simi
329 1507 554 1602 imperatoris
566 1501 715 1574 Heorici
733 1501 857 1594 primi,
880 1503 943 1596 qui
966 1528 1007 1574 ex
1023 1503 1223 1576 Saxonibus
1272 1502 1318 1570 ad
1335 1525 1433 1572 arma
1448 1519 1593 1574 ventum
1608 1505 1733 1590 luerit,
1750 1503 1914 1581 Christus
1926 1535 2064 1602 prosua
2080 1513 2248 1584 clementia

230 1615 365 1708 primus
402 1606 499 1682 hunc
534 1615 674 1678 tanturn
705 1603 847 1694 imperii
876 1599 1050 1674 honorem
1080 1619 1225 1698 propter
1273 1616 1412 1693 praeter
1433 1605 1596 1674 omnium
1620 1601 1776 1678 hostium
1803 1613 2027 1703 opinionem,
2059 1629 2093 1688 te
2116 1629 2249 1707 tuosque

180 1709 187 1723 ’
230 1714 403 1806 egregiam
421 1709 561 1780 virtutis
578 1705 804 1798 opinionem,
829 1719 881 1775 est
897 1721 1084 1780 assecutus.
1130 1705 1222 1777 Cum
1274 1719 1545 1776 conservaturus
1558 1721 1629 1792 cst,
1655 1705 1749 1778 nihil
1770 1713 1872 1782 vobis
1892 1717 1986 1785 inter
2001 1741 2100 1786 arma
2115 1718 2180 1785 crit
2192 1717 2249 1783 im-

230 1817 350 1910 itaque
365 1839 405 1884 ex
423 1809 490 1883 hoe
509 1807 809 1904 praestantissimo
834 1804 1050 1899 imperatore
1064 1805 1222 1878 Henrico
1274 1805 1453 1894 peditum,
1479 1801 1642 1878 hostibus
1662 1806 1755 1880 nihil
1779 1827 1916 1899 tutum,
1948 1831 1989 1887 ut
2010 1819 2072 1911 qui
2088 1842 2108 1888 a
2124 1819 2251 1890 fortuna

230 1919 366 2011 primo,
403 1915 549 2006 eiusque
585 1909 861 1980 bellicosissimis
894 1909 977 1978 filiis
1009 1907 1224 2002 Imperatore
1273 1905 1375 1974 lacile
1397 1919 1432 1978 et
1456 1908 1588 1980 virtute
1611 1911 1830 1986 deserentur.
1882 1911 2016 1988 Omnia
2034 1942 2250 2014 quaecunque

231 2015 369 2092 Ottone
385 2017 520 2108 primo,
545 2025 580 2083 et
594 2007 752 2082 Henrico
765 2007 986 2082 Bavarorum
1008 2012 1097 2080 duce
1111 2009 1224 2080 excel·
1275 2007 1330 2075 illi
1344 2007 1573 2100 reliquerint,
1599 2013 1670 2082 tuis
1685 2019 1977 2100 reservabuntur,
2003 2035 2146 2090 tuorum
2161 2035 2251 2091 erunt

232 2121 431 2191 lentissimo
458 2113 624 2207 Principe
654 2113 731 2182 sitis
763 2134 827 2180 vos
865 2111 1059 2204 procreati,
1103 2110 1225 2202 legetis

232 2217 400 2292 historias
421 2218 596 2292 maiorum
618 2228 836 2296 vestrorum,
859 2214 923 2308 qui
937 2213 1128 2306 praestanti
1143 2237 1225 2282 eru-

233 2325 369 2394 ditione
384 2319 567 2404 instructi,
590 2317 724 2386 nnllam
742 2338 885 2406 operam
901 2315 994 2406 passi
1010 2311 1226 2386 saintEccle-

232 2427 303 2496 siae
318 2427 448 2494 deesse.
499 2417 704 2509 Quinetiam
723 2416 815 2484 inter
828 2439 924 2486 arma
945 2417 982 2484 id
999 2417 1151 2486 maxime
1166 2441 1227 2484 co-

232 2527 306 2597 nati
323 2539 405 2595 sunt
419 2524 575 2604 efficere,
599 2533 639 2589 ut
653 2519 890 2587 illustraretur
906 2517 1067 2586 doctrina
1081 2511 1227 2600 Christi,

233 2625 435 2700 constitutis
446 2625 484 2692 in
499 2619 695 2692 Germania
708 2619 926 2710 pastoribus,
951 2617 1013 2711 qui
1028 2631 1227 2710 praeessent

233 2717 417 2810 Ecclesiis,
443 2739 548 2818 atque
566 2722 754 2812 religiones
768 2720 1096 2811 interpretarentur.
1147 2717 1227 2789 Hoc

233 2834 382 2926 inquam
399 2823 552 2897 Ottones
568 2825 798 2906 studuerunt,
823 2821 904 2891 lecit
918 2819 1114 2911 imperator
1126 2817 1228 2890 Hen-

234 2934 329 3003 ricus
359 2923 507 3000 Ottonis
542 2925 650 3018 primi
689 2946 832 3015 parens,
871 2921 1044 3014 praestitit
1077 2919 1228 2992 Carolus

234 3031 408 3122 Magnus,
430 3029 494 3122 qui
513 3051 575 3096 vos
592 3039 749 3119 posterus
774 3038 810 3095 et
838 3023 1119 3114 consanguineos
1146 3045 1228 3092 suos

236 3137 281 3206 ad
297 3123 668 3202 honestissimumhoc
683 3127 937 3216 praescriptum
955 3149 1058 3195 suum
1075 3126 1229 3215 impera-

235 3251 337 3308 turos
357 3255 431 3302 esse
452 3255 527 3300 non
549 3229 736 3299 dubitavit.
789 3227 935 3300 Deccbit
956 3227 1065 3326 igitur
1089 3243 1122 3296 te
1138 3252 1228 3320 qno·

236 3361 324 3432 que,
363 3333 554 3404 clarissime
576 3329 765 3422 Princeps,
799 3329 973 3399 maiorum
1008 3343 1153 3398 tuorum
1174 3351 1229 3396 res

236 3451 350 3530 gestas
373 3457 602 3524 cognoscere,
628 3445 668 3502 ut
686 3431 837 3502 lectione
856 3431 981 3502 talium
998 3425 1227 3499 historiarum

235 3539 352 3610 maio'r
379 3536 550 3628 paulatim
577 3535 784 3604 innascatur
810 3529 1087 3618 alacritas'tibi,
1125 3529 1230 3624 atque

237 3637 394 3713 studium
411 3635 575 3708 imitandi
598 3637 686 3704 lacta
701 3633 1073 3704 excellentissimorum
1089 3629 1230 3702 Princi-

238 3766 342 3836 pum,
366 3763 519 3834 quorum
538 3751 575 3806 ut
591 3743 686 3828 apud
702 3750 736 3804 te
751 3737 945 3826 plurimum
969 3735 1083 3804 valeat
1096 3733 1230 3804 autori-

238 3860 310 3928 tas,
342 3842 381 3910 in
411 3863 515 3910 causa
544 3837 611 3908 tibi
642 3837 710 3908 erit
739 3837 844 3907 etiarn
877 3831 965 3920 hoc,
997 3859 1078 3904 cum
1107 3835 1231 3926 legeris

238 3951 363 4039 politae
378 3966 534 4012 carmen:

316 4049 436 4135 qudid
451 4055 484 4112 io
500 4053 655 4133 antiquam
666 4051 808 4118 mutem
821 4051 997 4128 animosque
1010 4047 1111 4106 viriles

282 4143 286 4152 ¹
304 4151 358 4216 ‘Et
374 4167 457 4235 pater
470 4153 609 4228 Aeneas,
636 4164 665 4212 et
680 4151 845 4212 avunculus
862 4153 971 4208 excitet
985 4147 1109 4208 Hector.

237 4249 324 4320 ‘Non
344 4249 463 4317 minus
489 4247 583 4316 idem
607 4241 673 4315 hoc
694 4245 882 4314 consilium
906 4243 1088 4312 adiuvabit
1116 4240 1232 4324 etiam,

243 4351 340 4446 quod
371 4347 468 4420 Deus
504 4362 618 4418 totum
648 4349 820 4416 mundum
841 4345 1016 4436 'imperiis
1048 4343 1232 4430 magistra-

242 4469 344 4526 tuum
372 4453 615 4540 obtemperare
639 4463 821 4539 propterea
844 4446 1019 4528 voluerit,
1045 4445 1143 4515 utin
1167 4439 1233 4512 hac

243 4553 421 4625 conrmuni
444 4553 607 4620 societate
628 4563 882 4618 conserventur
902 4544 1125 4618 Christianae
1149 4543 1232 4613 reli-

236 4657 366 4747 giones
404 4666 438 4722 et
468 4649 665 4736 Ecclesiae,
699 4651 795 4743 qnod
825 4649 886 4742 qui
915 4651 954 4718 in
985 4643 1041 4717 his
1073 4646 1233 4714 maximis
1276 4703 1278 4710 ,

244 4775 278 4830 et
293 4754 441 4825 infinitis
456 4751 724 4822 difficultatibus
739 4775 874 4820 summa
891 4751 959 4821 fide
974 4774 1049 4819 non
1059 4763 1234 4840 praestant

245 4858 448 4948 Principes,
473 4849 567 4924 nihil
582 4853 876 4923 existimabuntur
889 4853 1061 4928 institutis
1077 4865 1110 4920 et
1128 4873 1234 4919 cona-

243 4961 340 5032 tibus
362 4957 482 5050 impiis
503 4955 647 5024 differre
671 4979 693 5023 a
714 4951 946 5043 Gigantibus,
977 4976 1130 5046 quorum
1156 4965 1235 5020 tan-

1274 2111 1414 2201 praeda.
1465 2109 1614 2204 Semper
1629 2115 1724 2182 enim
1737 2117 1952 2208 praesidium
1968 2121 2006 2190 in
2025 2123 2150 2192 divino
2165 2123 2252 2191 auri-

1274 2211 1323 2278 lio
1350 2234 1456 2304 quam
1480 2213 1754 2302 amicissimum,
1780 2219 1913 2312 siquid
1933 2247 2022 2314 opus
2040 2226 2133 2294 iacto
2150 2223 2253 2305 faerit,

1275 2311 1356 2382 estis
1378 2307 1544 2384 habituri.
1604 2315 1710 2402 lllos,
1740 2345 1943 2414 quanquam
1968 2321 2060 2392 nihil
2088 2340 2252 2395 antenor

1274 2413 1515 2504 providerint,
1539 2418 1658 2486 omnia
1683 2421 1830 2490 deficere
1849 2424 2086 2511 videbuntur,
2114 2426 2253 2518 pertina-

1276 2513 1329 2584 cia
1345 2513 1502 2603 ipsornm
1521 2520 1700 2606 augebunt
1717 2521 1930 2612 periculum,
1956 2529 2069 2595 donec
2086 2529 2253 2620 desperata

1275 2615 1387 2684 salute
1403 2615 1593 2708 impietatis
1610 2644 1692 2690 suae
1709 2649 1857 2712 poenam
1881 2627 2137 2718 persolverint,
2161 2652 2253 2722 qoam

1277 2715 1428 2806 effugere
1453 2743 1512 2789 eos
1532 2743 1607 2790 non
1629 2726 1806 2814 oportuit,
1839 2733 1933 2818 quod
1959 2730 2131 2820 scriptum
2154 2733 2197 2802 sit
2217 2729 2255 2798 ab

1275 2813 1396 2886 Esaias
1420 2815 1463 2890 Si
1484 2821 1608 2892 andire
1626 2825 1828 2911 nolueritis,
1854 2842 1889 2896 et
1909 2853 1966 2897 me
1980 2833 2026 2900 ad
2045 2832 2254 2902 iracundiam

1277 2923 1569 3009 provocaveritis,
1595 2925 1732 3014 gladius
1747 2927 2024 3014 devorabitvos.
2065 2929 2158 3005 Rem
2173 2931 2255 3002 nosti

1279 3035 1455 3110 practerea
1485 3025 1688 3096 testimonio
1712 3051 1806 3114 esse,
1836 3032 1932 3123 quod
1962 3057 2029 3122 pro
2061 3033 2255 3104 defensione

1276 3121 1432 3190 rrorrrinis
1447 3125 1501 3192 sui
1516 3127 1679 3214 gloriosis
1695 3153 1797 3215 saepe
1813 3133 1969 3204 victoriis
1982 3134 2256 3206 ornaveritDeus

1277 3221 1466 3308 Davidem,
1490 3225 1734 3316 Salomonem,
1752 3227 1960 3316 Ezechiam,
1982 3233 2256 3317 Constantinum,

1278 3321 1449 3395 Ottonem
1476 3329 1649 3418 primum,
1683 3347 1716 3400 et
1741 3337 2060 3406 nostra·mem01·ia
2086 3333 2256 3428 Principes

1278 3425 1613 3518 periculosissimum
1647 3431 1782 3504 bellum
1814 3461 1896 3504 cum
1932 3437 2070 3507 rusticis
2098 3453 2256 3530 gerentes,

1278 3551 1383 3620 quarn
1400 3523 1468 3596 Dei
1484 3531 1702 3602 voluntatem
1717 3558 1797 3624 erga
1814 3561 1876 3606 vos
1892 3561 2033 3634 quoque
2050 3535 2146 3610 haud
2162 3539 2257 3612 dubie

1279 3631 1512 3718 cognoscetis,
1545 3635 1682 3725 quoties
1704 3637 1878 3727 praesidio
1907 3653 1942 3710 et
1967 3658 2175 3712 ornamento
2196 3637 2257 3710 Ec-

1279 3731 1404 3798 elesiae
1419 3755 1492 3800 esse
1508 3735 1735 3830 studueritis..

1383 3831 1457 3902 lam
1474 3839 1569 3926 quod
1586 3835 1727 3928 inopiae
1744 3838 1794 3906 rei
1809 3839 2075 3924 frumentariae,
2102 3845 2258 3915 aliarum·

1280 3957 1355 4046 que¹
1366 3958 1482 4004 rerum
1499 3937 1678 4023 omnium,
1705 3965 1773 4034 qua
1791 3942 1948 4036 plerique
1963 3959 2109 4038 propter
2125 3944 2257 4036 ingrati·

1281 4037 1441 4103 tudinem
1464 4032 1571 4107 hodie
1595 4039 1802 4131 plectimur,
1833 4043 1973 4115 facilius
2006 4061 2119 4117 vestra
2142 4049 2256 4140 pietate

1281 4137 1415 4205 mederi
1452 4139 1593 4232 quoque
1632 4143 1832 4234 potueritis,
1874 4149 1996 4216 eodem
2027 4145 2258 4221 existimabitis

1280 4239 1467 4330 pertinere.
1525 4237 1635 4326 Nam,
1669 4249 1763 4337 quod
1791 4247 1922 4332 multa,
1954 4249 2085 4342 quibus
2107 4273 2193 4344 opus
2216 4261 2258 4316 est

1281 4341 1323 4408 ad
1343 4341 1561 4410 tolerandam
1577 4343 1725 4430 lanum,
1751 4339 1818 4415 hoc
1834 4373 1928 4417 antro
1940 4351 2068 4442 partim
2084 4365 2256 4443 tempesta·

1281 4443 1375 4510 tibus
1397 4443 1629 4532 deperierint,
1664 4448 1793 4540 partim
1811 4464 1954 4540 propter
1976 4453 2147 4525 siccitates
2161 4477 2257 4540 angu-

1282 4543 1369 4612 stius
1395 4547 1641 4634 provenerint,
1664 4573 1886 4642 nequaquam
1910 4553 2118 4624 dubitabitis
2135 4549 2256 4623 Princi-

1283 4669 1366 4736 pum
1388 4645 1489 4736 culpa
1520 4647 1557 4716 id
1581 4651 1731 4719 maxime
1763 4651 1939 4722 accidisse.
1997 4653 2153 4725 Maxima
2176 4653 2256 4722 enim

1283 4770 1363 4836 pars
1379 4743 1603 4838 Principum,
1622 4749 1663 4821 'et
1687 4753 1935 4824 sceleratorum
1950 4749 2205 4850 Episcoporum
2221 4755 2257 4822 ad

1283 4847 1417 4917 rabiem
1432 4875 1451 4918 a
1468 4847 1622 4920 Diabolo
1639 4855 1793 4938 redacta,
1819 4855 2017 4926 doctrinam
2034 4863 2077 4927 de
2094 4855 2258 4928 remissio·

1283 4974 1328 5016 ne
1352 4967 1572 5042 peccatorum
1598 4978 1671 5021 non
1695 4954 1787 5024 ridet
1812 4957 1949 5043 solum,
1971 4961 2031 5029 sed
2049 4937 2207 5042 damnat,
2229 4967 2257 5022 st

159 5135 160 5138 ,
244 5077 315 5132 tam
330 5061 368 5128 in
384 5059 514 5128 fabulis
528 5071 580 5126 ost
595 5055 703 5125 fuisse
718 5055 928 5136 amentiam,
953 5069 993 5126 ut
1015 5053 1112 5124 coelo
1129 5053 1233 5122 etiam
1283 5052 1473 5120 crudeliter
1505 5055 1542 5122 in
1577 5055 1722 5124 iniseros
1747 5052 1989 5144 Christianos,
2028 5087 2107 5132 curn
2141 5071 2258 5152 potest,
2296 5055 2297 5146 l

234 5163 378 5233 ‘bellum
401 5161 532 5228 inferre
549 5153 643 5227 nihil
666 5157 771 5226 veriti
786 5157 870 5227 sint.
924 5153 1070 5226 Talium
1086 5170 1177 5224 certe
1196 5167 1234 5222 tu
1284 5151 1416 5223 statuit.
1468 5145 1563 5224 Hinc
1579 5155 1705 5226 accidit
1724 5153 1848 5245 hodie,
1876 5177 1914 5231 ut
1935 5163 2101 5256 quicquid
2119 5163 2259 5231 delirant
2296 5151 2297 5236 }

245 5262 437 5334 clarissime
446 5259 615 5352 Princeps
628 5259 765 5328 aditum
782 5281 1050 5350 sermonemque
1069 5255 1235 5346 defugies,
1283 5250 1415 5344 Reges,
1440 5253 1639 5346 plectantur
1650 5251 1796 5329 Achivi:
1823 5264 1919 5354 quod
1936 5277 1970 5332 et
1985 5261 2165 5359 Aegyptiis
2180 5259 2259 5332 acci·
2296 5311 2297 5344 ,

244 5383 285 5440 ut
302 5359 459 5434 hostium
469 5359 646 5436 Ecclesiae
656 5355 812 5446 Christi,
838 5384 883 5430 ne
900 5359 987 5454 quid
1002 5357 1235 5448 excontagio-
1284 5357 1337 5426 dit
1359 5369 1504 5450 propter
1523 5352 1719 5430 Pharaonis
1739 5364 1950 5436 caecitatem.
2005 5363 2156 5450 Verum,
2186 5359 2259 5458 quia
