4718 5828
228 283 279 357 83
956 272 1120 356 DECL.
1152 279 1227 356 DE
1260 277 1536 360 Lau-taus.
2225 285 2279 362 84

234 452 421 554 Scythicus
437 453 555 546 legum
566 475 681 524 sermo
693 465 792 541 esset,
817 466 937 526 tamen
950 453 1227 547 pinguiariudi-
1279 471 1314 531 et
1329 458 1527 552 puerilibus
1541 455 1677 542 erratis,
1699 455 1744 526 de
1757 451 1923 527 barbarie
1936 453 2113 528 sermonis
2127 469 2273 550 queror,

236 573 334 645 cant,
359 561 488 628 docent
510 557 695 627 obscurius
711 569 745 627 et
760 557 1042 650 imprudentius,
1067 581 1227 654 quacun-
1279 583 1386 655 quam
1408 559 1684 654 praescriptione
1706 571 1870 646 tuentur,
1895 557 2022 630 iudicii
2036 558 2194 652 inopiam
2212 583 2275 630 ao-

236 687 305 758 que
329 663 372 731 de
395 684 434 730 re
457 659 573 730 dicere
594 657 805 744 insfrtuunt,
830 661 917 732 dant
940 660 1016 730 sine
1031 675 1148 732 mente
1165 687 1227 734 so·
1280 687 1381 749 cuso,
1404 687 1474 758 qua
1494 663 1552 748 fit,
1577 674 1619 732 ut
1634 685 1700 732 nec
1715 658 1771 732 ius
1788 684 1853 730 nec
1867 662 1920 730 fas
1934 661 1973 732 in
1989 662 2171 756 plerisque
2186 685 2275 732 cau-

235 789 335 849 num,
360 775 534 857 quotquot
547 761 690 831 dicendi
706 776 797 832 artes
812 785 885 832 non
901 763 1056 854 attigere.
1095 761 1227 853 Magna
1281 767 1328 837 sis
1348 777 1506 836 cernant.
1556 759 1739 836 Adversus
1762 787 1838 833 eam
1861 777 2015 855 pestem,
2042 763 2188 834 dicendi
2212 785 2274 834 ar-

236 868 291 940 vis
321 879 373 936 est
397 865 436 933 in
457 859 710 934 humaniorum
732 865 916 935 literarum
939 865 1076 946 studio,
1119 889 1227 959 quam
1279 868 1369 940 tium
1390 867 1510 939 studio
1532 889 1632 936 mens
1652 857 1931 958 praemunienda
1952 881 2021 946 est,
2047 866 2196 958 perinde
2218 877 2276 936 at-

237 969 357 1040 animo
378 967 507 1038 rectius
530 989 690 1048 cernere,
725 990 830 1060 quam
856 968 1015 1038 oratione
1038 966 1227 1058 depingere
1281 995 1350 1064 qne
1367 973 1536 1040 adversus
1551 965 1670 1039 Circes
1686 991 1840 1052 venena,
1867 964 2028 1061 Ulyssem
2045 968 2143 1062 moly
2162 961 2275 1037 herba

237 1075 437 1164 possumus.
487 1064 535 1138 Et
554 1068 709 1160 exempla
725 1068 916 1161 superioris
933 1070 1054 1140 aetatis
1070 1095 1228 1139 commo-
1280 1071 1482 1144 Mercurius
1502 1069 1730 1164 praemuniit.
1782 1069 1820 1140 Si
1846 1071 1933 1163 quid
1956 1069 2045 1140 iuris
2063 1069 2275 1160 interpretes

238 1187 342 1258 nent,
368 1171 455 1266 quid
477 1170 634 1262 sapiant,
659 1185 802 1262 quotam
827 1171 957 1240 mentis
978 1172 1119 1242 unciam
1143 1173 1228 1241 reli·
1281 1175 1420 1245 inscitia
1448 1173 1631 1244 literarum
1663 1185 1871 1263 peccarunt,
1912 1183 2068 1242 vestrum
2100 1185 2168 1256 est,
2212 1193 2275 1239 ve-

238 1299 345 1368 quam
366 1269 541 1354 habeant,
566 1273 593 1341 ii
615 1272 677 1365 qui
700 1275 745 1342 ab
769 1273 844 1344 istis
859 1273 994 1344 artibus
1010 1274 1119 1344 alieni
1135 1287 1227 1345 sunt.
1281 1291 1413 1362 strum,
1449 1277 1616 1369 inquam,
1653 1269 1936 1343 honestissimam
1967 1273 2185 1365 provinciam
2216 1295 2275 1341 re-

239 1375 349 1447 Vides
368 1397 474 1468 quam
493 1374 612 1465 inepte
629 1375 841 1446 tradiderint
856 1399 937 1446 suas
953 1389 1045 1446 artes
1062 1373 1229 1447 Philoso-
1281 1401 1449 1472 purgare,
1475 1389 1511 1447 et
1533 1375 1684 1468 explosis
1705 1376 1861 1446 indoctis
1884 1375 2149 1448 commentariis
2166 1397 2185 1442 a
2201 1373 2275 1444 situ

240 1474 323 1568 phi,
363 1487 497 1570 quanto
526 1488 672 1560 conatu,
711 1490 859 1569 quantas
888 1501 999 1568 nugas
1029 1479 1226 1549 docuerint.
1282 1495 1317 1552 et
1337 1481 1502 1574 squalore
1523 1479 1615 1568 leges
1638 1479 1817 1561 adserere,
1843 1491 1877 1546 et
1898 1499 2066 1566 germano
2089 1475 2200 1546 nitori
2216 1498 2276 1544 re-

239 1575 364 1651 Nihilo
387 1577 544 1647 saniores
559 1576 795 1649 lurecousulti
811 1579 909 1648 fuere
926 1581 988 1673 qui
1004 1580 1230 1670 disputarunt
1281 1584 1436 1654 stituere.
1488 1579 1528 1650 ld
1544 1576 1736 1650 humanius
1752 1593 1819 1662 est,
1844 1603 1949 1672 quam
1966 1579 2060 1668 leges
2074 1578 2167 1669 ipsas
2184 1601 2276 1648 neu-

240 1683 285 1751 de
299 1680 452 1766 Lazaro,
474 1680 624 1749 valuerit
648 1703 692 1748 ne
710 1694 976 1767 testamentum,
1000 1695 1229 1776 posteaquam
1281 1686 1416 1780 tiquam
1433 1682 1525 1752 male
1542 1681 1685 1752 meritas
1699 1683 1743 1751 de
1758 1679 1882 1765 nobis,
1908 1681 2109 1754 obliterare.

240 1783 272 1853 is
288 1782 433 1866 revixit,
459 1794 494 1850 et
511 1776 579 1850 hoc
595 1803 705 1871 genus
721 1783 921 1852 innumera.
973 1781 1118 1855 Solebat
1135 1787 1228 1876 apud

241 1897 308 1955 nos
331 1884 454 1954 doctus
476 1883 652 1975 quispiam
675 1877 800 1966 homo,
832 1886 981 1954 istorum
1005 1885 1156 1976 ineptias
1178 1888 1230 1956 fe·
1386 1882 1457 1956 Sed
1469 1885 1577 1954 audio
1587 1883 1692 1954 ctiam
1706 1885 1750 1952 de
1760 1881 1999 1974 professorum
2009 1881 2168 1951 moribus
2180 1905 2277 1951 non-

241 1987 333 2059 stivo
355 1999 555 2055 commento
580 1984 708 2059 ridere.
757 1983 839 2056 Non
856 1987 1231 2082 proculoppidoquo-
1283 1987 1401 2056 nullos
1428 1987 1541 2079 queri.
1592 1985 1753 2056 Primum
1782 1983 1936 2078 optarim
1961 1979 2027 2053 hos
2050 2007 2214 2053 censores
2237 1983 2276 2051 in

242 2092 343 2173 dam,
375 2087 507 2171 aiebat,
539 2088 584 2156 ad
606 2087 739 2155 flumen
760 2088 970 2179 pistrinum,
997 2113 1038 2158 cx
1059 2115 1129 2183 quo
1150 2114 1230 2158 cum
1283 2089 1355 2158 suis
1372 2089 1468 2158 vitiis
1484 2088 1733 2172 emendandis,
1756 2085 1841 2156 nolo
1858 2085 1953 2154 euim
1967 2109 2063 2156 nunc
2078 2086 2276 2180 quidquam

241 2213 317 2259 non
339 2190 387 2258 ita
412 2186 526 2258 multo
551 2201 632 2258 ante
652 2201 820 2282 aquatum
842 2190 963 2258 asinus
986 2191 1231 2275 descendisset,
1283 2191 1443 2260 acerbius
1463 2191 1598 2275 dicere,
1621 2201 1693 2258 taur
1712 2209 1785 2258 esse
1800 2210 1916 2273 acres,
1942 2211 2048 2279 quam
2062 2199 2147 2257 suut
2161 2186 2202 2254 in
2219 2207 2278 2256 re-

242 2315 322 2362 cum
339 2290 377 2359 in
393 2301 545 2359 extrema
560 2290 635 2380 ripa
652 2315 714 2360 seu
729 2291 904 2362 lutulenta
915 2315 976 2362 seu
987 2293 1130 2363 tenuior
1140 2317 1231 2386 aqua
1283 2287 1545 2384 prehendendis
1574 2290 1700 2360 alienis
1730 2289 1872 2360 oculati.
1931 2286 2071 2359 Deinde
2093 2313 2174 2358 eum
2203 2289 2277 2358 sint

241 2393 385 2478 flueret,
410 2413 516 2483 quam
536 2403 577 2461 ut
591 2415 630 2462 os
645 2391 804 2462 imbuere
817 2405 954 2485 posset,
979 2395 1018 2462 iu
1035 2395 1231 2484 proximam
1283 2395 1323 2462 in
1346 2389 1413 2464 hoc
1437 2394 1563 2464 ordine
1584 2393 1744 2486 plerique
1760 2391 1845 2460 boni
1861 2389 1930 2458 viri
1940 2409 1957 2473 ,·
1974 2390 2138 2484 iniquum
2155 2404 2210 2460 est
2225 2390 2278 2458 la-

242 2495 366 2589 cyham
388 2494 479 2562 forte
504 2494 635 2583 pergit,
669 2495 767 2564 unde
786 2495 988 2564 uberiorem
1010 2495 1093 2565 iusti
1118 2496 1232 2566 amnis
1284 2495 1387 2584 gibus
1406 2495 1597 2587 imputare,
1624 2494 1653 2564 si
1669 2494 1755 2588 quid
1773 2493 1938 2562 adserunt
1952 2491 2030 2560 vitii
2046 2493 2278 2584 professores.

242 2618 370 2689 aquam
393 2589 564 2668 hauriret.
615 2593 728 2664 Porro
746 2619 826 2664 cum
843 2596 1072 2669 inscendisset
1087 2597 1232 2667 navicu·
1287 2595 1361 2666 lam
1386 2620 1449 2686 ego
1474 2599 1521 2666 ob
1544 2592 1635 2666 hanc
1657 2619 1797 2664 causam
1821 2593 2043 2663 doctissimos
2067 2608 2102 2663 et
2121 2593 2279 2686 optimos

242 2697 333 2778 lam,
358 2696 494 2788 impetu
517 2698 704 2789 detorquet
723 2721 743 2768 a
766 2697 843 2787 ripa
863 2699 901 2766 in
914 2698 1071 2768 medium
1086 2699 1233 2786 flumen,
1284 2721 1443 2792 quosque
1466 2699 1571 2790 cupio
1593 2698 1728 2786 legibus
1751 2695 1927 2766 discendis
1943 2719 2086 2787 operam
2104 2696 2208 2774 dare,
2237 2707 2279 2764 ut

243 2823 417 2892 quocum
440 2811 528 2868 esset
551 2813 711 2888 excepta,
737 2801 900 2870 secundis
923 2801 1038 2870 ventis
1053 2800 1092 2870 in
1106 2823 1232 2894 scopu·
1285 2801 1433 2870 extrusis
1456 2801 1711 2871 veteratoribus
1728 2813 1761 2870 et
1775 2793 2001 2891 sycophantis
2016 2797 2108 2880 illis,
2132 2796 2278 2880 iudicia,

242 2901 318 2970 lum
341 2899 507 2969 defertur.
560 2897 629 2969 Hic
649 2913 838 2996 postquam
860 2901 1024 2993 impegit,
1046 2903 1154 2974 fracta
1170 2915 1232 2983 est,
1284 2903 1472 2995 forumque
1485 2905 1631 2972 redeant
1647 2901 1837 2994 aliquando
1853 2900 1891 2966 in
1905 2901 2081 2970 bonorum
2098 2923 2137 2966 ac
2152 2899 2279 2968 doctu-

244 3015 278 3072 et
301 3001 485 3092 imperitus
506 2999 777 3072 illeNauclerus
800 3004 969 3073 inu'ndis
989 3005 1105 3096 periit.
1157 3003 1233 3074 Do·
1284 3027 1364 3074 rum
1387 3006 1546 3074 virorum
1572 3017 1789 3094 potestatem.
1843 2997 1954 3070 Modo
1972 3001 2202 3072 resiudicant
2220 3000 2279 3068 in·

243 3104 313 3172 luit
332 3102 507 3186 molituri,
532 3101 594 3172 ubi
613 3125 687 3190 rem
705 3103 863 3188 rescivit,
889 3105 1043 3185 iactura,
1069 3119 1102 3177 et
1119 3107 1232 3199 pisca·
1286 3107 1380 3176 docti
1401 3107 1493 3190 fere,
1527 3106 1589 3198 qui
1612 3129 1657 3174 ne
1679 3099 1772 3172 nihil
1794 3103 1951 3193 sapiant,
1981 3127 2093 3172 eruum
2117 3103 2278 3194 aliquem

244 3217 358 3274 torem
373 3203 481 3272 inius
497 3217 608 3288 vocat,
633 3205 802 3276 damnum
818 3207 954 3276 dedisse
965 3221 1113 3294 accusat,
1137 3209 1232 3301 quod
1286 3231 1325 3276 ex
1348 3208 1553 3298 vulgaribus
1576 3205 1799 3300 pragmaticis
1821 3206 1858 3272 in
1881 3205 2068 3274 consilium
2091 3199 2278 3288 adhibent,

245 3307 320 3376 eius
342 3305 484 3394 navigio
506 3305 705 3376 iumentum
727 3322 886 3396 avectum
908 3308 964 3382 sit.
1016 3305 1151 3380 Contra
1172 3310 1233 3379 ille
1286 3309 1324 3376 in
1351 3309 1480 3402 quibus
1511 3321 1549 3378 ut
1580 3309 1730 3402 quisque
1757 3321 1808 3376 est
1836 3305 2117 3390 indoctissimus,
2150 3305 2199 3375 ita
2226 3315 2279 3374 est

244 3410 370 3478 factam
394 3407 439 3475 ab
462 3407 562 3475 asino
578 3407 802 3498 pauperiem,
827 3433 934 3504 seque
948 3413 1119 3481 damnum
1136 3435 1232 3480 acce·
1285 3411 1537 3480 audacissimus
1557 3423 1591 3479 et
1613 3409 1860 3503 nequissimus.
1912 3405 2030 3478 Huius
2044 3406 2174 3477 'vident
2189 3431 2279 3476 ocu-

244 3511 337 3602 pisse
364 3507 551 3593 exclamat,
577 3511 673 3600 quod
697 3511 878 3599 navigium
900 3513 1074 3598 amiserit,
1102 3514 1141 3582 in
1164 3513 1232 3582 flu·
1286 3511 1346 3592 lis,
1374 3507 1481 3582 huius
1508 3512 1659 3582 audiunt
1682 3511 1827 3580 auribus
1852 3509 1981 3602 reliqui
2003 3533 2142 3593 omnes,
2176 3509 2276 3602 quod

245 3633 327 3680 meu
358 3611 402 3678 ab
430 3609 529 3679 asino
557 3609 761 3700 impulsum.
821 3609 998 3708 Utrinque
1023 3616 1232 3684 acerrimea
1285 3609 1344 3682 hic
1375 3613 1580 3693 somniarit,
1621 3612 1750 3706 reliqui
1781 3613 1991 3682 decernunt:
2032 3611 2115 3696 Ait,
2154 3610 2276 3682 aiunt:

172 3787 176 3792 ,
246 3711 473 3781 conductitiis
503 3711 638 3779 rabulis
668 3725 837 3781 certatum
867 3729 926 3787 est.
986 3714 1101 3786 ludici
1131 3741 1232 3786 causa
1286 3714 1414 3804 Negat,
1437 3727 1577 3804 negant.
1626 3710 1751 3804 Capita
1773 3727 1856 3783 stant
1871 3713 1947 3782 siue
1963 3713 2111 3801 linguis,
2134 3711 2189 3780 ius
2204 3711 2278 3803 ipsi

247 3814 320 3881 visa
345 3825 396 3883 est
416 3812 630 3895 intricatior,
655 3835 762 3904 quam
777 3825 818 3882 ut
834 3813 974 3899 liceret,
999 3842 1073 3886 non
1090 3818 1232 3886 consul·
1286 3835 1318 3885 et
1336 3816 1407 3884 vim
1425 3815 1611 3909 aequitatis
1626 3816 1801 3904 ignorant.
1846 3813 2035 3904 Leguleius
2048 3814 2108 3882 illa
2126 3813 2277 3883 naribus

126 4002 142 4019 .
246 3915 292 3984 tis
322 3913 409 3982 iuris
438 3913 713 4002 professoribus,
754 3915 1002 4006 pronunciare.
1060 3916 1234 3988 Deferunt
1286 3941 1408 3987 omnes
1436 3931 1604 4011 tanquam
1635 3917 1790 3987 bubulos
1816 3911 1937 3989 trahit.
1990 3913 2033 3984 ln
2056 3929 2154 3985 tanto
2177 3913 2276 3984 iudi-

247 4018 291 4084 ad
318 4013 496 4104 leguleius.
546 4011 613 4084 His
641 4039 724 4084 vero
749 4015 929 4106 negotium
950 4019 1079 4088 mirum
1102 4021 1232 4090 factum
1286 4045 1366 4089 cum
1382 4033 1547 4102 veterno,
1574 4017 1735 4110 irrepunt
1752 4019 1788 4086 iu
1807 4019 1923 4086 iorum
1942 4029 1976 4085 et
1993 4018 2199 4104 vanissimae
2216 4041 2277 4085 ra-

248 4131 318 4200 est,
352 4118 437 4185 dum
461 4140 526 4207 pro
551 4141 587 4185 se
609 4118 758 4212 quisque
783 4119 963 4188 vindicare
986 4121 1123 4192 asinum
1147 4146 1234 4192 cou-
1286 4117 1396 4190 bulae'
1416 4145 1535 4192 causas
1558 4122 1690 4205 acturi,
1716 4121 1795 4214 qui,
1821 4121 1964 4213 quaudo
1986 4119 2016 4186 is
2040 4131 2204 4212 quaestus
2224 4131 2277 4188 est

247 4219 380 4300 tendit,
414 4217 670 4308 disputationes
698 4220 812 4288 varias
840 4221 1039 4308 instruunt,
1071 4223 1234 4294 rixantur
1285 4222 1503 4306 uberrimus,
1527 4247 1566 4290 ex
1588 4222 1712 4291 litibus
1730 4222 1808 4292 lites
1825 4233 1964 4306 serunt,
1990 4221 2133 4292 clientes
2149 4221 2277 4307 deglu-

248 4323 292 4390 de
322 4319 421 4388 asino
449 4319 488 4387 in
516 4315 647 4389 scholis
673 4333 711 4389 et
738 4321 983 4393 conciliabulis
1010 4326 1234 4417 pertinacius,
1288 4327 1396 4409 bunt,
1425 4321 1584 4415 Respub.
1607 4325 1878 4416 depeculautnr,
1912 4321 2095 4392 indoctum
2121 4321 2275 4390 iudicem

248 4422 395 4513 opinor,
430 4445 536 4515 quarn
561 4419 719 4491 Graecus
747 4423 808 4491 ille
837 4425 880 4492 de
910 4426 1002 4494 asini
1023 4429 1168 4512 umbra,
1200 4441 1235 4497 et
1286 4427 1389 4495 novis
1411 4426 1562 4497 subinde
1583 4419 1719 4494 technis
1743 4425 1979 4496 ludificantur.
2032 4422 2112 4493 Non
2130 4445 2275 4512 possum

249 4520 346 4594 haud
370 4523 460 4608 scio,
493 4547 537 4592 an
561 4523 722 4592 nondum
745 4524 850 4594 etiam
874 4527 918 4595 de
939 4551 1074 4598 summa
1097 4529 1150 4598 rei
1172 4531 1234 4598 de·
1287 4529 1415 4598 adduci
1434 4540 1474 4598 ut
1495 4527 1653 4610 credam,
1674 4521 1828 4597 Athenis
1849 4549 2007 4618 uuquam
2028 4519 2275 4619 sycophantas,

249 4625 435 4698 creverint.
487 4620 646 4695 Obsecro
669 4649 742 4694 non
766 4625 922 4696 insanire
947 4631 1011 4700 tibi
1037 4632 1234 4715 videantur,
1287 4631 1349 4723 qui
1379 4631 1428 4698 sic
1456 4629 1686 4714 dicebantur,
1718 4629 1811 4699 ullos
1831 4627 1960 4696 nostris
1983 4627 2275 4717 impudentiores,

250 4729 279 4798 si
295 4729 355 4821 qui
372 4751 407 4795 se
423 4727 460 4794 in
476 4741 547 4796 tam
565 4726 714 4796 ridicula
727 4751 827 4798 causa
842 4729 904 4800 diu
920 4733 1131 4826 torqueant?
1163 4731 1234 4801 Ve-
1287 4733 1518 4824 nequiorcsve
1541 4731 1657 4806 fuisse.
1709 4727 1836 4800 Ausim
1858 4743 1891 4799 et
1909 4723 1995 4798 haec
2012 4728 2097 4798 vitia
2113 4727 2275 4798 inscitiae

249 4853 351 4910 rum,
375 4823 601 4914 mihicrede,
626 4829 774 4899 istorum
790 4831 1045 4922 disputationes
1060 4833 1235 4906 futiliores
1287 4834 1501 4923 elegantium
1522 4833 1704 4902 literarum
1728 4833 1921 4922 imputare,
1944 4853 2094 4924 quarum
2113 4829 2275 4924 quisunt

250 4945 333 5002 sunt
362 4925 427 4999 hac
458 4930 632 5000 molitoris
661 4933 900 5002 contentione.
967 4935 1107 5024 Quotus
1138 4935 1233 5004 enim
1286 4936 1459 5027 imperiti,
1482 4935 1600 5004 nescio
1618 4935 1747 5027 quibus
1763 4934 1898 5004 artibus
1914 4934 1958 5002 ad
1975 4927 2194 5001 honestatem
2207 4929 2273 4999 fle-

250 5032 400 5126 quisque
430 5033 474 5100 de
503 5033 751 5103 communibus
781 5035 887 5104 rebus
920 5037 1091 5123 civiliter,
1129 5051 1163 5108 et
1193 5062 1234 5106 ex
1285 5039 1332 5109 cti
1353 5037 1506 5129 possint,
1531 5039 1675 5129 quando
1698 5036 1769 5103 vim
1792 5035 1951 5119 virtutis,
1976 5035 2095 5103 nullae
2115 5033 2205 5102 aliae
2226 5032 2274 5100 li-

251 5133 431 5232 communi
461 5157 565 5204 sensu
587 5135 742 5206 iudicati
795 5135 937 5226 ingenia
962 5139 1000 5208 in
1022 5141 1138 5212 stultis
1159 5139 1235 5208 sor·
1285 5154 1380 5212 terae
1401 5140 1550 5231 perinde
1574 5137 1685 5207 oculis
1704 5137 1833 5207 nostris
1849 5137 2048 5220 subiecere,
2073 5149 2177 5227 atque
2194 5127 2274 5212 hae,

249 5235 484 5306 mulatiorum
500 5237 612 5308 literis
627 5239 903 5326 obmutuerunt,
928 5235 1061 5337 hasque
1077 5243 1115 5310 in
1131 5235 1235 5310 scho-
1285 5266 1375 5335 quae
1390 5238 1619 5310 humaniores
1633 5239 1825 5308 rectissime
1838 5252 2021 5310 vocantur.
2074 5233 2214 5307 Etcum
2227 5257 2275 5302 ne

249 5339 296 5407 lis
317 5349 352 5406 et
374 5338 452 5406 foro
474 5363 548 5408 non
567 5338 670 5408 aliter
685 5353 790 5433 atque
807 5363 886 5410 suas
901 5345 1030 5433 epodas
1046 5343 1145 5433 Magi
1161 5367 1234 5412 non
1285 5344 1377 5433 leges
1400 5343 1543 5435 quidem
1567 5341 1660 5432 ipsas
1682 5344 1856 5432 attingant
1873 5340 1958 5422 isti,
1982 5353 2120 5409 tantum
2138 5361 2179 5406 ex
2194 5359 2276 5404 ver-

249 5437 445 5512 intellectas
466 5453 658 5513 recensent.
717 5435 819 5512 Nihil
839 5437 898 5512 hic
920 5445 963 5515 de
985 5442 1234 5518 Grammaticis
1285 5457 1446 5516 sutorum
1465 5445 1688 5538 quorundam
1708 5443 1872 5516 formulis
1887 5441 2040 5534 sapiant,
2065 5463 2112 5510 ne
2127 5451 2277 5532 possunt
