4616 5816
179 169 187 182 i
227 245 306 336 aar
672 324 678 332 ,
857 177 1021 312 nncn
1058 229 1137 311 nn
1169 229 1521 314 coecorum
1555 255 1641 316 nc.
2020 311 2024 334 ,
2191 243 2260 318 aa

233 423 426 500 steritatem
442 415 632 511 pertinent.
682 409 764 484 Non
785 409 1007 482 fastidiamus
1029 401 1096 478 hos
1110 407 1227 492 ludos,
1274 410 1480 502 perlectum.
1533 408 1658 505 ltaque
1672 432 1763 504 opus
1778 424 1831 485 est
1844 413 1999 507 primum
2020 417 2060 488 in
2074 415 2262 511 Repubsa

232 543 402 619 tanquam
429 543 486 590 res
507 517 672 607 indignas
693 513 817 599 nobis,
850 514 911 584 sed
935 510 1134 601 exemplum
1159 532 1227 579 no-
1275 511 1370 582 inter
1393 513 1486 584 cives
1507 513 1770 601 benevolentia,
1802 527 1939 586 utnon
1954 519 2145 610 gravatim,
2171 525 2260 614 quod

234 644 346 702 strum
362 625 527 716 prodesse
550 617 834 690 adolescentibus
854 617 899 686 ad
921 609 1091 684 honestos
1110 634 1227 682 mores
1276 614 1426 708 quisque
1459 627 1592 706 potest,
1634 617 1680 686 ad
1713 639 1817 688 usum
1844 643 2067 692 communem
2101 623 2263 710 conlcrat,

235 729 406 803 amandos
442 738 477 795 et
511 721 773 793 conservandos
807 717 1057 788 existimemus.
1129 711 1227 782 llaec
1276 716 1405 786 dcindc
1438 719 1611 810 quaedam
1642 731 1683 790 ut
1717 718 1804 790 vitia
1829 720 1869 790 in
1892 722 1971 792 aliis
1997 724 2263 810 dissimulemus,

236 830 413 926 praelatus
433 850 531 908 sum,
569 837 609 894 ut
632 822 788 914 imperiti
810 820 1010 909 intelligant
1042 839 1109 886 nos
1131 817 1226 884 bono
1278 832 1454 910 postremo
1477 832 1517 889 nt
1539 833 1660 890 nostra
1680 819 1882 918 diligentia„
1913 825 2120 898 dexteritate
2138 839 2175 898 et
2195 827 2262 896 vif.

235 931 385 1006 consilio
409 923 474 998 hos
497 921 724 996 scholasticos
744 924 833 994 ritus
851 943 1066 992 conservare.
1119 915 1225 1005 Quod
1277 933 1353 991 tute
1368 943 1549 1006 sanemus,
1576 936 1617 992 ut
1629 921 1744 992 sicubi
1760 937 1930 994 cessatum
1945 939 1997 998 est
2011 929 2057 998 ab
2071 928 2169 1010 aliis,
2195 943 2262 998 arte

230 1059 315 1116 ,cum
344 1031 393 1100 ita
418 1031 482 1110 sit,
516 1051 665 1122 aequum
694 1039 763 1110 est,
798 1047 860 1092 vos
885 1023 1080 1094 orationem
1112 1043 1226 1088 meam
1277 1025 1322 1094 ab
1345 1023 1424 1092 aliis
1444 1023 1616 1094 sarciatur
1637 1023 1782 1096 iactura.
1840 1024 1941 1097 Talis
1961 1042 2072 1100 status
2094 1031 2264 1122 optandus

235 1136 408 1240 patienter
429 1130 571 1213 audire,
598 1153 702 1222 qnam
727 1121 795 1196 hoc
813 1128 890 1196 loco
913 1121 1042 1194 habere
1063 1147 1119 1191 me
1136 1119 1228 1210 cogit
1278 1137 1383 1194 estex
1399 1125 1518 1195 animo
1532 1141 1565 1196 et
1579 1127 1678 1196 decet
1695 1128 1807 1196 bonos
1821 1153 1961 1210 omnes,
1987 1132 2134 1202 consilia
2149 1133 2263 1202 omnia

237 1235 343 1311 officii
365 1235 470 1304 ratio.
529 1227 608 1302 Etsi
631 1243 746 1299 autem
770 1230 942 1320 quaedam
970 1239 1068 1296 crant
1095 1247 1229 1305 causae,
1278 1250 1339 1296 sua
1356 1239 1391 1296 et
1409 1251 1531 1298 omnes
1553 1229 1708 1298 actiones
1724 1229 1767 1298 ad
1783 1224 1880 1300 hunc
1899 1245 2026 1302 statum
2044 1233 2263 1304 alliciendum

238 1363 302 1413 eur
318 1338 363 1406 de
380 1337 509 1406 artium
525 1333 649 1402 studiis
668 1343 702 1400 et
719 1331 888 1414 utilitate,
914 1323 982 1397 hoc
999 1343 1156 1419 tempore
1173 1325 1228 1391 di·
1278 1327 1441 1418 dirigere.
1493 1327 1553 1400 Sic
1576 1331 1614 1398 in
1635 1324 1755 1400 schola
1780 1331 1975 1404 liberaliter
1999 1336 2183 1406 conserant
2197 1335 2265 1404 sin·

238 1443 390 1518 cendum
419 1437 626 1519 videbatur,
663 1447 780 1503 tamen
809 1455 889 1500 cum
912 1429 974 1498 alii
1004 1453 1105 1520 saepe
1127 1426 1229 1496 vobis
1279 1429 1353 1519 guli
1371 1451 1452 1498 suas
1473 1443 1565 1501 artes
1582 1433 1625 1500 ad
1646 1455 1869 1504 communem
1890 1459 2004 1506 usum.
2055 1435 2170 1507 Nemo
2184 1437 2266 1507 alte·

236 1550 516 1616 commonstrent
539 1558 663 1620 usum,
694 1535 731 1602 in
754 1533 875 1602 multis
899 1533 992 1601 vitae
1011 1530 1171 1624 partibus
1196 1543 1230 1598 et
1279 1532 1353 1602 rius
1374 1531 1514 1621 generis
1535 1533 1685 1604 artifices
1714 1557 1874 1625 premere
1899 1551 2064 1624 conetur,
2097 1539 2265 1632 quaedam

236 1641 538 1734 vituperatoribus
566 1636 720 1727 graviter
740 1636 996 1724 respondeant,
1030 1632 1229 1724 relinquam
1279 1633 1383 1702 etiam
1402 1633 1627 1704 incommoda
1642 1634 1681 1703 in
1702 1636 1780 1705 aliis
1795 1641 1942 1729 tegenda
1957 1653 2060 1729 suut,
2089 1651 2124 1708 et
2139 1640 2196 1708 vel
2213 1665 2267 1710 co.

237 1747 345 1816 modo
360 1743 398 1811 id
413 1753 676 1832 argumentum,
699 1751 732 1806 et
748 1738 864 1805 dicam
878 1737 921 1804 de
936 1734 1145 1822 concordia,
1168 1735 1230 1801 de·
1281 1735 1385 1804 miter
1400 1738 1639 1820 emendanda,
1665 1737 1719 1806 vel
1735 1751 1810 1810 arte
1824 1741 1976 1832 quadam
1991 1741 2187 1814 sarcienda.
2225 1743 2268 1812 At

237 1871 306 1944 que
331 1841 650 1915 communicatione
673 1839 872 1910 studiorum
900 1851 1005 1930 atque
1032 1859 1231 1927 operarum,
1281 1861 1346 1906 nos
1361 1837 1504 1930 quidem
1521 1837 1559 1906 in
1574 1833 1706 1908 scholis
1722 1841 1907 1931 praecipue
1923 1865 2081 1912 amemus
2094 1837 2190 1912 hunc
2206 1857 2269 1912 sta·

137 2022 140 2034 ,
240 1950 399 2040 sineque
414 1943 558 2014 retineri
574 1955 608 2010 et
629 1941 819 2010 consistere
839 1936 995 2030 Respub.
1018 1961 1091 2008 non
1107 1950 1230 2027 potest.
1281 1952 1355 2008 tum
1365 1988 1377 2021 ,
1405 1939 1488 2030 quia
1502 1937 1729 2024 Aristoteles,
1747 1965 1851 2033 quem
1868 1943 2051 2036 sequimur
2061 1943 2267 2033 Magistrum

236 2047 345 2123 Extat
366 2061 482 2117 autem
500 2045 593 2134 apud
608 2040 763 2112 Graecos
783 2053 971 2110 venustum
991 2035 1231 2131 Epigramma,
1281 2041 1319 2108 in
1341 2034 1605 2131 Philosophia,
1621 2041 1880 2112 Aristocratian
1898 2044 2049 2114 maxime
2069 2047 2216 2136 probat,
2238 2059 2268 2116 et

238 2153 278 2222 in
304 2173 374 2244 quo
400 2147 560 2242 pingitur
580 2145 734 2234 optimus
756 2139 909 2234 Reipub.
937 2155 1058 2213 status.
1118 2138 1171 2209 Ac
1190 2163 1230 2208 eo
1280 2137 1371 2211 hanc
1385 2141 1537 2212 antefert
1551 2143 1720 2214 omnibns
1734 2145 1857 2214 formis
1873 2145 2090 2236 politiorum.
2141 2145 2268 2241 Sequa·

238 2253 408 2331 libentius
425 2261 669 2336 argumentum
693 2241 968 2335 Epigrammatis
992 2243 1088 2310 illius
1107 2242 1232 2311 recita·
1279 2267 1362 2312 mur
1387 2243 1496 2332 igitur
1521 2239 1769 2328 Aristotelem,
1793 2257 1827 2316 et
1853 2247 1892 2316 in
1916 2243 2065 2332 scholis,
2100 2261 2267 2340 quantum

238 2357 304 2438 bo,
327 2367 367 2423 ut
381 2350 579 2440 exemplum
594 2347 730 2416 illustre
744 2345 982 2413 adolescentes
998 2343 1231 2432 infigautani-
1282 2345 1358 2414 lieri
1397 2357 1530 2434 potest,
1583 2343 1850 2418 Aristocratiam
1895 2347 2100 2418 efficiamus.
2181 2348 2268 2420 Haec

238 2456 327 2534 mis,
353 2454 449 2560 quod
475 2473 534 2520 eos
562 2448 659 2519 etin
683 2443 802 2516 schola
829 2459 864 2516 et
885 2445 1052 2536 deinceps
1079 2445 1230 2512 inomni
1282 2461 1398 2515 autem
1423 2469 1498 2514 non
1521 2459 1606 2518 sunt
1625 2445 1876 2534 Aristocratia‚
1908 2451 1970 2520 sed
1997 2449 2124 2542 partim
2150 2451 2268 2521 Timo·

237 2559 311 2628 vita
328 2559 527 2636 admoneat,
549 2575 618 2644 qua
634 2561 708 2620 arte
725 2547 908 2616 retinenda
919 2547 964 2616 sit
979 2547 1118 2638 publica
1134 2561 1232 2614 tran·
1282 2548 1380 2627 nica,
1426 2547 1554 2637 partim
1591 2544 1826 2646 ὀλιγαρχικὰ,
1874 2553 2043 2640 gravatim
2077 2575 2203 2644 operas
2234 2553 2267 2621 in

240 2656 410 2754 quillitas.
467 2649 521 2723 Ea
545 2676 629 2721 vero
654 2671 778 2739 magna
802 2662 853 2718 est
872 2672 947 2733 ars,
979 2671 1040 2717 seu
1062 2647 1232 2736 sapientia
1282 2673 1470 2719 commune
1485 2651 1662 2737 conlerre,
1687 2654 1743 2722 vel
1764 2653 1937 2743 impedire
1951 2655 2105 2726 aliorum
2121 2677 2268 2736 cursum,

239 2760 377 2855 potius,
402 2754 589 2851 praecipue
604 2752 815 2846 requirenda
838 2751 875 2818 in
890 2749 952 2832 iis,
979 2747 1041 2842 qui
1060 2749 1128 2816 viri
1147 2749 1232 2820 boni
1283 2751 1344 2844 qui
1377 2763 1409 2820 et
1444 2751 1513 2842 ipsi
1544 2753 1634 2821 bene
1667 2769 1849 2825 merentur
1881 2757 1926 2824 de
1951 2753 2105 2850 Repubg·
2122 2757 2267 2828 aliomm

239 2857 421 2964 perhiberi
438 2857 582 2941 volunt,
608 2877 699 2948 quae
713 2852 911 2923 cuiusmodi
924 2852 987 2937 sit,
1009 2851 1049 2920 in
1063 2846 1129 2920 hac
1145 2853 1233 2920 ima·
1283 2852 1452 2942 aucupari
1469 2867 1601 2932 errata,
1628 2856 1808 2926 autetiam
1825 2855 2035 2926 calumniari
2053 2859 2190 2944 studia,
2213 2881 2268 2928 seu

240 2963 321 3056 gine
337 2959 493 3052 conspici
512 2969 638 3048 potest.
1283 2955 1386 3032 odio,
1419 2977 1481 3022 seu
1502 2955 1716 3042 ambitione,
1746 2981 1807 3026 seu
1833 2958 1952 3050 aliqua
1975 2957 2044 3028 alia
2071 2961 2268 3052 cupiditate.

227 3059 238 3072 “
344 3063 450 3135 Forte
482 3060 521 3127 in
551 3059 607 3127 via
632 3056 851 3128 conveniunt
878 3077 1000 3124 caecus
1023 3069 1057 3126 et
1077 3055 1234 3132 claudus,
1284 3054 1426 3144 Quanta
1455 3055 1612 3128 interae
1641 3059 1814 3128 modestia
1846 3073 2027 3132 certarunt
2061 3076 2194 3152 septem
2221 3061 2268 3129 illi

240 3167 408 3241 obicum
438 3163 513 3231 sine
544 3161 632 3229 duce
665 3158 828 3248 progredi
851 3179 973 3226 caecus
1004 3180 1077 3225 non
1106 3167 1234 3246 posset,
1284 3157 1412 3226 summi
1434 3157 1521 3236 viri,
1555 3157 1617 3250 qui
1643 3157 1826 3251 Sapientes
1851 3163 2102 3248 nominantur,
2129 3164 2194 3258 qui
2217 3187 2269 3231 co-

241 3269 369 3342 claudo
405 3265 512 3335 ctiam
548 3256 711 3332 vehiculo
749 3282 838 3350 opus
870 3271 976 3340 esset,
1015 3257 1235 3328 retinebatur
1284 3259 1365 3326 dem
1393 3273 1549 3347 tempore
1579 3260 1779 3332 floruerunt
1803 3263 1841 3331 in
1872 3263 2022 3332 diversis
2052 3263 2271 3336 civitatibus?

242 3387 391 3464 uterque
416 3391 479 3435 suo
506 3364 613 3432 malo.
672 3361 772 3429 Vidit
797 3374 913 3429 autem
932 3359 1231 3429 clauduscaccum
1284 3359 1374 3428 Nam
1385 3383 1464 3430 cum
1481 3357 1619 3446 Mileti,
1645 3362 1826 3434 inventam
1837 3387 1980 3434 auream
1993 3389 2152 3436 mensam
2164 3363 2270 3454 Apol·

243 3473 381 3544 validos
393 3471 562 3549 lacertos,
588 3465 708 3532 lirmos
721 3465 829 3553 pedes
837 3492 853 3544 ,1
873 3462 1026 3554 denique
1049 3462 1162 3530 robur
1180 3460 1236 3526 in·
1286 3463 1320 3530 lo
1337 3461 1492 3531 iussisset
1506 3463 1764 3554 sapientissimo
1779 3466 1874 3551 dari,
1894 3465 2018 3536 civitas
2026 3461 2172 3538 Thaleti
2187 3469 2270 3536 dan-

242 3567 562 3666 tegrumsorporis
588 3562 734 3647 habere,
766 3587 831 3632 nec
856 3563 1044 3656 quicquam
1062 3562 1179 3631 morbi
1198 3562 1235 3628 in
1285 3566 1366 3632 dam
1391 3587 1464 3634 esse
1487 3566 1658 3638 decrevit:
1692 3567 1722 3634 is
1739 3567 2020 3656 magnitudinem
2037 3563 2146 3640 huius
2162 3569 2270 3638 laudis

242 3673 465 3750 cohaerere,
497 3668 568 3738 nisl
594 3669 689 3760 quod
714 3665 825 3736 oculis
841 3677 961 3754 captus
976 3678 1062 3736 erat.
1114 3662 1234 3752 Quare
1286 3687 1358 3732 non
1382 3687 1593 3754 agnoscens,
1621 3680 1655 3736 et
1670 3667 1825 3738 libenter
1839 3669 1958 3754 alteri,
1984 3672 2041 3739 vel
2062 3671 2270 3762 impertiens,

242 3779 438 3876 prudenter
454 3770 537 3839 iniit
552 3769 745 3850 rationem,
771 3779 811 3836 ut
828 3765 921 3834 inter
943 3789 979 3834 se
997 3766 1236 3835 communica·
1286 3767 1343 3834 vel
1364 3770 1508 3846 cedens,
1539 3767 1636 3840 misit
1657 3767 1804 3855 Soloni,
1835 3770 1947 3842 Solon
1970 3773 2014 3841 ad
2029 3776 2180 3842 eundem
2199 3796 2270 3840 mn·

243 3893 323 3950 rent
338 3897 480 3968 operas,
506 3885 541 3942 et
557 3869 644 3938 alter
660 3867 803 3943 sarciret
818 3867 873 3950 id,
900 3868 995 3959 quod
1016 3867 1135 3934 deerat
1150 3867 1236 3935 alte·
1287 3863 1512 3936 dumBianti.
1562 3866 1654 3940 Cum
1672 3894 1737 3962 per
1751 3895 1874 3942 omnes
1889 3885 2022 3963 septem
2037 3887 2162 3964 vagata
2177 3895 2270 3942 men·

128 4005 130 4012 ’
243 3983 293 4062 ri,
325 3993 365 4049 ut
385 3998 506 4047 caecus
527 3972 667 4042 tolleret
688 3969 728 4038 ln
748 3963 914 4038 humeros
928 3969 1112 4052 claudum,
1139 3969 1236 4037 clau·
1288 3991 1323 4040 sa
1349 3970 1394 4038 ad
1416 3964 1602 4039 Thaletem
1625 3972 1805 4064 rediisset,
1836 3974 1887 4044 ait
1910 3969 2059 4060 Thales,
2092 3998 2190 4046 nunc
2215 3975 2270 4043 dc·

244 4085 312 4152 dus
338 4079 399 4149 isti
428 4087 645 4146 monstrator
676 4070 754 4140 viae
786 4084 887 4150 esset,
952 4065 1111 4160 Exponit
1133 4093 1234 4138 suum
1287 4095 1384 4140 mum
1409 4094 1446 4140 se
1469 4073 1602 4142 oraculi
1625 4075 1834 4145 sententiam
1858 4075 2072 4164 intelligere3
2108 4077 2270 4169 iussitque
2306 4143 2307 4150 ,

245 4181 435 4256 consilium
451 4202 571 4258 caeco,
598 4189 632 4246 et
646 4197 745 4244 suam
762 4195 903 4262 operam
922 4171 1120 4262 pollicetur.
1158 4166 1236 4242 Etsi
1288 4195 1443 4241 mensam
1466 4173 1587 4242 offerri
1612 4173 1797 4266 Apollini,
1830 4178 1926 4270 quod
1942 4173 2040 4248 Deus
2052 4179 2270 4268 significasset

245 4284 382 4358 sarcina
399 4279 648 4371 imponebatur
667 4299 742 4344 non
766 4273 855 4343 levls
876 4298 995 4358 caeco,
1021 4285 1139 4343 tamen
1156 4297 1235 4342 curn
1288 4269 1356 4342 hoc
1378 4273 1583 4356 involucro,
1616 4278 1795 4348 neminem
1821 4279 2044 4363 mortalium,
2078 4281 2138 4350 sed
2164 4280 2269 4350 solum

243 4383 464 4464 humanitate
489 4379 575 4449 socli
606 4387 805 4466 caperetur,
842 4399 917 4446 non
947 4376 1116 4445 detrectat
1145 4370 1237 4445 banc
1288 4373 1403 4444 Deum
1423 4376 1614 4466 sapientem
1641 4401 1724 4452 esse.
1782 4375 1915 4450 Overe
1932 4374 2202 4452 Aristocraticos
2222 4379 2268 4446 vi·

245 4485 507 4565 conditionem,
537 4504 576 4548 ac
590 4479 726 4550 sublato
744 4478 782 4546 in
803 4471 972 4546 humeros
985 4477 1130 4555 claudo,
1157 4499 1237 4567 per·
1289 4499 1366 4561 ros,
1400 4501 1551 4570 quorum
1584 4503 1689 4550 nemo
1719 4483 1764 4550 de
1785 4482 1930 4552 alterius
1956 4483 2060 4552 laude
2083 4482 2268 4575 quidquam

244 4591 312 4682 git,
345 4599 379 4656 et
402 4579 843 4674 gubernateumclaudus.
895 4577 946 4648 lta
969 4591 1129 4648 amanter
1141 4601 1237 4647 com-
1289 4578 1479 4670 decerpsit:
1515 4581 1643 4650 deinde
1665 4582 1727 4675 qui
1751 4583 1923 4667 viderint,
1948 4579 2049 4652 'nibil
2068 4606 2141 4654 esse
2167 4581 2270 4654 lurio-

246 4687 435 4763 manicatis
450 4683 566 4779 operis
586 4683 652 4753 iter
673 4693 870 4770 susceptum
888 4680 1089 4750 conficiunt.
1141 4677 1239 4750 Haec
1291 4679 1382 4762 sius,
1406 4703 1513 4772 quam
1535 4676 1697 4752 homines
1719 4683 1788 4754 sihi
1809 4684 2003 4775 sapientiae
2022 4686 2162 4755 laudem
2179 4706 2270 4754 arro-

245 4808 298 4866 est
315 4793 431 4880 imago
447 4785 573 4879 optimi
589 4797 699 4854 status
718 4781 755 4850 ln
772 4779 915 4870 Repub.
959 4779 1121 4852 Primum
1144 4781 1236 4850 enim
1290 4803 1382 4870 gare.
1437 4780 1558 4876 ltaque
1580 4784 1728 4854 comiter
1748 4785 1842 4855 inter
1859 4809 1895 4854 se
1909 4785 2083 4858 vixerunt.
2134 4783 2182 4857 Et
2197 4783 2270 4878 qui-

246 4899 284 4974 in
300 4905 398 4967 tanta
412 4889 506 4960 mole
520 4911 560 4956 ac
574 4885 742 4954 varietate
756 4883 1001 4973 negociorum,
1022 4905 1128 4952 nemo
1144 4905 1238 4953 unus
1291 4883 1370 4951 dem
1387 4879 1555 4954 Solonem
1569 4886 1761 4976 accipimus
1782 4910 1802 4956 a
1818 4881 1968 4956 Thalete
1986 4885 2149 4958 didicisse
2164 4898 2271 4956 motus

245 5022 310 5089 par
344 5017 417 5064 esse
451 4989 618 5060 omnibus
652 4987 759 5054 rebus
791 4984 1080 5056 administrandis
1115 4997 1239 5074 potest.
1291 4997 1478 5054 astrorum.
1537 4984 1640 5062 Nunc
1661 5009 1746 5057 vero
1767 4989 1905 5082 quoties
1922 4987 2013 5060 illud
2028 4989 2087 5074 lit,
2113 4989 2208 5083 quod
2228 4985 2270 5055 ait

246 5097 386 5171 Deinde
403 5105 499 5165 tanta
522 5103 575 5160 est
598 5087 785 5157 infirmitas
805 5085 1051 5174 ingeniorum,
1076 5099 1115 5156 ut
1133 5087 1238 5156 etlam
1290 5083 1485 5156 Martialis:
1514 5117 1517 5122 ·

298 5199 311 5267 i
326 5219 440 5274 unum
462 5191 606 5286 aliquod
622 5210 753 5258 munus
767 5189 962 5272 sustinent,
995 5201 1112 5258 tamen
1130 5188 1241 5257 lnter-
1287 5223 1290 5234 .
1444 5191 1509 5273 Qui
1525 5195 1869 5277 vallemrotundam,
1891 5219 1974 5262 rama
1987 5205 2053 5264 ertt.

247 5224 334 5371 illm
355 5295 541 5367 nonsatis
569 5290 641 5361 sint
672 5288 820 5370 intenti,
855 5289 1034 5360 interdum
1061 5290 1241 5362 fallantur.
1291 5285 1339 5360 Et
1360 5287 1515 5360 vidimus
1536 5289 1723 5382 aliquoties
1745 5286 1814 5362 boc
1836 5293 2013 5378 accidere,
2042 5307 2082 5366 ut
2095 5305 2191 5364 ortae
2203 5287 2269 5358 dis-

247 5399 411 5492 Denique
426 5391 521 5466 nihll
536 5407 587 5466 est
602 5394 641 5462 in
657 5391 763 5462 rebus
776 5385 943 5461 humanis
965 5391 1010 5460 ab
1027 5392 1126 5460 omni
1145 5405 1244 5484 parte
1265 5435 1269 5468 r
1291 5389 1533 5464 sentiunculae
1552 5415 1593 5462 ex
1613 5391 1799 5465 levissimis
1819 5393 1933 5466 initiis
1947 5396 2132 5468 excitarint
2153 5391 2272 5481 ingen·
