4718 5828
91 267 140 344 τι
404 316 409 326 ,
511 259 678 344 ouon.
710 257 785 336 nn
817 250 1437 336 conmonunlsanon
1471 219 1720 334 sununs
1924 251 1927 261 ’
2073 266 2126 340 se
2242 379 2248 388 ἱ

92 440 245 522 ludicii,
271 439 334 534 qui
348 437 472 530 seligat
488 459 665 534 mnam
676 450 712 510 et
726 447 904 532 quatenus
919 433 1086 506 discenda
1138 445 1200 504 aut
1222 455 1297 502 rem
1320 430 1512 516 medicam,
1537 430 1674 504 effoetis
1695 431 1766 502 iam
1786 433 1890 506 annis
1905 437 2030 528 pedem
2045 457 2122 510 mo

92 547 183 625 sint.
221 540 330 614 Dolet
347 542 444 622 enirn
458 543 554 612 sanis
571 564 645 612 esse
661 539 992 637 quipersuaseruut
1008 535 1088 622 sibi,
1138 547 1242 615 veut,
1270 533 1358 626 quid
1382 533 1647 606 aliuduefecsis
1670 533 1807 619 ingenii
1831 537 1985 624 viribus,
2017 563 2123 635 quam

93 646 168 716 nisi
191 641 280 716 baec
302 644 445 734 nugalia
469 644 719 730 didicerimus,
744 668 821 716 uon
841 644 918 715 fore
943 667 984 716 ex
1009 663 1088 722 usu,
1138 637 1235 736 quod
1268 634 1306 711 in
1336 635 1422 714 ludo
1447 648 1725 715 consenserunt.
1757 639 1886 739 agenti
1934 637 2125 742 Norantur

93 748 276 842 quidquid
306 747 507 819 studiorum
540 747 756 819 affectemus.
816 745 1003 818 Modestus
1030 745 1088 818 vir
1138 767 1220 833 ergo
1237 744 1291 814 bis
1308 745 1411 835 pueri
1427 769 1545 832 senes,
1571 771 1774 842 quanquam
1791 750 1892 823 sicui
1915 757 2022 846 paulo
2046 758 2124 828 foe·
2272 760 2280 768 '

93 849 260 920 Socrates
272 863 366 934 erat,
391 850 455 942 qui
480 873 561 920 curu
578 848 749 938 opinione
771 850 963 940 sapientiae
979 847 1087 938 vulgo
1137 847 1241 916 linior
1263 861 1313 917 est
1336 847 1460 936 genius
1483 849 1608 918 lusisse
1630 851 1757 942 pudet,
1783 856 1941 925 sednon
1967 857 2124 932 incidere

94 953 295 1038 coleretur,
320 951 480 1036 dicebat,
504 945 572 1020 hoc
588 973 700 1021 unum
717 975 754 1020 ac
770 952 878 1036 scire,
903 953 1000 1044 qnod
1027 951 1086 1019 ni·
1137 949 1275 1020 ludum.
1320 946 1434 1019 Porro
1449 951 1550 1020 vobis
1566 947 1863 1026 Adulescentibus
1876 974 2027 1031 vestram
2044 984 2144 1051 gra-1

94 1048 150 1123 bil
174 1054 300 1124 sciret:
327 1053 383 1122 illi
402 1066 526 1122 contra
547 1047 616 1122 hoc
637 1077 751 1122 unum
773 1053 953 1136 nesciunt,
987 1055 1084 1145 quod
1136 1051 1233 1124 tulor
1254 1050 1498 1136 foelicitatem,
1530 1052 1660 1148 quibus
1690 1056 1908 1148 benignitate
1931 1062 2058 1154 optimi
2085 1087 2124 1134 ac

94 1151 337 1229 uibilsciunt.
371 1152 489 1248 Atque
502 1153 639 1224 utinam
654 1153 827 1226 foeliciter
846 1178 906 1224 eos
922 1154 1085 1248 aliquan·
1134 1151 1385 1244 sapientissimi
1417 1150 1595 1244 Principis
1626 1157 1741 1227 nostri
1777 1152 1992 1246 Fridertei,
2015 1162 2125 1236 Ducis

95 1260 143 1327 do
159 1255 276 1350 ἑρμῆς
290 1251 312 1328 ὁ
326 1249 448 1353 λόγιος
470 1256 568 1345 virga
592 1277 653 1325 sua
677 1257 875 1326 demulceat
896 1269 937 1328 ut
962 1280 1085 1348 exper—
1135 1253 1329 1334 Saxoniae,
1362 1250 1557 1340 Electoris,
1591 1258 1739 1348 contigit
1757 1261 1861 1353 longe
1881 1265 2126 1337 saluberrimis

93 1361 244 1449 geliaut,
277 1371 319 1428 ut
340 1357 500 1449 desipere
522 1381 559 1426 se
582 1371 787 1446 agnoscant.
847 1357 894 1430 Ut
920 1381 1085 1448 evagarer
1135 1357 1285 1428 erudiri:
1310 1359 1425 1428 fontes
1439 1357 1534 1449 ipsos
1546 1359 1676 1430 artium
1692 1384 1733 1430 ex
1746 1364 1892 1455 optimis
1912 1363 2126 1440 authoribus

94 1461 259 1549 longius,
294 1460 370 1550 ipsa
396 1483 454 1528 sue
473 1459 526 1529 rei
557 1459 749 1550 indignitas
774 1461 938 1551 perpulit.
994 1457 1083 1530 Volo
1135 1455 1296 1532 haruitis.
1348 1457 1418 1529 llio
1442 1459 1603 1530 nativum
1627 1485 1667 1532 ac
1690 1463 1866 1536 sincerum
1883 1466 2126 1556 Aristotelem,

95 1562 193 1632 euim
210 1563 316 1631 fidem
333 1561 502 1632 studiosis
516 1561 663 1646 factam,
686 1561 784 1632 aliud
800 1563 979 1654 quoddam
1003 1561 1084 1634 lite·
1135 1562 1196 1630 ille
1212 1560 1479 1650 Quintilianum
1495 1556 1709 1649 Rhetoreru,
1734 1560 1793 1636 hic
1806 1565 1968 1640 Plinium
1984 1584 2125 1643 tautum

94 1689 219 1734 rarum
236 1686 348 1753 genus
364 1663 491 1734 utilius
506 1685 596 1746 esse,
623 1687 727 1756 quarn
745 1663 788 1734 sit
806 1661 1082 1756 quodCopulata
1135 1663 1348 1732 ditissimum
1373 1665 1556 1754 paedesae,
1596 1687 1636 1734 ac
1662 1665 1770 1739 veluti
1793 1673 1976 1763 quoddam
2002 1673 2126 1766 copiae

94 1766 247 1848 iactant,
273 1760 480 1858 atquehoec
495 1765 534 1834 io
549 1760 754 1837 Rhetoricis
777 1765 908 1834 nostris
929 1765 1083 1855 longius.
1135 1787 1263 1850 cornu,
1298 1765 1359 1844 illc
1381 1765 1556 1854 argutias,
1580 1767 1640 1836 scd
1665 1783 1740 1838 arte
1770 1783 1981 1864 temperatas
2009 1777 2124 1852 docet,

96 1865 198 1956 Quin
216 1867 420 1952 videamus,
446 1881 482 1936 et
497 1861 565 1936 hoc
579 1867 682 1938 facile
695 1891 740 1935 ue
753 1867 816 1952 sit,
843 1862 909 1936 hac
932 1867 1082 1936 enimse
1134 1861 1319 1937 Accedunt
1341 1867 1417 1938 siue
1439 1858 1569 1961 quibus
1592 1885 1699 1939 nem‘o
1721 1885 1836 1960 potest
1851 1877 2016 1954 cruditus
2040 1899 2124 1948 ceu-

95 1966 407 2039 commendatione
428 1969 645 2040 divendant:
679 1969 891 2063 quasivero
926 1969 1083 2060 angustis
1134 1962 1605 2048 seri,Mathematica,item
1623 1969 2015 2064 Poemata‚0ratores,
2038 2003 2125 2072 pro-

95 2073 184 2140 adeo
203 2071 335 2142 linibus
358 2083 523 2142 contenta
538 2071 651 2142 virtus
675 2093 748 2140 esse
762 2071 907 2154 debeat,
932 2085 972 2140 ut
987 2074 1081 2164 quod
1132 2070 1327 2140 sessoribus
1352 2095 1427 2162 nou
1447 2072 1661 2163 proletariis.
1712 2073 1809 2145 Haec
1829 2077 1860 2147 si
1882 2081 2123 2170 cognoveritis

94 2174 228 2266 suique
246 2173 405 2264 proclive
420 2173 466 2244 sit
480 2173 643 2262 aggredi,
670 2173 841 2242 contiuuo
857 2173 954 2242 idern
969 2167 1083 2242 bone-
1134 2195 1205 2264 quo
1229 2171 1355 2242 ordine
1376 2175 1558 2244 tractanda
1582 2176 1671 2258 siut,
1698 2192 1792 2248 certo
1813 2180 1906 2267 scio,
1931 2195 1967 2253 et
1992 2184 2124 2268 facilia,

95 2291 190 2345 stum
212 2275 271 2346 sit.
332 2272 517 2364 Quantum
550 2275 674 2346 aetatis
707 2271 984 2344 bomiuidatum
1020 2287 1082 2358 est,
1134 2286 1169 2342 et
1185 2273 1386 2344 admirandi
1403 2275 1578 2365 profectus
1593 2277 1822 2352 videbuntur.
1873 2281 2029 2355 Puerilia
2046 2300 2123 2358 stu·

94 2379 230 2446 nedum
262 2375 557 2461 adulescentiam,
608 2377 814 2462 insumunt,
853 2391 894 2446 ut
927 2373 1083 2466 Euripos
1133 2375 1192 2444 dia
1216 2397 1305 2468 quae
1329 2376 1509 2466 appellant
1529 2373 1875 2475 προγυμνᾶσματα,
1903 2383 2125 2460 Grammati-

96 2501 242 2563 omnes,
267 2479 318 2550 sic
334 2479 429 2548 enisu
445 2476 689 2548 Nazianzenus
705 2493 824 2563 vocat,
838 2475 1082 2548 Aristotelicos
1133 2501 1192 2562 ca,
1216 2474 1426 2562 Dialectica,
1451 2473 1644 2550 Rhetorica
1669 2493 1814 2556 eatenus
1835 2487 2002 2560 discenda
2024 2505 2122 2576 sunt,

95 2575 317 2660 exhauriant,
334 2579 371 2649 id
387 2581 680 2674 quodnescioau
696 2604 854 2674 unquam
870 2579 978 2650 alicui
996 2604 1081 2650 con·
1132 2599 1202 2672 qua
1225 2579 1269 2648 ad
1293 2579 1484 2650 dicendum
1506 2603 1546 2650 ac
1571 2581 1802 2656 iudicandum
1823 2587 2034 2673 instructus,
2067 2593 2121 2662 fa·
2174 2660 2181 2678 ,

94 2683 225 2771 tigerit.
285 2680 449 2752 Subinde
473 2683 569 2752 euim
591 2684 689 2776 quod
711 2677 919 2752 exhauritur
951 2683 1081 2762 influit,
1133 2680 1234 2770 stigia
1256 2681 1455 2752 studiorum
1478 2705 1551 2752 non
1568 2695 1700 2755 temere
1713 2687 1864 2762 affectes.
1917 2689 2120 2780 lungendae

93 2783 256 2856 foelicius
279 2783 316 2852 id
333 2783 478 2876 quidem
497 2809 603 2878 quam
620 2785 714 2878 quod
738 2785 783 2854 de
795 2782 999 2855 Danaidum
1015 2787 1080 2854 do·
1132 2779 1289 2852 Graecae
1304 2782 1427 2853 literae
1436 2781 1593 2870 Latinis,
1617 2801 1658 2859 ut
1677 2783 1934 2882 Philosophus,
1959 2790 2120 2867 Theolo-
2142 2865 2150 2886 ,

93 2885 151 2954 liis
166 2885 299 2964 ferunt.
337 2881 441 2956 Adde
456 2887 552 2980 quod
568 2911 649 2956 cum
663 2909 700 2955 se
716 2887 790 2956 veri
804 2887 989 2956 scientiam
1004 2910 1079 2956 me·
1130 2907 1210 2974 gos,
1236 2881 1452 2970 Historicos,
1479 2880 1667 2974 Oratores,
1692 2887 1819 2962 Poie'tos
1834 2893 2006 2981 lecturus,
2031 2921 2120 2992 qua.

94 2987 201 3056 ditari
211 2987 422 3077 gloriantur,
440 2989 632 3080 plurimum
642 2989 925 3079 operaefallaciis
935 3001 1079 3058 necten·
1129 2999 1257 3079 quate
1285 3000 1424 3072 vortas,
1456 3009 1531 3056 rem
1562 2988 1673 3078 ipsam
1697 2993 1909 3086 adaequare,
1941 3021 2017 3067 non
2037 3023 2120 3069 um-

95 3089 220 3184 disque
249 3089 344 3159 dolis
373 3090 516 3180 linguae
545 3104 697 3175 navant,
728 3103 768 3160 ut
789 3091 962 3160 festiviter
985 3091 1079 3160 ludit
1130 3087 1230 3161 brasu
1253 3111 1392 3174 rerum,
1418 3088 1515 3161 velut
1530 3086 1631 3160 lsion
1654 3116 1734 3162 cum
1751 3091 1890 3166 lunone
1911 3121 2119 3190 congressu-

95 3187 267 3262 lsocrates
299 3215 379 3261 cum
412 3193 478 3264 ait:
533 3188 580 3266 Οἱ
602 3195 888 3285 προςποιοῦνται
911 3185 983 3284 μὲν
1008 3187 1078 3285 τὴν
1129 3213 1208 3274 rus,
1241 3188 1279 3260 in
1301 3189 1434 3260 nubem
1457 3189 1593 3266 incidit.
1644 3191 1724 3264 Hoc
1738 3197 1848 3290 quasi
1869 3198 1998 3273 viatico
2021 3227 2119 3273 com·
2246 3257 2252 3270 .

97 3284 280 3384 ἀλήθειαν
295 3287 436 3385 ζητεῖν,
455 3288 572 3374 εὐθὺς
586 3288 624 3365 d'
643 3292 683 3365 ἐν
697 3291 794 3388 ἀρχῇ
808 3298 887 3367 τῶν
901 3292 1078 3392 ἐπαγγελ-
1130 3305 1269 3380 parato,
1296 3316 1359 3382 per
1372 3293 1581 3384 compendia
1595 3289 1660 3364 scal
1675 3292 1854 3390 εὐπετῶς,
1881 3313 1921 3372 ut
1938 3301 2039 3375 Plato
2056 3306 2121 3389 ait,

94 3385 227 3484 μάτων
233 3445 246 3479 ,
281 3389 408 3489 prodii
430 3391 547 3492 λέγειν
568 3393 823 3488 ἐπιχειροῦσιν.
875 3392 1013 3465 Deinde
1038 3420 1079 3466 ex
1128 3389 1396 3485 Philosophiam
1414 3395 1551 3467 accede.
1600 3393 1692 3467 Nam
1707 3398 1748 3472 s'n
1765 3423 1804 3470 ea
1819 3425 1898 3472 sum
1915 3404 2020 3496 plane
2036 3430 2118 3478 sen-

94 3509 144 3566 tot
158 3496 356 3566 factionum
371 3497 521 3566 diversis
543 3498 791 3588 opinionibus,
816 3499 874 3566 vix
891 3521 1000 3568 unam
1018 3511 1077 3568 aut
1128 3499 1257 3576 tentia,
1283 3496 1400 3588 utqui
1417 3495 1502 3566 velit
1525 3495 1663 3586 insigne
1680 3500 1835 3594 aliquid,
1859 3505 1915 3574 vel
1939 3505 1978 3576 in
1999 3510 2117 3594 sacris,

93 3597 447 3690 alteram,quaesibi
464 3599 797 3688 constet,reperias.
832 3597 958 3670 Solent
972 3600 1078 3680 euim,
1114 3599 1185 3694 'vel
1209 3599 1287 3668 loro
1313 3596 1451 3681 conari,
1486 3621 1611 3687 parum
1635 3600 1860 3688 effecturum,
1894 3607 1932 3674 ni
1955 3608 2116 3679 animum

94 3713 131 3770 ut
146 3723 189 3769 ex
207 3699 387 3770 veteribus
405 3696 599 3790 Theologis
621 3701 766 3793 quidam
788 3701 897 3792 primi
922 3701 1079 3770 nominis
1127 3711 1228 3787 antea
1255 3691 1420 3768 humanis
1436 3699 1635 3791 disciplinis
1651 3701 1717 3793 (sic
1732 3705 1826 3774 euim
1845 3702 2114 3800 Philosophiam

92 3801 200 3881 dixit,
226 3801 265 3870 in
280 3791 553 3872 omnihumano
569 3804 730 3892 dogmate
744 3803 842 3874 falsis
858 3827 959 3887 vera,
987 3803 1079 3872 veris
1127 3797 1231 3892 voco)
1246 3801 1459 3892 prudenter,
1482 3815 1517 3872 et
1532 3815 1705 3896 quantum
1723 3806 1805 3876 satis
1822 3821 1893 3894 est,
1912 3813 2114 3886 exercuerit.

90 3903 177 3972 falsa
194 3903 358 3989 misceri,
381 3899 446 3976 καὶ
460 3901 495 3976 τ’
513 3899 651 3998 ἀληθὲς
663 3906 810 3986 πολλοῖς
823 3901 1001 4002 ψεύδεσιν
1018 3903 1077 4002 ty·
1125 3900 1217 3972 Nolo
1234 3915 1350 3973 autem
1368 3897 1655 3995 philosophando
1672 3931 1874 4002 quenquam
1893 3913 2039 4004 nugari,
2065 3915 2114 3986 ita
2239 3937 2241 3946 ’

91 3997 346 4098 κρύπτεσθαι,
371 4019 413 4078 ut
435 4003 600 4101 Dionysii
627 4009 746 4078 verbis
768 4021 860 4080 utar.
914 4005 971 4077 lbi
993 4031 1076 4076 vero
1127 4004 1220 4074 euim
1237 4003 1294 4088 fit,
1320 4017 1359 4073 ut
1374 4005 1573 4076 communis
1591 4007 1694 4078 etlam
1718 4033 1841 4080 sensus
1855 4015 1998 4086 tandem
2021 4017 2115 4086 obli-

91 4120 226 4200 quanto
243 4129 324 4196 agas
347 4109 516 4200 negocio,
542 4109 672 4201 quibus
695 4110 892 4180 auditorem
908 4109 1078 4201 perfugiis
1126 4105 1269 4197 viscere.
1320 4104 1391 4176 Sed
1407 4131 1449 4175 ex
1465 4108 1610 4198 optimis
1621 4109 1756 4200 optima
1770 4113 1896 4204 selige,
1909 4139 2019 4210 eaque
2033 4143 2113 4189 cnm

91 4203 230 4294 trahas,
261 4211 348 4279 dum
365 4211 568 4281 ‘sententiae
581 4208 745 4282 Doctoris
767 4212 862 4282 inter
887 4235 923 4281 se
950 4234 1079 4280 conve·
1126 4207 1538 4289 adscientiamnatnrae‚
1559 4223 1636 4280 tum
1651 4213 1695 4281 ad
1709 4226 1823 4283 mortes
1840 4205 2046 4290 formandos
2059 4234 2113 4291 at-

91 4310 214 4396 niam,
239 4310 411 4382 nimirum
433 4326 475 4383 ut
494 4313 644 4401 candida
665 4313 793 4404 nigris:
822 4327 858 4384 at
881 4314 932 4382 nil
958 4313 1076 4414 refert,
1126 4309 1287 4380 tinentia.
1339 4307 1381 4378 lo
1407 4309 1531 4400 primis
1556 4306 1615 4384 hic
1637 4316 1841 4388 eruditione
1861 4316 1997 4390 Graeca
2020 4345 2111 4414 opus

91 4413 213 4497 cadat,
240 4435 287 4481 au
305 4427 401 4484 recto
416 4428 485 4485 stet
501 4415 622 4486 fabula
639 4416 730 4499 talo,
753 4417 860 4486 modo
886 4416 1075 4484 clamatum
1127 4424 1195 4491 cst,
1221 4435 1311 4504 quae
1328 4425 1474 4482 naturae
1487 4413 1669 4488 scientiam
1687 4417 1888 4490 universam
1908 4423 2114 4514 complecti·

92 4511 134 4584 sit
146 4512 300 4584 fortiter.
354 4513 499 4604 Quanto
516 4517 625 4587 satius
640 4531 715 4588 erat
729 4513 788 4588 hic
804 4519 861 4587 vel
877 4513 920 4589 τὸ
937 4510 1077 4608 ἐπέχειν
1126 4529 1201 4597 tur,
1233 4529 1273 4584 ut
1294 4516 1339 4582 dc
1364 4515 1525 4585 moribus
1554 4517 1712 4608 apposite
1745 4543 1785 4590 ac
1818 4522 1960 4611 copiose
1994 4525 2113 4596 dicere

91 4637 203 4686 novae
219 4613 432 4688 Academiae
453 4619 629 4712 amplecti.
681 4617 817 4694 Vereor
830 4645 875 4690 ue
890 4621 1075 4690 molestum
1125 4637 1242 4708 queas.
1302 4613 1502 4686 Plurimum
1544 4619 1664 4689 valent
1701 4615 1905 4695 Aristotelis
1945 4623 2112 4713 Moralia,

92 4717 132 4785 sir
153 4717 261 4788 vohis
282 4719 406 4790 audire
430 4735 502 4792 tarn
528 4721 728 4792 inconditas
754 4745 882 4812 nugas,
915 4721 1073 4813 alioquin
1123 4716 1234 4808 Leges
1247 4715 1423 4796 Platonis,
1445 4715 1594 4804 Pois'tae,
1611 4733 1716 4814 atque
1731 4721 1757 4791 ii
1771 4726 1948 4819 sane,qui
1965 4742 2001 4800 et
2017 4728 2112 4821 opti-

91 4819 260 4912 exemplis
280 4814 366 4892 baec
380 4825 648 4914 comprobarem
665 4849 737 4893 nou
754 4826 887 4915 paucis.
932 4821 1076 4892 luterim
1125 4821 1173 4888 mi
1200 4835 1303 4904 suut,
1338 4833 1370 4890 et
1395 4820 1433 4890 in
1450 4814 1517 4890 hoc
1530 4821 1598 4912 legi
1617 4839 1780 4910 possunt,
1805 4840 1846 4898 ut
1868 4827 2007 4900 animos
2027 4854 2111 4900 eru-

91 4923 244 5010 partium
270 4923 398 4994 studiis
423 4925 638 5012 disceditur,
672 4927 821 4997 aluntur
845 4926 949 5011 odia,
974 4921 1076 5014 friget
1125 4923 1236 4996 diant.
1287 4919 1634 4992 Homerus'Graecls
1660 4926 1740 4996 fons
1764 4927 1926 4998 omnium
1950 4931 2110 5024 discipli-

92 5017 312 5110 bumanitas,
352 5039 487 5098 etcum
519 5028 675 5107 aliteris
697 5021 790 5098 nibil
811 5029 930 5099 abesse
950 5027 1077 5096 debeat
1125 5047 1272 5107 uarsrm,
1304 5021 1483 5112 Vergilius
1504 5048 1544 5094 ac
1558 5022 1730 5102 Horatius
1744 5027 1891 5100 Latinis.
1942 5029 2109 5104 Necessa-

93 5123 229 5214 loogius
251 5151 419 5213 rancore,
446 5153 529 5200 uam
554 5131 756 5202 communia
779 5144 882 5202 erant
900 5127 1016 5200 Musis
1041 5141 1075 5197 et
1124 5126 1175 5194 ria
1201 5127 1251 5194 est
1274 5125 1488 5194 omuino‘ad
1515 5120 1605 5198 hauc
1630 5152 1704 5198 rem
1729 5125 1894 5215 historia,
1921 5135 1977 5204 cui
2000 5135 2110 5205 siau-

94 5221 226 5298 Gratiis
238 5232 423 5324 quondam
447 5253 564 5314 sacra,
588 5227 717 5302 borum
733 5233 868 5318 studia,
896 5243 1074 5328 quaecun-
1123 5228 1206 5308 sim,
1233 5249 1290 5295 sne
1312 5219 1429 5296 hercle
1445 5250 1519 5296 non
1544 5229 1678 5300 invitus
1693 5231 1758 5302 uni
1772 5235 1976 5320 contulero,
2002 5238 2110 5330 quid·

91 5343 282 5420 querunt,
314 5332 373 5403 vel
396 5333 472 5404 sola
497 5332 613 5404 nutrit
638 5333 786 5408 invidia.
844 5333 906 5407 Sic
931 5331 1075 5415 imbuti,
1124 5329 1210 5422 quid
1234 5342 1410 5400 emeretur
1439 5329 1586 5400 laudum
1618 5333 1807 5404 universus
1839 5335 1967 5406 artium
2000 5339 2109 5410 orbis.

92 5451 196 5524 quum
214 5435 262 5504 ad
277 5435 468 5523 sublimia,
493 5430 749 5532 Theologiam,
773 5435 867 5510 luris
880 5433 1075 5521 scientiam,
1125 5429 1324 5605 llaeczquid
1341 5431 1387 5502 sit
1407 5425 1616 5522 pulchrum,
1641 5433 1730 5527 quid
1753 5445 1875 5529 turpe,
1899 5439 1987 5533 quid
2009 5441 2109 5529 utile,
