4704 5826
160 288 258 370 tosa
685 273 846 358 nucu
886 275 962 356 DE
991 275 1369 354 Nnrtvirit‘ru
1400 273 1657 355 CHRISTI.
2088 283 2185 356 tuso

158 479 194 538 et
209 461 339 534 virtute
354 453 503 550 imperia
517 452 832 540 constituebantur,
857 451 953 524 mitti
970 475 1011 524 ac
1027 449 1144 522 iuvari
1194 467 1275 524 rimi
1300 452 1507 544 magnitudo
1530 453 1732 525 deterreret.
1783 447 1858 524 Vos
1878 463 1998 524 tamen
2020 451 2083 547 qui
2105 477 2185 526 eru-

157 564 348 647 divinitus,
373 572 414 630 ut
426 557 627 642 Herculem,
651 549 842 640 Achillem,
866 553 1047 638 Solonem,
1072 551 1145 648 cy·
1196 555 1333 626 ditione
1354 554 1545 640 excellitis,
1568 556 1735 628 attentius
1748 555 1972 626 considerare
1993 548 2087 626 hanc
2104 579 2186 648 par·

158 685 258 748 ritui,
281 662 523 736 Alexandrum
547 672 581 729 et
602 657 753 741 similes,
777 656 841 752 qui
863 679 986 726 omues
1008 655 1072 726 etsi
1089 655 1146 726 di·
1196 657 1342 728 ticulam
1362 657 1487 726 velini:
1526 652 1613 729 Erat
1629 681 1744 728 sermo
1767 657 1860 748 apud
1879 653 2010 732 Deum.
2061 655 2186 728 Perso-

158 769 293 840 vinitus
309 759 431 834 'ornati
447 763 592 831 luerunt
608 759 746 849 magnis
761 757 895 848 ingenii
912 758 1067 843 viribus,
1091 771 1146 828 ta-
1197 783 1263 830 nae
1279 758 1548 839 discernuntur,
1572 771 1606 829 et
1621 759 1839 852 colloquium
1853 783 1893 828 ac
1908 758 2107 830 communis
2124 761 2186 828 de-

159 893 241 942 men
263 879 400 940 tantuin
423 863 568 934 fuerunt
587 857 750 932 homines
764 859 885 932 miseri
900 859 1046 930 obnoxii
1064 881 1147 952 pec-
1198 860 1362 930 liberatio
1394 861 1527 932 aeterni
1558 861 1666 954 patris
1689 861 1922 951 significatur:
1959 857 2039 948 Qua
2061 862 2106 930 de
2127 861 2188 930 re?

159 985 237 1044 cato
252 993 293 1040 ac
304 965 426 1041 morti.
483 961 566 1036 Nou
580 988 618 1035 se
633 961 775 1034 miscuit
790 986 913 1034 eorum
927 975 1074 1032 naturae
1091 961 1148 1030 di·
1198 961 1281 1032 Nou
1298 973 1437 1034 tantum
1454 963 1497 1030 de
1513 961 1707 1048 creatione,
1733 963 1794 1032 scd
1812 963 1857 1032 de
1869 976 1993 1034 mutua
2007 961 2187 1052 agnitione

159 1071 301 1144 vinitas.
1198 1063 1308 1156 patris
1344 1075 1378 1134 et
1409 1063 1494 1148 filii,
1534 1063 1664 1134 deinde
1694 1065 1739 1134 de
1772 1063 1969 1148 creatione,
2010 1079 2186 1155 postremo

261 1223 315 1294 A,
337 1221 444 1294 „lem
464 1217 609 1314 quidem
631 1228 813 1308 “pectam
828 1213 951 1288 ludaei
970 1217 1096 1286 ducem
1114 1227 1149 1284 et
1200 1167 1360 1234 omnium
1381 1165 1534 1234 maxime
1556 1167 1602 1236 de
1624 1165 1762 1256 generis
1783 1159 1933 1234 humaui
1946 1165 2186 1256 redemptione

1200 1281 1233 1336 et
1258 1280 1400 1337 aeterna
1423 1267 1545 1338 salute.
1610 1265 1722 1337 Addit
1744 1267 1909 1358 deinceps
1933 1263 2101 1337 loannes:
2140 1261 2189 1337 Et

161 1322 509 1442 5¹¹⁵l³¹¹m¹⁰¹²mfui
530 1319 642 1438 ‘egli‘
699 1313 1071 1437 TalemMahmffl
1092 1339 1148 1437 Μ’.
1200 1359 1242 1440 td
1270 1393 1308 1449 ος
1327 1381 1401 1438 crat
1416 1365 1524 1439 Deus.
1573 1365 1642 1438 Hic
1662 1379 1810 1440 testatur
1830 1367 1943 1438 filium
1967 1390 2040 1438 esse
2061 1383 2189 1439 natura

162 1427 313 1502 sentitur
327 1419 549 1496 etChristum
565 1423 683 1504 luisse,
705 1433 811 1512 atque
829 1434 877 1490 ita
893 1444 1030 1510 semper
1045 1419 1150 1488 multi
1200 1393 1338 1550 Dglm’
1376 1483 1410 1540 et
1445 1483 1486 1540 m
1516 1467 1555 1538 in
1586 1466 1748 1562 Epistola
1779 1470 1823 1540 ad
1850 1467 2032 1542 Hebraeo,
2060 1471 2191 1540 dicim,

162 1541 365 1608 senserunt,
389 1539 429 1596 ut
442 1523 708 1602 samosatenus,
732 1519 937 1606 Nestorius,
957 1515 1151 1614 Eutyches,
1202 1563 1435 1668 ἀπαύγασμα
1464 1571 1595 1660 gloriae
1624 1585 1659 1642 e,
1685 1571 1854 1642 essentiae
1879 1569 1998 1664 panis·
2050 1569 2136 1640 Ide„
2156 1583 2190 1640 εἰ

1202 1667 1363 1744 Micheas
1377 1685 1510 1757 narrat,
1525 1695 1703 1764 egressum
1721 1695 1794 1744 esse
1810 1667 1907 1746 hunc
1922 1687 2084 1744 nostrum
2101 1673 2191 1740 libe-

1201 1787 1355 1844 ratorem
1372 1787 1455 1844 ante
1470 1774 1546 1844 dies
1560 1773 1705 1860 mundi,
1731 1771 1767 1844 id
1783 1789 1852 1860 est,
1875 1773 1984 1844 luisse
1999 1775 2112 1843 filium
2123 1771 2191 1843 Dei

1202 1875 1309 1945 etiam
1326 1889 1408 1944 aute
1421 1889 1636 1967 assumptam
1651 1869 1843 1946 humanam
1860 1888 2040 1948 naturam.
2088 1871 2191 1944 Hanc

1203 1976 1413 2048 sententiam
1429 1989 1629 2062 teneamus,
1654 1991 1689 2048 et
1697 1971 1880 2048 Christum
1893 1973 2050 2072 aMoyse
2063 1989 2097 2047 et
2113 1975 2190 2045 aliis

1202 2077 1340 2167 magnis
1360 2076 1447 2147 viris
1470 2077 1575 2167 longe
1594 2079 1853 2159 discernamus,
1878 2100 1944 2148 nec
1957 2078 2072 2148 excuti
2088 2074 2191 2146 nobis

1203 2173 1296 2248 hanc
1312 2201 1430 2248 veram
1445 2180 1656 2250 seutentiam
1671 2179 1753 2250 ullis
1772 2175 1939 2250 humanis
1956 2177 2192 2250 cavillationi·

163 1643 199 1704 et
221 1631 294 1704 alii.
345 1625 393 1698 Et
413 1621 505 1696 hauc
520 1617 787 1714 Philosophiam
808 1645 955 1712 magnos
977 1621 1150 1692 tumultus

163 1733 315 1806 excitare
329 1729 374 1822 in
394 1726 523 1796 animis
539 1725 733 1795 multorum
750 1748 845 1794 nunc
860 1749 1002 1818 quoque
1018 1737 1151 1795 metuo.

164 1833 234 1907 Sed
256 1832 308 1924 pii
329 1831 366 1899 iii
381 1826 539 1899 Ecclesia
560 1827 678 1896 sciunt
700 1827 744 1894 de
758 1823 835 1896 Deo
853 1827 903 1896 sic
919 1825 1151 1896 iudicandum

164 1959 256 2019 esse,
288 1945 328 2002 ut
350 1931 425 2022 ipse
446 1953 513 1998 uos
533 1927 605 1998 suis
627 1926 838 1998 testimoniis
861 1927 1005 1998 erudiit.
1054 1923 1152 1996 llaec

164 2037 342 2107 slfirmaut
371 2033 410 2098 iii
433 2023 577 2098 Christo
606 2051 682 2097 non
706 2042 843 2100 tantum
865 2051 937 2098 esse
959 2023 1151 2098 humanam

163 2145 340 2208 naturam,
365 2127 425 2198 sed
440 2127 546 2196 etiam
561 2126 721 2195 diviuani
737 2129 801 2198 titii
817 2129 900 2215 Dei,
925 2154 1029 2223 quem
1046 2127 1153 2199 loan-

164 2257 228 2304 nes
249 2225 362 2330 λόγον
382 2239 501 2307 vocat,
529 2227 660 2321 quique
679 2240 731 2294 est
745 2225 860 2318 imago
876 2230 1010 2301 aeterni
1031 2231 1153 2322 patris.

164 2333 338 2424 Magnum
359 2328 429 2399 fuit
440 2325 511 2400 Dei
524 2326 757 2414 beneficium,
782 2331 879 2422 quod
894 2328 1044 2423 Moysen
1057 2331 1155 2402 misit

164 2433 357 2508 Ductorem
381 2430 478 2522 legis.
529 2427 599 2499 Sed
623 2429 662 2496 in
679 2427 804 2523 Moyse
827 2443 967 2502 tantum
991 2446 1065 2500 crat
1085 2428 1155 2502 hu·

166 2559 272 2608 mana
293 2547 419 2602 natura
442 2529 596 2600 obnoxia
618 2543 758 2620 peccato
779 2543 812 2600 ct
836 2531 957 2602 morti.
1017 2527 1067 2601 At
1085 2527 1156 2600 hoc

165 2636 375 2710 beneficium
390 2633 515 2728 quanti
529 2633 732 2702 faciendum
745 2645 808 2716 est,
833 2634 929 2725 quod
938 2627 1034 2702 Deus
1043 2644 1156 2700 aeter-

166 2765 234 2811 nus
261 2739 373 2807 lilium
397 2749 621 2804 coaeternum
643 2735 836 2825 imaginem
858 2757 958 2804 suam
978 2733 1089 2804 mittit
1109 2735 1155 2801 ad
1206 2799 1302 2855 “ens
1329 2787 1425 2876 apud
1445 2785 1581 2868 Deum,
1613 2809 1678 2878 per
1704 2810 1811 2882 quem
1842 2788 1961 2856 omnia
1988 2787 2077 2854 facta
2093 2795 2193 2866 m,

166 2865 249 2925 nos,
271 2849 505 2908 assumentem
528 2831 722 2906 humanam
738 2847 919 2922 naturam,
943 2837 982 2904 in
998 2847 1155 2930 quatota
1260 2887 1268 2904 .
1908 2889 1918 2906 ⁶
2148 2885 2157 2902 .

166 2947 261 3014 lucet
275 2941 375 3012 ΒΘΗ,
398 2937 491 3008 filiu,
516 2936 730 3008 immutabili
754 2937 907 3008 foedere⁸
958 2935 1031 3018 Nec
1054 2949 1158 3026 pute·
1207 2911 1271 3004 qui
1289 2898 1324 2955 et
1339 2909 1476 2978 semper
1490 2889 1610 2956 aderat
1625 2881 1782 2957 humano
1799 2909 1939 2977 generi,
1966 2881 2061 2956 huuc
2075 2907 2193 2956 novis-

167 3069 246 3114 mus
266 3029 388 3112 ludere
403 3035 539 3119 Deum,
560 3051 621 3107 aut
641 3063 716 3107 rein
733 3051 865 3108 tantam
881 3039 1011 3107 frustra
1028 3035 1156 3106 lactem
1207 3010 1306 3056 ⁸¹¹⁰*
1336 2987 1556 3078 temp⁰r¹b¹¹⁸
1587 2989 1782 3058 mundum
1809 2988 2033 3080 praefinitum
2057 2999 2194 3077 “milus

88 3157 94 3164 ’
168 3167 254 3218 esse.
305 3137 470 3212 Etsi'nos
486 3162 560 3206 non
576 3161 761 3228 possumus
777 3133 1077 3230 comprehendere
1093 3161 1157 3230 pe·
1208 3099 1370 3178 'patre’
1394 3088 1619 3206 unitu'P,³¹¹⁰
1646 3087 1826 3206 ⁹¹³⁸¹P³lli
1851 3088 2054 3178 P³⁸³ibfl²ffl
2078 3084 2195 3209 l¹⁰¹‚¹¹¹‘

168 3248 265 3318 nitus
288 3238 379 3313 hanc
398 3237 466 3311 Dei
488 3239 797 3324 deliberationem,
821 3252 938 3309 tamen
957 3239 1047 3308 illud
1064 3251 1156 3308 certe
1208 3213 1290 3258 nem
1314 3189 1443 3260 factum
1467 3203 1572 3258 ‘'¹¹⁸¹'’
1622 3185 1823 3260 C⁰¹¹⁵l¹l¹¹l³
1847 3189 1914 3258 ¹¹³⁶
1939 3202 2113 3260 ⁸⁰¹¹l⁰¹¹l¹⁸
2138 3212 2193 3255 ¹¹¹·

1107 3341 1118 3358 .
1209 3289 1587 3378 telligamusfiliumiu
1602 3283 1797 3360 hoedicto:
1831 3285 2194 3372 Osciilamiuifillum,

168 3348 350 3418 latendum
376 3355 446 3422 est,
472 3363 538 3410 uec
557 3354 686 3411 temere
708 3365 773 3410 nec
792 3341 921 3411 frustra
940 3335 1158 3410 hancsocie-
1210 3415 1290 3462 vere
1314 3385 1517 3460 aseneum
1561 3405 1745 3462 mmmm
1767 3391 1881 3463 filium
1895 3391 1963 3464 Dei
2005 3393 2129 3462 lumen
2151 3391 2194 3460 de

169 3461 275 3518 tatem
305 3444 447 3513 divinae
476 3456 511 3514 et
541 3437 717 3512 humanae
746 3455 891 3511 naturae
917 3445 1044 3513 iactam
1074 3463 1158 3526 esse,
1191 3473 1364 3576 ΜΝΞ,
1389 3445 1661 3586 utiusy'mbolo
1679 3492 1823 3566 dicitur·
1970 3445 1982 3476 ⁹

170 3571 317 3641 eamque
342 3543 486 3616 evidens
509 3545 753 3615 testimouium
773 3567 847 3613 esse
862 3545 982 3634 magni
998 3567 1078 3634 erga
1093 3567 1158 3612 nos

170 3649 311 3721 amoris.
960 3641 962 3646 ’
1310 3639 1414 3712 Nunc
1439 3640 1574 3734 reliqua
1598 3641 1706 3710 verba
1727 3639 1859 3712 Psalmi
1883 3643 2068 3720 enarrabo.
2125 3644 2194 3718 Sed

1209 3745 1307 3836 prius
1320 3743 1446 3833 gratias
1458 3763 1600 3830 agamus
1607 3739 1682 3812 Deo
1694 3757 1837 3815 aeterno
1848 3745 2026 3814 conditori
2036 3749 2195 3818 omnium

172 3904 220 3976 sis
242 3923 305 3973 cur
326 3897 431 3969 nobis
445 3897 598 3966 donatus
614 3893 660 3962 sit
673 3893 947 3969 filiusdicemus.
1000 3891 1042 3964 lii
1059 3893 1159 3984 prin·
1210 3868 1347 3924 “nm''
1375 3867 1438 3933 ¹³¹⁰
1462 3836 1530 3912 '³⁰⁶
1551 3857 1650 3912 “¹⁰¹⁰
1671 3845 1863 3925 b⁰¹¹⁰fi⁰l⁰²
1890 3848 1986 3938 q⁰⁰d
2009 3869 2084 3916 ⁰⁰¹¹
2107 3847 2196 3920 Pro·

172 4003 265 4096 cipio
288 4013 364 4070 m,
386 3992 512 4096 mayoc,
537 3996 660 4081 idm,
686 3991 874 4083 hicfflius’
899 3995 1158 4090 quiestimago
1211 3941 1334 4036 phetas
1358 3945 1470 4025 solos,
1496 3945 1557 4013 sed
1580 3945 1812 4015 liliumsiium
1826 3946 1933 4016 misit.
1986 3946 2072 4018 Tibi
2088 3949 2196 4039 igitur

172 4104 283 4198 patris
302 4101 436 4171 aeterni
457 4097 628 4170 intuentis
649 4119 722 4168 sese
742 4113 790 4168 as·
804 4099 978 4188 gignentis
994 4093 1087 4166 hanc
1103 4095 1158 4165 sui
1210 4059 1446 4218 mmffiel's.
1462 4043 1577 4130 D²¹¹⁸’
1593 4061 1752 4166 ‚flemme
1776 4063 1884 4166 ,ΡΜ
1906 4044 2053 4142 D⁰¹¹¹¹¹¹l
2082 4051 2196 4123 ¹¹⁰⁸11'l

1268 4174 1291 4219 u
1372 4161 1466 4231 risti,
1497 4150 1661 4218 conditor
1688 4171 1850 4218 omnium
1878 4173 2017 4234 rerum,
2047 4165 2083 4222 et
2110 4178 2196 4224 con.

174 4205 380 4293 imaginem,
407 4200 464 4270 cui
479 4212 513 4268 et
527 4199 711 4268 essentiam
724 4224 822 4270 suam
837 4198 1093 4281 communicat,
1120 4210 1160 4267 iit
1546 4249 1554 4266 .
1990 4252 2000 4268 ,

1130 4289 1139 4318 i
1211 4263 1368 4320 servator
1396 4273 1475 4318 cum
1505 4247 1578 4318 filio
1604 4263 1665 4320 tuo
1686 4265 1872 4324 coaeterno
1893 4247 2049 4322 Domino
2075 4270 2196 4326 nostro

174 4309 218 4380 ad
228 4305 408 4376 Hebraeos
422 4302 562 4386 dicitur,
585 4299 717 4370 Filium
733 4324 806 4372 csse
823 4303 973 4390 effigiem
990 4313 1023 4370 ct
1037 4296 1161 4370 ἀπαυ-
1214 4346 1459 4432 [esuchristo'
1480 4363 1512 4419 ep
1521 4348 1791 4442 Spirimancpo
1806 4365 1887 4436 mo,
1912 4353 2039 4442 grafia,
2050 4355 2198 4444 agium,

102 4449 122 4510 ι’
173 4429 303 4584 §am
339 4402 508 4523 ,melfiae
545 4403 663 4494 pam
729 4400 799 4522 ch
837 4403 931 4522 filius
961 4414 1035 4472 “at
1065 4401 1160 4518 ”lud
1211 4451 1434 4546 qiiodfilium
1450 4465 1549 4522 tuum
1566 4449 1760 4523 Dominum
1783 4467 1945 4524 nostrum
1962 4452 2076 4526 lesum
2091 4453 2198 4528 Chri-

210 4533 307 4591 eum’
337 4501 639 4597 ¹¹¹q¹¹¹t1⁰³¹¹¹¹⁹l
695 4500 887 4575 D¹⁸tm⁰l¹⁰
913 4525 1080 4596 pamm
1102 4526 1160 4570 ω’
1211 4569 1304 4625 stum
1323 4555 1368 4623 ad
1392 4576 1457 4622 nos
1479 4554 1624 4634 misisti,
1650 4579 1690 4624 ac
1713 4579 1778 4646 pro
1801 4556 1906 4626 nobis
1927 4557 2107 4627 victimam
2122 4559 2197 4630 lieri

174 4614 329 4728 ‘nemin’
361 4606 433 4725 live
459 4605 507 4675 εἰς
532 4605 789 4697 interpreter&
820 4619 895 4676 ‘m
914 4605 1008 4695 ³p⁰d
1032 4601 1165 4720 Deum,
1213 4655 1376 4738 voluisti,
1407 4679 1557 4747 eumque
1581 4650 1825 4748 μεσίτηνκαὶ
1850 4653 1976 4750 ἱκέτην
2003 4682 2066 4746 pro
2095 4661 2197 4732 nobis

172 4719 1160 4798 ⁰1⁰⁸¹l³l⁰¹¹¹l⁸lprel³m¹¹²2⁸¹⁸5⁰¹¹⁰¹¹³⁵p⁰m⁰r’⁸¹v⁰
1212 4757 1443 4838 constituisti,
1479 4760 1645 4850 quodque
1668 4751 1736 4827 hoc
1759 4759 1915 4828 mirabili
1938 4761 2079 4830 foedere
2105 4763 2197 4830 diri·
2247 4778 2255 4794 '

173 4831 214 4886 ¹²²
238 4815 381 4908 quidam
406 4821 472 4883 ¹¹⁰⁹*
492 4809 600 4878 amice
623 4821 788 4927 'mint'
822 4831 936 4878 ΜΟ
959 4821 1032 4876 em
1055 4807 1161 4897 δμῶ’
1212 4854 1680 4930 nacethiimauaenaturae
1724 4884 1805 4928 cum
1821 4861 2041 4932 hliusassum
2070 4859 2154 4935 s‘th
2179 4907 2197 4920 -

174 4918 211 4986 id
232 4930 301 4998 est,
325 4915 368 4982 ad
392 4909 525 4993 Deum,
550 4923 589 4980 ut
613 4909 837 4980 usitatissime
857 4908 984 4980 Graeci
1005 4909 1161 5002 loquun-
1250 4987 1257 5002 ι
1688 4909 1698 4938 ’
1774 4962 1783 4978 .
1817 4961 1826 4978 .
2045 4885 2098 4952 9¹
2157 4888 2179 4934 Π

1212 4984 1351 5029 menam
1381 4973 1560 5044 naturam,
1601 4961 1784 5031 declarasti
1815 4975 1994 5052 ingentem
2023 4985 2103 5054 erga
2135 4989 2197 5035 uos

175 5033 249 5090 tur:
282 5010 499 5111 ‘llalllwl‘a‘
522 5007 614 5104 πρὸς
638 5007 689 5082 σέ·
746 5007 853 5097 Em·
883 5012 1020 5106 inqffl'
1046 5032 1160 5078 ’ωηο
1213 5085 1368 5132 amorem
1390 5075 1507 5131 tuum.
1558 5061 1681 5155 Teque
1702 5076 1845 5154 propter
1868 5059 1963 5134 hunc
1982 5063 2197 5136 filium‘ora-

175 5123 218 5190 ecl
236 5116 372 5194 Deum,
398 5117 473 5182 erat
490 5112 603 5199 imago
627 5113 775 5186 reddens
799 5127 934 5203 patrem
956 5127 990 5183 et
1013 5135 1161 5201 respon·
1567 5164 1575 5179 ,
1847 5165 1855 5182 ⁸
1880 5166 1888 5180 ι

176 5223 264 5290 den,
292 5213 539 5286 delibemfioni
562 5217 694 5282 ammi
722 5215 840 5304 pastis.
892 5217 1055 5304 Agnosco
1081 5235 1163 5280 sen·
1213 5187 1311 5249 mus,
1337 5177 1378 5232 iit
1394 5187 1460 5232 nos
1475 5163 1616 5233 erudias
1631 5178 1665 5234 et
1680 5187 1778 5254 regas
1793 5163 1932 5256 Spiritu
1945 5179 2066 5236 sancto
2083 5182 2155 5238 tuo.

174 5320 319 5390 tentiam
337 5309 576 5402 gravissimam
593 5313 763 5384 inclusam
779 5339 852 5384 esse
868 5309 952 5384 huie
966 5314 1067 5384 brevi
1081 5337 1162 5381 ora·
1312 5307 1385 5384 Iam
1408 5313 1517 5402 igitur
1537 5315 1582 5382 ad
1597 5311 1729 5382 Psalmi
1751 5313 1856 5384 verbo
1878 5317 1993 5390 redeo.
2047 5313 2197 5391 Oscula.

176 5416 373 5496 tiiinculae,
406 5427 441 5528 et
463 5413 626 5482 evolvere
649 5436 724 5483 eam
739 5438 921 5507 cuperem,
946 5415 1088 5483 nisime
1106 5435 1162 5482 re·
1215 5415 1303 5486 mini
1317 5415 1447 5499 lilium,
1470 5415 1599 5508 inquit.
1640 5413 1777 5485 Multae
1789 5429 1873 5487 sunt
1887 5418 1975 5487 aliae
1991 5419 2196 5515 descriptio·

1205 2281 1272 2350 biis
1305 2281 1473 2352 sinamus.
1524 2275 1733 2352 Muniamus
1761 2303 1828 2350 nos
1855 2280 1958 2352 etiam
1980 2277 2193 2351 testimoniis

1205 2381 1332 2451 veteris
1344 2377 1541 2466 Ecclesiae,
1565 2405 1657 2474 quae
1672 2384 1864 2455 ostendunt
1880 2377 1972 2451 hanc
1984 2382 2096 2472 ipsam
2113 2403 2192 2450 sen-

1205 2482 1353 2554 teutiam
1374 2485 1419 2552 ab
1434 2475 1616 2574 Apostolis
1633 2484 1801 2554 traditam
1814 2505 1901 2554 esse.
1951 2479 2012 2554 Sic
2027 2482 2192 2552 irenaeus

1205 2583 1302 2653 testis
1334 2583 1561 2672 gravissimus
1596 2583 1716 2678 inquit
1754 2581 1841 2676 Cap.
1866 2584 1928 2656 20.
1964 2583 2050 2652 libri
2079 2581 2191 2652 tertii:

1207 2679 1361 2754 Osteoso
1385 2683 1588 2769 manifeste,
1619 2688 1716 2779 quod
1736 2686 1774 2754 iu
1796 2685 1971 2780 principio
1990 2677 2099 2784 λόγος
2120 2681 2192 2752 exi·

274 3797 328 3870 Ac
354 3796 452 3889 prius
473 3795 580 3865 verba
598 3794 854 3883 expendamus,
878 3807 997 3885 postea
1014 3794 1059 3862 de
1073 3815 1159 3861 cau-
