4614 5820
60 251 127 330 ⁵21
538 245 697 326 DECL.
732 245 807 324 DE
839 231 1239 326 IMPERATORE
1268 242 1523 337 OOETONE
1555 251 1585 332 Ι.
2004 263 2080 346 522

60 419 216 506 tibcibus,
239 416 394 490 dominis
407 417 560 506 iniustis,
584 423 842 494 transferantur
855 421 901 494 ad
916 419 1035 514 Impe-
1087 416 1224 488 etiami
1240 441 1314 490 non
1328 418 1484 510 lesslfflls
1509 437 1552 496 ul
1568 425 1717 516 legeret,
1740 455 1885 506 monere
1908 449 2024 511 tamen
2043 454 2076 540 et
2119 493 2121 498 .

60 535 190 602 ratores,
213 521 260 590 ad
276 544 365 613 quos
380 519 642 612 pertinuerunt.
688 520 920 617 Nequaquam
937 525 1034 594 enim
1087 519 1142 588 lex
1159 533 1306 590 naturae
1326 521 1443 612 ipsum
1459 527 1646 616 potuisset,
1670 535 1714 602 ad
1731 557 1835 626 quam
1851 560 1925 608 nou
1940 540 2077 624 doctus,

59 621 284 696 arbitrabatur
306 615 375 692 hoc
396 635 534 694 tanturn
559 623 669 694 totius
690 619 898 696 Occidentis
922 623 1036 716 impe-
1087 621 1148 690 sed
1166 621 1278 692 faciut
1302 637 1394 707 erat,
1430 639 1471 698 ul
1496 630 1675 702 custodem
1700 655 1737 704 ee
1764 636 1978 728 intelligeret
2001 666 2077 712 non
2124 666 2128 682 ·

58 725 140 794 rium
163 723 327 794 civilibus
350 720 616 819 Magistratibus
642 748 663 794 a
685 723 917 798 Pontificibus
944 727 1036 818 eripi
1088 721 1224 792 veniris
1248 747 1336 808 esse,
1361 739 1423 796 eut
1444 725 1675 818 imperiorum
1690 748 1848 823 tantum,
1873 742 1933 810 sed
1951 737 2075 812 Eccle-

59 825 185 895 debere.
235 821 319 894 Non
333 826 468 917 respuit
485 826 724 896 conditionem
737 823 915 914 Pontifex,
936 830 1034 922 quod
1087 822 1158 894 siae
1173 824 1293 894 etiam:
1320 827 1377 896 cui
1394 830 1549 917 profecto
1559 855 1719 922 maguam
1730 839 1902 928 praestitit
1918 865 2073 940 operam,

57 925 293 1010 arbitraretur,
316 927 627 1016 seprobeneliciis
644 925 877 1017 Imperatoris,
904 931 1035 1036 quibus
1086 925 1183 1016 quod
1207 926 1317 994 vitam
1346 925 1528 1002 Pontificis
1556 934 1678 1024 impii,
1709 940 1870 1010 omnium
1903 944 2074 1014 scelerum

42 1027 95 1096 'ab
114 1050 152 1094 eo
174 1038 266 1096 esset
287 1040 451 1112 ornatus,
475 1028 670 1118 plurimum
695 1027 903 1122 Imperatori
925 1031 1035 1120 grati·
1086 1026 1245 1116 plenam,
1280 1032 1537 1102 emendandam
1559 1035 1628 1104 sibi
1652 1062 1693 1110 eo
1720 1053 1876 1133 tempore
1904 1047 2075 1132 statuerit,

55 1129 227 1198 beatorum
244 1183 245 1186 ,
262 1151 336 1198 esse
365 1127 406 1198 in
438 1129 563 1216 rebus,
602 1153 750 1222 quarum
785 1154 821 1200 se
846 1133 1033 1202 domiuum
1085 1151 1157 1218 quo
1190 1129 1346 1218 primum
1379 1133 1425 1200 ab
1452 1131 1729 1227 Imperatoribus
1753 1145 1798 1210 ad
1825 1139 2074 1218 Occidentales

56 1223 318 1321 haudquaquam
348 1228 426 1300 iure
453 1231 531 1300 fore
564 1231 788 1306 existimavit,
856 1231 1034 1306 Permittit
1085 1229 1621 1318 populosdoctrinadeChristo
1638 1241 1936 1319 fuerittranslata.
1962 1246 2073 1320 Multi

12 1377 14 1386 ι
56 1330 151 1418 igitur
165 1323 230 1400 has
243 1330 452 1400 donationes
467 1329 692 1404 Constantini
709 1327 856 1406 Ottonis
871 1335 1033 1426 potestati

56 1428 224 1514 Pontifex,
257 1432 511 1524 confirmatque
535 1433 649 1504 literis
672 1436 833 1505 omnium
856 1433 1033 1507 Cardiua·

55 1529 132 1600 lium
145 1553 320 1602 consensu
335 1534 556 1624 approbatis,
583 1548 696 1606 totum
715 1531 946 1608 Occidentem
963 1539 1032 1606 im-

56 1632 140 1722 perio
154 1627 321 1718 Ottouis,
348 1649 639 1729 posterorumque
663 1637 756 1718 eius,
783 1639 862 1710 iure
883 1639 1032 1712 obsecu-

56 1746 182 1828 tumm,
208 1748 245 1805 et
271 1758 494 1830 nequaqnam
510 1735 735 1808 Pontificum.
786 1736 942 1837 Addidit
964 1735 1032 1812 hoe

44 1850 195 1926 quoque:
222 1833 408 1905 Summam
423 1837 646 1908 autoritatem
664 1839 702 1908 in
721 1840 891 1912 electione
906 1839 1032 1912 Ponti·

56 1935 116 2002 ficis
137 1937 265 2004 debere
288 1933 515 2028 Imperatoris
537 1962 631 2024 esse,
662 1963 737 2008 non
759 1937 1032 2034 Episcoporum,

56 2038 136 2126 quod
151 2037 287 2108 videret
312 2039 438 2128 vulgus
462 2034 681 2110 Clericorum
703 2044 1031 2138 propinquitatibus

56 2148 83 2204 et
100 2137 307 2208 utilitatibus
323 2138 361 2208 in
377 2141 603 2211 decernendo
615 2139 787 2214 Pontifice
801 2146 937 2216 moveri
954 2169 1031 2216 ma·

56 2237 114 2324 gis,
137 2263 241 2332 quam
261 2239 421 2310 doctriua
440 2254 476 2312 et
491 2241 708 2312 innocentia.

139 2368 225 2442 Otto
241 2393 328 2440 vero
352 2369 407 2441 his
428 2375 534 2446 rebus
557 2377 745 2458 confectis,
770 2379 918 2473 reliquis
935 2382 1030 2450 dsto-

57 2472 152 2541 decim
168 2473 274 2541 aunis
292 2473 434 2564 imperii
449 2477 503 2543 sui
522 2476 572 2544 sic
588 2477 799 2567 Magistratu
817 2476 885 2550 hoc
900 2483 1030 2552 defun·

57 2585 116 2642 ctus
131 2588 198 2657 est,
223 2587 266 2643 ut
284 2575 483 2665 exemplum
505 2577 658 2646 fortibus
675 2595 709 2652 et
732 2582 835 2650 bonis
851 2579 1030 2674 Principi-

55 2672 108 2740 bus
124 2675 365 2744 defendendae
385 2675 569 2764 religionis
592 2681 769 2768 egregium
794 2685 1029 2772 proposuerit,

57 2777 149 2863 qnod,
169 2775 252 2868 quia
271 2775 423 2846 accrevit
443 2779 558 2847 oratio
581 2782 691 2870 magis
708 2805 815 2874 quam
832 2784 948 2869 volui,
971 2785 1028 2855 lu-

55 2872 141 2960 bens,
164 2889 358 2966 praetereo.

137 3005 338 3080 Alexander
362 3007 516 3102 Magnus
546 3008 643 3086 hunc
665 3041 806 3090 versum
831 3017 926 3094 iuter
948 3019 1027 3093 Ho-

54 3110 179 3182 mericos
192 3111 346 3182 maxime
362 3113 493 3185 dicitur
508 3118 692 3206 probasse:

70 3219 245 3311 Ἀμφότερον
258 3221 407 3307 βασιλεύς
427 3223 455 3292 τ’
475 3223 601 3313 dyo-‘ide
621 3225 769 3316 πρότερος
789 3229 817 3298 τ’
840 3202 1017 3322 αἰχμητὴς.Ι

1086 1328 1181 1398 enim
1205 1354 1246 1399 ex
1262 1307 1434 1404 Vandalis
1458 1352 1493 1410 et
1513 1335 1677 1432 Cymhris
1697 1341 1778 1439 (qui
1800 1371 1819 1416 a
1843 1345 1971 1420 Carolo
1989 1349 2072 1420 Ma-

1084 1454 1154 1519 gno
1168 1431 1279 1502 coacti
1295 1436 1509 1524 baptismum
1525 1441 1750 1540 acceperant)
1766 1472 1784 1516 a
1802 1444 2001 1520 Christiana
2016 1475 2074 1520 re-

1084 1533 1216 1622 ligione
1241 1535 1286 1604 ad
1315 1533 1414 1610 Idola
1451 1539 1670 1626 defecerant,
1710 1571 1798 1640 quos
1829 1548 2005 1622 Henricus
2038 1567 2072 1626 et

1084 1630 1173 1704 Otto
1189 1633 1324 1724 primus
1342 1662 1416 1708 non
1431 1639 1508 1712 sine
1520 1667 1646 1735 magno
1667 1650 1812 1738 negocio
1834 1652 2000 1742 leguntur
2016 1679 2073 1724 re·

1083 1735 1241 1808 traxisse.
1275 1735 1411 1829 Quare,
1437 1742 1467 1810 si
1482 1746 1527 1813 de
1540 1749 1693 1818 amentia
1708 1747 1889 1824 Pontificis
1903 1750 1969 1824 hae
1985 1778 2073 1844 geu·

1085 1849 1135 1904 tes
1157 1839 1421 1928 cognovissent,
1451 1847 1616 1934 perfacile
1641 1852 1807 1922 omnihus
1832 1849 1888 1924 his
1912 1869 1983 1927 tota
2005 1859 2071 1928 do·

1083 1937 1194 2008 ctrina
1210 1941 1255 2007 de
1276 1955 1388 2012 morte
1412 1959 1446 2016 et
1467 1953 1724 2022 resurrectione
1739 1953 1803 2022 lilii
1819 1953 1884 2026 Dei
1902 1957 1939 2026 in
1956 1961 2071 2050 suspi-

1082 2038 1218 2108 cionem
1230 2042 1396 2115 venisset:
1419 2047 1481 2140 qui
1495 2050 1588 2118 euim
1606 2052 1675 2122 iarn
1691 2068 1772 2126 aute
1787 2057 1933 2128 inimico
1949 2061 2069 2132 auimo

1082 2141 1120 2208 in
1136 2135 1358 2214 Christianos
1374 2146 1531 2236 fueraut,
1556 2152 1658 2222 facile
1672 2156 1717 2226 ab
1738 2157 1899 2236 instituto
1915 2156 1971 2230 his
1990 2176 2070 2234 tan-

1082 2241 1127 2310 tis
1148 2239 1362 2314 Pontificum
1383 2249 1573 2322 sceleribus
1595 2257 1755 2326 deterriti
1773 2260 1942 2346 fuissent,
1978 2288 2069 2356 quae

1082 2356 1174 2414 certe
1194 2344 1297 2414 abiis
1320 2348 1445 2430 etiam,
1468 2353 1532 2444 qui
1553 2356 1596 2424 de
1613 2351 1755 2428 Christo
1777 2357 1870 2430 nihil
1893 2387 2068 2453 cognove-

1082 2457 1181 2528 rant,
1218 2445 1256 2514 in
1288 2449 1501 2540 turpissimis
1532 2457 1640 2526 rebus
1668 2451 1793 2530 haberi
1825 2487 1962 2540 necesse
1988 2467 2070 2540 fuit·

1082 2542 1189 2632 Quod
1203 2543 1367 2620 Pontifex
1384 2551 1510 2636 etiam,
1546 2557 1609 2650 qui
1634 2560 1740 2631 totins
1755 2559 1931 2636 Ecclesiae
1953 2582 2071 2657 caput,

1081 2659 1115 2714 et
1135 2641 1269 2720 Christi
1290 2651 1442 2722 vicarius
1465 2678 1538 2726 esse
1561 2659 1655 2753 vult,
1689 2685 1827 2736 summa
1848 2667 1940 2741 vitae
1962 2671 2069 2739 inno-

1080 2747 1194 2817 centia
1211 2771 1329 2820 coram
1345 2756 1480 2826 mundo
1499 2757 1615 2828 lucere
1631 2759 1810 2852 debuerit,
1835 2769 1959 2840 eodem
1982 2770 2068 2860 ipsis

1080 2848 1315 2938 pertinuisset.
1354 2851 1464 2926 Multi
1476 2857 1581 2928 etiam
1596 2857 1777 2953 Epicurei,
1802 2893 1954 2962 quorum
1971 2868 2068 2942 Deus

1078 2960 1201 3018 venter
1215 2963 1307 3038 erat,
1330 2965 1428 3026 tauta
1445 2957 1536 3032 vitae
1557 2961 1719 3036 libertate
1733 2967 1772 3038 in
1788 2991 1926 3042 summo
1940 2969 2071 3044 Ponti.

1077 3049 1141 3120 fiee
1158 3049 1339 3135 delectati,
1364 3055 1467 3128 facile
1487 3083 1524 3132 se
1543 3061 1582 3132 in
1601 3089 1676 3134 eam
1692 3073 1985 3144 consuetudinem
2002 3077 2068 3148 ad-

1077 3150 1275 3240 duxissent,
1304 3169 1344 3226 ut
1367 3159 1469 3230 nullo
1490 3163 1624 3250 officio,
1657 3181 1718 3240 aut
1738 3171 1924 3264 disciplina
1949 3197 2067 3248 assue-

1076 3252 1176 3337 facti,
1217 3251 1387 3346 Epicurei
1416 3265 1596 3353 crapulas,
1635 3271 1809 3344 adulteria
1843 3275 1883 3346 in
1915 3279 2066 3368 peccatis

133 3329 204 3397 Dux
218 3337 319 3398 bonus
335 3357 369 3398 ss
383 3341 471 3401 miles
483 3343 673 3422 praepollens
690 3344 804 3406 vnibm
821 3345 911 3410 idem.
1076 3345 1351 3449 haudquaquam
1374 3382 1627 3444 numerassent.
1679 3370 1796 3444 Taceo
1818 3376 1930 3460 furta,
1954 3380 2065 3453 latro-

55 3439 246 3538 Quauquam
278 3469 358 3520 mea
377 3447 522 3542 quidem
552 3451 726 3522 sententia
749 3476 825 3522 non
855 3477 1024 3546 magnum
1075 3453 1186 3540 cinis,
1211 3457 1351 3551 aliaque
1374 3461 1562 3537 innumera
1581 3471 1731 3558 scelera,
1764 3501 1855 3568 quae
1876 3481 1996 3551 eadem
2019 3483 2065 3550 de

53 3535 160 3616 habeat
190 3563 411 3622 momentum
446 3548 486 3618 iu
512 3547 679 3643 Principe
711 3554 870 3645 corporis
899 3557 1023 3642 robur,
1075 3577 1178 3626 causa
1199 3557 1336 3628 nullam
1358 3565 1453 3652 apud
1474 3565 1569 3656 ipsos
1592 3570 1774 3644 infamiam
1796 3571 1960 3651 habitura
1976 3581 2065 3652 suis-

12 3721 16 3728 ·
54 3642 357 3732 plurimumautem
373 3649 576 3738 consilium,
602 3651 752 3738 iusticia,
773 3655 930 3728 studium
945 3657 1022 3748 pie-
1073 3669 1164 3732 sent.
1214 3655 1258 3728 ln
1283 3658 1454 3736 Pontifices
1476 3667 1572 3738 enim
1593 3673 1710 3744 omnis
1734 3676 1903 3750 facinoris
1917 3683 2065 3755 cuilibet

54 3746 137 3832 tatis,
164 3748 439 3844 illustrandique
463 3753 620 3822 nominis
642 3753 780 3840 divini,
810 3781 898 3850 quas
920 3759 1023 3852 equi-
1073 3758 1196 3832 fuisset
1209 3763 1429 3854 exemplum,
1453 3781 1488 3842 et
1502 3770 1548 3842 ab
1564 3773 1686 3844 eodem
1707 3780 1870 3850 omnium
1891 3785 2063 3854 scelerum

52 3843 116 3914 dem
129 3849 274 3920 virtutes
289 3853 334 3920 de
348 3845 485 3924 Ottone
502 3854 617 3944 primo
640 3856 718 3928 iure
734 3857 896 3930 existimo
918 3884 1023 3952 prae·
1073 3857 1178 3950 impii
1214 3855 1377 3936 homines
1418 3871 1647 3960 sumpsissent
1679 3878 1750 3950 sibi
1793 3885 2063 3959 excusationem.

54 3946 145 4018 dicari
166 3973 279 4042 posse.
331 3947 509 4026 Ecclesiae
531 3957 688 4046 profecto
710 3955 816 4054 (nam
839 3983 915 4032 eam
933 3985 1022 4048 rem,
1072 3957 1230 4050 Tantum
1249 3967 1406 4056 profecto
1434 3972 1546 4044 scelus
1569 3991 1646 4048 erat
1670 3978 1744 4050 labi
1766 3979 1993 4072 Pontificem,
2021 3987 2061 4056 iu

53 4059 85 4118 ut
95 4047 226 4122 brevior
238 4052 320 4138 sim,
346 4047 414 4124 hoc
427 4055 505 4126 loco
520 4057 657 4147 explico
671 4055 808 4157 solum)
819 4061 1021 4154 quodPon-
1071 4086 1143 4155 quo
1157 4068 1327 4156 peccandi
1342 4092 1481 4144 cauum
1496 4077 1632 4146 nemini
1647 4091 1722 4150 tum
1739 4105 1812 4154 esse
1828 4088 1998 4176 oportuit.
2042 4167 2047 4175 ,

54 4147 161 4222 tibcem
189 4155 412 4248 represserit,
444 4154 591 4250 eiusque
616 4160 786 4233 minuerit
812 4165 1019 4254 potentiam,

53 4270 189 4340 maguam
203 4279 348 4348 operam
364 4253 615 4330 navavitOtto.
640 4257 744 4332 Prius
757 4277 886 4350 autem,
905 4290 1019 4359 quan·
1172 4262 1325 4339 illustris
1340 4284 1392 4344 est
1409 4275 1580 4348 memoria
1595 4275 1840 4372 Constantini,
1864 4294 1960 4383 qnod
1987 4293 2061 4364 ius—

54 4359 170 4440 lopere,
189 4381 268 4427 cum
291 4355 497 4430 Pontificem
512 4362 721 4452 deponeret,
746 4360 939 4436 Ecclesiam
961 4367 1019 4438 iu·
1070 4365 1153 4436 serit
1166 4367 1283 4440 clauffi
1296 4369 1475 4446 idolorum
1491 4381 1632 4470 templa,
1654 4381 1877 4473 prohibuerit
1891 4395 2060 4467 sacrificia

54 4453 136 4539 verit,
157 4460 354 4531 ostendam:
381 4474 501 4550 postea
514 4463 559 4532 de
574 4457 829 4536 donationibus
850 4467 1018 4560 imperio-
1067 4461 1324 4560 Ethuicorum,
1357 4474 1500 4574 iusserit
1519 4482 1662 4570 publice
1677 4487 1796 4560 doceri
1810 4487 2060 4584 Evangelium,

53 4571 117 4624 rum
135 4556 284 4632 breviter
302 4560 471 4632 dicturus.
522 4559 637 4636 Erant
660 4567 769 4656 igitur
790 4563 920 4647 Ottorti
942 4595 1017 4642 non
1067 4569 1206 4642 dederit
1218 4572 1394 4665 stipendia
1402 4579 1619 4670 doctoribus,
1632 4587 1786 4684 denique
1797 4617 1961 4684 magnam
1976 4622 2058 4688 par·

55 4661 170 4728 tautum
195 4661 417 4750 gravissimae
446 4687 571 4736 causae
592 4663 744 4738 Romam
770 4671 1016 4759 proficiscendi
1067 4683 1138 4740 tem
1167 4675 1295 4746 veteris
1318 4677 1453 4776 formae
1478 4680 1517 4752 in
1542 4683 1692 4777 imperio
1714 4688 1883 4766 Romano.
1912 4713 2058 4789 propter

54 4749 268 4850 inPontifrce,
287 4765 384 4860 quod
407 4757 529 4838 helluo
550 4781 657 4850 esset,
677 4785 868 4854 scortator,
894 4774 1016 4872 periu-
1066 4767 1300 4864 Evangelium
1321 4783 1529 4870 mutaverit,
1553 4810 1634 4860 cum
1655 4793 1780 4864 acerbe
1795 4791 1912 4868 adhuc
1925 4800 2057 4872 odisset

54 4874 115 4942 m,
144 4859 383 4956 blasphemus,
414 4890 537 4940 verum
554 4871 749 4950 adiuvabat
781 4867 876 4944 haud
905 4875 1016 4947 dubie
1065 4897 1196 4974 nomen
1220 4872 1355 4952 Christi
1383 4883 1536 4958 maxime
1566 4913 1648 4980 pars
1673 4892 1824 4984 imperii.
1885 4897 2056 4990 Magnam

55 4949 127 5028 idern
146 4967 328 5038 consilium
349 4967 379 5038 is
398 4967 523 5054 etiam,
548 4995 619 5064 quo
636 4973 867 5063 fungebatur,
893 4975 1013 5066 Magi·
1064 4989 1243 5065 praeterea
1260 4984 1354 5071 apud
1373 5009 1498 5056 omnes
1513 5010 1649 5083 semper
1668 4987 1795 5068 hahuit
1809 4998 1951 5084 virtutis
1974 5003 2055 5100 opi-

55 5067 175 5152 stratus,
205 5068 268 5162 qui
289 5073 497 5140 mandatum
517 5065 668 5146 inhebae
697 5075 1012 5150 communicandae
1063 5077 1208 5148 uionem
1228 5077 1376 5154 Carolus
1400 5085 1575 5179 Magnus,
1611 5097 1708 5186 quod
1739 5098 1885 5188 triginta
1915 5101 2063 5188 circiter,

55 5156 225 5252 doctrinae,
248 5167 415 5243 abolendi
437 5171 565 5264 impios
585 5176 717 5257 cultus,
742 5178 928 5248 auferendi
945 5202 1012 5250 au·-
1061 5179 1166 5248 aunis
1178 5183 1384 5268 gravissimo
1401 5189 1495 5260 bello
1511 5209 1713 5284 persecutus
1726 5199 1773 5272 sit
1787 5197 1955 5293 Saxones,
1977 5201 2053 5276 Da·

56 5269 127 5334 tores
140 5271 390 5358 scandalorum,
416 5286 449 5344 et
463 5274 614 5344 maxime
629 5279 777 5367 cogendi
795 5279 833 5348 iu
846 5281 1009 5352 ordinem
1061 5304 1143 5365 nos,
1164 5281 1363 5371 Vandalus,
1396 5291 1602 5385 priusquam
1623 5319 1746 5388 cogere
1771 5323 1831 5372 eos
1852 5306 1898 5376 ad
1917 5331 2051 5403 appro-

55 5353 211 5446 Pontifices
241 5375 458 5448 discedentes
491 5375 537 5450 ab
568 5377 703 5464 officio,
740 5382 838 5475 quod
864 5383 1007 5477 quidem
1059 5383 1213 5454 handam
1227 5387 1425 5462 doctrinam
1444 5395 1487 5466 de
1503 5389 1649 5498 Christo
1664 5403 1831 5491 potuerit,
