<?xml version="1.0" encoding="UTF-8"?>
<!DOCTYPE html PUBLIC "-//W3C//DTD XHTML 1.0 Transitional//EN"
    "http://www.w3.org/TR/xhtml1/DTD/xhtml1-transitional.dtd">
<html xmlns="http://www.w3.org/1999/xhtml" xml:lang="en" lang="en">
 <head>
  <title>
</title>
<meta http-equiv="Content-Type" content="text/html;charset=utf-8" />
  <meta name='ocr-system' content='tesseract 3.04.00' />
  <meta name='ocr-capabilities' content='ocr_page ocr_carea ocr_par ocr_line ocrx_word'/>
</head>
<body>
  <div class='ocr_page' id='page_1' title='image "./corpusreformato23melagoog/corpusreformato23melagoog_0337.png"; bbox 0 0 4614 5820; ppageno 0'>
   <div class='ocr_carea' id='block_1_1' title="bbox 226 257 2251 370">
    <p class='ocr_par' dir='ltr' id='par_1_1' title="bbox 226 257 2251 370">
     <span class='ocr_line' id='line_1_1' title="bbox 226 257 2251 370; baseline 0.015 -49"><span class='ocrx_word' id='word_1_1' title='bbox 226 270 304 348; x_wconf 62' lang='lat'><strong>,51</strong></span> <span class='ocrx_word' id='word_1_2' title='bbox 898 257 1058 339; x_wconf 81' lang='lat' dir='ltr'><strong>nucu.</strong></span> <span class='ocrx_word' id='word_1_3' title='bbox 1090 260 1168 338; x_wconf 84' lang='lat' dir='ltr'><strong>nn</strong></span> <span class='ocrx_word' id='word_1_4' title='bbox 1199 259 1593 370; x_wconf 75' lang='lat' dir='ltr'><strong>Antssrornou</strong></span> <span class='ocrx_word' id='word_1_5' title='bbox 2184 273 2251 352; x_wconf 81' lang='lat' dir='ltr'><strong>sse</strong></span> 
     </span>
    </p>
   </div>
   <div class='ocr_carea' id='block_1_2' title="bbox 94 427 2257 1144">
    <p class='ocr_par' dir='ltr' id='par_1_2' title="bbox 94 427 2252 532">
     <span class='ocr_line' id='line_1_2' title="bbox 94 427 2252 532; baseline -0.001 -12"><span class='ocrx_word' id='word_1_6' title='bbox 94 506 97 522; x_wconf 90' lang='lat'><em>.</em></span> <span class='ocrx_word' id='word_1_7' title='bbox 227 445 429 520; x_wconf 83' lang='lat' dir='ltr'><strong>dedicasse:</strong></span> <span class='ocrx_word' id='word_1_8' title='bbox 455 436 520 510; x_wconf 89' lang='lat' dir='ltr'><strong>&#39;cui</strong></span> <span class='ocrx_word' id='word_1_9' title='bbox 538 436 756 530; x_wconf 83' lang='lat' dir='ltr'><strong>epigramma</strong></span> <span class='ocrx_word' id='word_1_10' title='bbox 773 427 1005 526; x_wconf 85' lang='lat' dir='ltr'><strong>quododhue</strong></span> <span class='ocrx_word' id='word_1_11' title='bbox 1020 447 1133 521; x_wconf 79' lang='lat' dir='ltr'><strong>extat,</strong></span> <span class='ocrx_word' id='word_1_12' title='bbox 1163 437 1221 506; x_wconf 88' lang='lat' dir='ltr'><strong>iu·</strong></span> <span class='ocrx_word' id='word_1_13' title='bbox 1272 437 1399 530; x_wconf 91' lang='lat' dir='ltr'><strong>probet</strong></span> <span class='ocrx_word' id='word_1_14' title='bbox 1424 436 1593 522; x_wconf 85' lang='lat' dir='ltr'><strong>maxime,</strong></span> <span class='ocrx_word' id='word_1_15' title='bbox 1631 435 1715 510; x_wconf 88' lang='lat' dir='ltr'><strong>satis</strong></span> <span class='ocrx_word' id='word_1_16' title='bbox 1746 454 1865 532; x_wconf 87' lang='lat' dir='ltr'><strong>aperte</strong></span> <span class='ocrx_word' id='word_1_17' title='bbox 1894 443 2059 520; x_wconf 76' lang='lat' dir='ltr'><strong>ostendit.</strong></span> <span class='ocrx_word' id='word_1_18' title='bbox 2123 439 2174 516; x_wconf 91' lang='lat' dir='ltr'><strong>At</strong></span> <span class='ocrx_word' id='word_1_19' title='bbox 2200 441 2252 517; x_wconf 90' lang='lat' dir='ltr'><strong>bic</strong></span> 
     </span>
    </p>

    <p class='ocr_par' dir='ltr' id='par_1_3' title="bbox 234 531 2254 636">
     <span class='ocr_line' id='line_1_3' title="bbox 234 531 2254 636; baseline -0.001 -17"><span class='ocrx_word' id='word_1_20' title='bbox 234 545 392 634; x_wconf 77' lang='lat' dir='ltr'>scripsit,</span> <span class='ocrx_word' id='word_1_21' title='bbox 421 541 464 610; x_wconf 80' lang='lat' dir='ltr'><strong>&#39;in</strong></span> <span class='ocrx_word' id='word_1_22' title='bbox 480 563 551 633; x_wconf 93' lang='lat' dir='ltr'><strong>quo</strong></span> <span class='ocrx_word' id='word_1_23' title='bbox 565 561 640 608; x_wconf 91' lang='lat' dir='ltr'><strong>non</strong></span> <span class='ocrx_word' id='word_1_24' title='bbox 658 534 1031 606; x_wconf 88' lang='lat' dir='ltr'><strong>solumtestiruonium</strong></span> <span class='ocrx_word' id='word_1_25' title='bbox 1048 531 1222 608; x_wconf 88' lang='lat' dir='ltr'><strong>honorili-</strong></span> <span class='ocrx_word' id='word_1_26' title='bbox 1273 553 1394 610; x_wconf 90' lang='lat' dir='ltr'><strong>noster</strong></span> <span class='ocrx_word' id='word_1_27' title='bbox 1415 533 1624 608; x_wconf 82' lang='lat' dir='ltr'><strong>methodum</strong></span> <span class='ocrx_word' id='word_1_28' title='bbox 1647 539 1753 612; x_wconf 88' lang='lat' dir='ltr'><strong>uobis</strong></span> <span class='ocrx_word' id='word_1_29' title='bbox 1778 542 1965 629; x_wconf 85' lang='lat' dir='ltr'><strong>informet,</strong></span> <span class='ocrx_word' id='word_1_30' title='bbox 1996 559 2037 616; x_wconf 91' lang='lat' dir='ltr'><strong>ut</strong></span> <span class='ocrx_word' id='word_1_31' title='bbox 2060 559 2179 636; x_wconf 84' lang='lat' dir='ltr'><strong>postea</strong></span> <span class='ocrx_word' id='word_1_32' title='bbox 2203 549 2254 616; x_wconf 93' lang='lat' dir='ltr'><strong>di-</strong></span> 
     </span>
    </p>

    <p class='ocr_par' dir='ltr' id='par_1_4' title="bbox 230 633 2255 815">
     <span class='ocr_line' id='line_1_4' title="bbox 230 633 2255 732; baseline -0.001 -12"><span class='ocrx_word' id='word_1_33' title='bbox 230 635 336 728; x_wconf 85' lang='lat' dir='ltr'><strong>cum,</strong></span> <span class='ocrx_word' id='word_1_34' title='bbox 361 641 542 714; x_wconf 78' lang='lat' dir='ltr'><strong>sedetiam</strong></span> <span class='ocrx_word' id='word_1_35' title='bbox 557 635 766 708; x_wconf 83' lang='lat' dir='ltr'><strong>vaticinium</strong></span> <span class='ocrx_word' id='word_1_36' title='bbox 783 633 1003 706; x_wconf 70' lang='lat' dir='ltr'><strong>continetur:</strong></span> <span class='ocrx_word' id='word_1_37' title='bbox 1274 665 1368 724; x_wconf 92' lang='lat' dir='ltr'><strong>cam,</strong></span> <span class='ocrx_word' id='word_1_38' title='bbox 1392 639 1618 712; x_wconf 68' lang='lat' dir='ltr'><strong>utilissimam</strong></span> <span class='ocrx_word' id='word_1_39' title='bbox 1634 642 1680 712; x_wconf 89' lang='lat' dir='ltr'><strong>ad</strong></span> <span class='ocrx_word' id='word_1_40' title='bbox 1702 645 1854 732; x_wconf 83' lang='lat' dir='ltr'><strong>regenda</strong></span> <span class='ocrx_word' id='word_1_41' title='bbox 1878 643 2008 716; x_wconf 92' lang='lat' dir='ltr'><strong>iudicia</strong></span> <span class='ocrx_word' id='word_1_42' title='bbox 2032 646 2072 714; x_wconf 92' lang='lat' dir='ltr'><strong>in</strong></span> <span class='ocrx_word' id='word_1_43' title='bbox 2093 647 2255 718; x_wconf 91' lang='lat' dir='ltr'><strong>omnibus</strong></span> 
     </span>
     <span class='ocr_line' id='line_1_5' title="bbox 387 739 1459 815; baseline -0.008 -2"><span class='ocrx_word' id='word_1_44' title='bbox 387 747 478 813; x_wconf 86' lang='lat' dir='ltr'><strong>Nulla</strong></span> <span class='ocrx_word' id='word_1_45' title='bbox 491 749 592 810; x_wconf 84' lang='lat' dir='ltr'><strong>ferent</strong></span> <span class='ocrx_word' id='word_1_46' title='bbox 606 750 697 808; x_wconf 87' lang='lat' dir='ltr'><strong>talem</strong></span> <span class='ocrx_word' id='word_1_47' title='bbox 706 747 787 804; x_wconf 84' lang='lat' dir='ltr'><strong>seois</strong></span> <span class='ocrx_word' id='word_1_48' title='bbox 799 741 904 805; x_wconf 80' lang='lat' dir='ltr'><strong>future</strong></span> <span class='ocrx_word' id='word_1_49' title='bbox 914 747 1026 806; x_wconf 75' lang='lat' dir='ltr'><strong>rhum.</strong></span> <span class='ocrx_word' id='word_1_50' title='bbox 1274 739 1459 815; x_wconf 78' lang='lat' dir='ltr'><strong>doctrinis,</strong></span> 
     </span>
    </p>

    <p class='ocr_par' dir='ltr' id='par_1_5' title="bbox 236 835 2255 934">
     <span class='ocr_line' id='line_1_6' title="bbox 236 835 2255 934; baseline 0 -14"><span class='ocrx_word' id='word_1_51' title='bbox 236 847 383 920; x_wconf 89' lang='lat' dir='ltr'><strong>Mortuo</strong></span> <span class='ocrx_word' id='word_1_52' title='bbox 405 845 513 934; x_wconf 87' lang='lat' dir='ltr'><strong>igitur</strong></span> <span class='ocrx_word' id='word_1_53' title='bbox 535 841 704 924; x_wconf 81' lang='lat' dir='ltr'><strong>Platone,</strong></span> <span class='ocrx_word' id='word_1_54' title='bbox 743 861 823 908; x_wconf 89' lang='lat' dir='ltr'><strong>cum</strong></span> <span class='ocrx_word' id='word_1_55' title='bbox 847 837 917 908; x_wconf 89' lang='lat' dir='ltr'><strong>iam</strong></span> <span class='ocrx_word' id='word_1_56' title='bbox 940 861 1031 930; x_wconf 91' lang='lat' dir='ltr'><strong>pene</strong></span> <span class='ocrx_word' id='word_1_57' title='bbox 1054 837 1224 927; x_wconf 78' lang='lat' dir='ltr'><strong>attigisset</strong></span> <span class='ocrx_word' id='word_1_58' title='bbox 1376 839 1419 912; x_wconf 90' lang='lat' dir='ltr'><strong>lu</strong></span> <span class='ocrx_word' id='word_1_59' title='bbox 1437 835 1505 910; x_wconf 93' lang='lat' dir='ltr'><strong>hoc</strong></span> <span class='ocrx_word' id='word_1_60' title='bbox 1518 840 1596 912; x_wconf 86' lang='lat' dir='ltr'><strong>ocio</strong></span> <span class='ocrx_word' id='word_1_61' title='bbox 1606 838 1777 914; x_wconf 88' lang='lat' dir='ltr'><strong>Graeciae</strong></span> <span class='ocrx_word' id='word_1_62' title='bbox 1791 845 1897 916; x_wconf 90' lang='lat' dir='ltr'><strong>etiam</strong></span> <span class='ocrx_word' id='word_1_63' title='bbox 1910 869 2036 918; x_wconf 91' lang='lat' dir='ltr'><strong>aureos</strong></span> <span class='ocrx_word' id='word_1_64' title='bbox 2050 848 2133 918; x_wconf 89' lang='lat' dir='ltr'><strong>illos</strong></span> <span class='ocrx_word' id='word_1_65' title='bbox 2144 844 2255 920; x_wconf 76' lang='lat' dir='ltr'><strong>‘libros</strong></span> 
     </span>
    </p>

    <p class='ocr_par' dir='ltr' id='par_1_6' title="bbox 236 941 2257 1038">
     <span class='ocr_line' id='line_1_7' title="bbox 236 941 2257 1038; baseline -0.001 -17"><span class='ocrx_word' id='word_1_66' title='bbox 236 945 444 1022; x_wconf 87' lang='lat' dir='ltr'><strong>Aristoteles</strong></span> <span class='ocrx_word' id='word_1_67' title='bbox 467 941 776 1038; x_wconf 82' lang='lat' dir='ltr'><strong>quadragesimum</strong></span> <span class='ocrx_word' id='word_1_68' title='bbox 798 961 953 1020; x_wconf 86' lang='lat' dir='ltr'><strong>annum,</strong></span> <span class='ocrx_word' id='word_1_69' title='bbox 995 962 1075 1009; x_wconf 86' lang='lat' dir='ltr'><strong>cum</strong></span> <span class='ocrx_word' id='word_1_70' title='bbox 1098 941 1224 1008; x_wconf 92' lang='lat' dir='ltr'><strong>domus</strong></span> <span class='ocrx_word' id='word_1_71' title='bbox 1275 943 1320 1012; x_wconf 93' lang='lat' dir='ltr'><strong>de</strong></span> <span class='ocrx_word' id='word_1_72' title='bbox 1334 942 1471 1012; x_wconf 89' lang='lat' dir='ltr'><strong>naturis</strong></span> <span class='ocrx_word' id='word_1_73' title='bbox 1486 941 1723 1016; x_wconf 85' lang='lat' dir='ltr'><strong>animantium</strong></span> <span class='ocrx_word' id='word_1_74' title='bbox 1739 946 1890 1038; x_wconf 87' lang='lat' dir='ltr'><strong>scripsit,</strong></span> <span class='ocrx_word' id='word_1_75' title='bbox 1915 947 2257 1020; x_wconf 81' lang='lat' dir='ltr'><strong>adiutusAlexaudri</strong></span> 
     </span>
    </p>

    <p class='ocr_par' dir='ltr' id='par_1_7' title="bbox 236 1032 2257 1144">
     <span class='ocr_line' id='line_1_8' title="bbox 236 1032 2257 1144; baseline -0 -23"><span class='ocrx_word' id='word_1_76' title='bbox 236 1051 311 1122; x_wconf 89' lang='lat' dir='ltr'><strong>eius</strong></span> <span class='ocrx_word' id='word_1_77' title='bbox 325 1045 632 1118; x_wconf 87' lang='lat' dir='ltr'><strong>nobilissimorum</strong></span> <span class='ocrx_word' id='word_1_78' title='bbox 647 1037 835 1110; x_wconf 88' lang='lat' dir='ltr'><strong>hominum</strong></span> <span class='ocrx_word' id='word_1_79' title='bbox 851 1039 1050 1132; x_wconf 82' lang='lat' dir='ltr'><strong>frequentia</strong></span> <span class='ocrx_word' id='word_1_80' title='bbox 1067 1041 1225 1110; x_wconf 87' lang='lat' dir='ltr'><strong>celebra·</strong></span> <span class='ocrx_word' id='word_1_81' title='bbox 1275 1043 1496 1116; x_wconf 77' lang='lat' dir='ltr'><strong>liberalitate.</strong></span> <span class='ocrx_word' id='word_1_82' title='bbox 1547 1032 1639 1118; x_wconf 77' lang='lat' dir='ltr'><strong>Nam</strong></span> <span class='ocrx_word' id='word_1_83' title='bbox 1654 1047 1800 1136; x_wconf 88' lang='lat' dir='ltr'><strong>privatis</strong></span> <span class='ocrx_word' id='word_1_84' title='bbox 1815 1049 2015 1140; x_wconf 86' lang='lat' dir='ltr'><strong>sumptibus</strong></span> <span class='ocrx_word' id='word_1_85' title='bbox 2040 1063 2075 1118; x_wconf 89' lang='lat' dir='ltr'><strong>et</strong></span> <span class='ocrx_word' id='word_1_86' title='bbox 2098 1075 2120 1118; x_wconf 94' lang='lat' dir='ltr'><strong>a</strong></span> <span class='ocrx_word' id='word_1_87' title='bbox 2143 1050 2257 1144; x_wconf 87' lang='lat' dir='ltr'><strong>paucis</strong></span> 
     </span>
    </p>
   </div>
   <div class='ocr_carea' id='block_1_3' title="bbox 235 1139 2259 2147">
    <p class='ocr_par' dir='ltr' id='par_1_8' title="bbox 235 1139 2259 2147">
     <span class='ocr_line' id='line_1_9' title="bbox 237 1139 2257 1242; baseline -0.002 -20"><span class='ocrx_word' id='word_1_88' title='bbox 237 1164 357 1228; x_wconf 76' lang='lat' dir='ltr'><strong>cetero,</strong></span> <span class='ocrx_word' id='word_1_89' title='bbox 400 1143 538 1216; x_wconf 86' lang='lat' dir='ltr'><strong>scholas</strong></span> <span class='ocrx_word' id='word_1_90' title='bbox 563 1141 696 1214; x_wconf 88' lang='lat' dir='ltr'><strong>habere</strong></span> <span class='ocrx_word' id='word_1_91' title='bbox 724 1139 850 1230; x_wconf 90' lang='lat' dir='ltr'><strong>coepit.</strong></span> <span class='ocrx_word' id='word_1_92' title='bbox 920 1139 991 1212; x_wconf 87' lang='lat' dir='ltr'><strong>Sed</strong></span> <span class='ocrx_word' id='word_1_93' title='bbox 1022 1141 1123 1210; x_wconf 85' lang='lat' dir='ltr'><strong>brevi</strong></span> <span class='ocrx_word' id='word_1_94' title='bbox 1146 1155 1226 1231; x_wconf 89' lang='lat' dir='ltr'><strong>post</strong></span> <span class='ocrx_word' id='word_1_95' title='bbox 1277 1143 1453 1235; x_wconf 90' lang='lat' dir='ltr'><strong>explorari</strong></span> <span class='ocrx_word' id='word_1_96' title='bbox 1485 1155 1581 1213; x_wconf 89' lang='lat' dir='ltr'><strong>tanta</strong></span> <span class='ocrx_word' id='word_1_97' title='bbox 1603 1159 1750 1216; x_wconf 84' lang='lat' dir='ltr'><strong>naturae</strong></span> <span class='ocrx_word' id='word_1_98' title='bbox 1773 1149 1923 1220; x_wconf 87' lang='lat' dir='ltr'><strong>varietas</strong></span> <span class='ocrx_word' id='word_1_99' title='bbox 1945 1173 2171 1242; x_wconf 86' lang='lat' dir='ltr'><strong>nequaquam</strong></span> <span class='ocrx_word' id='word_1_100' title='bbox 2198 1175 2257 1240; x_wconf 88' lang='lat' dir='ltr'><strong>po·</strong></span> 
     </span>
     <span class='ocr_line' id='line_1_10' title="bbox 237 1241 2257 1344; baseline -0.002 -22"><span class='ocrx_word' id='word_1_101' title='bbox 237 1248 425 1340; x_wconf 82' lang='lat' dir='ltr'><strong>Philippus</strong></span> <span class='ocrx_word' id='word_1_102' title='bbox 449 1245 598 1318; x_wconf 83' lang='lat' dir='ltr'><strong>Macedo</strong></span> <span class='ocrx_word' id='word_1_103' title='bbox 621 1241 766 1313; x_wconf 82' lang='lat' dir='ltr'><strong>accersit</strong></span> <span class='ocrx_word' id='word_1_104' title='bbox 787 1266 867 1312; x_wconf 92' lang='lat' dir='ltr'><strong>eum</strong></span> <span class='ocrx_word' id='word_1_105' title='bbox 890 1243 934 1311; x_wconf 89' lang='lat' dir='ltr'><strong>ad</strong></span> <span class='ocrx_word' id='word_1_106' title='bbox 961 1265 1017 1324; x_wconf 89' lang='lat' dir='ltr'><strong>se,</strong></span> <span class='ocrx_word' id='word_1_107' title='bbox 1048 1255 1090 1312; x_wconf 93' lang='lat' dir='ltr'><strong>ut</strong></span> <span class='ocrx_word' id='word_1_108' title='bbox 1111 1241 1225 1310; x_wconf 79' lang='lat' dir='ltr'><strong>felium</strong></span> <span class='ocrx_word' id='word_1_109' title='bbox 1277 1246 1356 1316; x_wconf 89' lang='lat' dir='ltr'><strong>tuit.</strong></span> <span class='ocrx_word' id='word_1_110' title='bbox 1407 1243 1512 1316; x_wconf 91' lang='lat' dir='ltr'><strong>Misit</strong></span> <span class='ocrx_word' id='word_1_111' title='bbox 1527 1244 1637 1334; x_wconf 86' lang='lat' dir='ltr'><strong>igitur</strong></span> <span class='ocrx_word' id='word_1_112' title='bbox 1658 1245 1907 1318; x_wconf 82' lang='lat' dir='ltr'><strong>eiAlesander</strong></span> <span class='ocrx_word' id='word_1_113' title='bbox 1926 1249 1973 1328; x_wconf 52' lang='lat' dir='ltr'><strong>,io</strong></span> <span class='ocrx_word' id='word_1_114' title='bbox 1994 1245 2086 1320; x_wconf 89' lang='lat' dir='ltr'><strong>hanc</strong></span> <span class='ocrx_word' id='word_1_115' title='bbox 2110 1251 2257 1344; x_wconf 90' lang='lat' dir='ltr'><strong>inquisi-</strong></span> 
     </span>
     <span class='ocr_line' id='line_1_11' title="bbox 238 1339 2257 1439; baseline -0.001 -17"><span class='ocrx_word' id='word_1_116' title='bbox 238 1349 482 1422; x_wconf 86' lang='lat' dir='ltr'><strong>Alexandrum</strong></span> <span class='ocrx_word' id='word_1_117' title='bbox 501 1345 673 1418; x_wconf 87' lang='lat' dir='ltr'><strong>erudiret.</strong></span> <span class='ocrx_word' id='word_1_118' title='bbox 732 1339 812 1412; x_wconf 88' lang='lat' dir='ltr'><strong>Hoc</strong></span> <span class='ocrx_word' id='word_1_119' title='bbox 835 1341 1005 1413; x_wconf 91' lang='lat' dir='ltr'><strong>iudicium</strong></span> <span class='ocrx_word' id='word_1_120' title='bbox 1031 1344 1123 1432; x_wconf 87' lang='lat' dir='ltr'><strong>regis</strong></span> <span class='ocrx_word' id='word_1_121' title='bbox 1143 1341 1226 1414; x_wconf 88' lang='lat' dir='ltr'><strong>Ma-</strong></span> <span class='ocrx_word' id='word_1_122' title='bbox 1276 1347 1411 1420; x_wconf 87' lang='lat' dir='ltr'><strong>tionem</strong></span> <span class='ocrx_word' id='word_1_123' title='bbox 1440 1346 1652 1416; x_wconf 88' lang='lat' dir='ltr'><strong>conferenda</strong></span> <span class='ocrx_word' id='word_1_124' title='bbox 1684 1349 1816 1420; x_wconf 89' lang='lat' dir='ltr'><strong>talenta</strong></span> <span class='ocrx_word' id='word_1_125' title='bbox 1844 1351 2062 1439; x_wconf 81' lang='lat' dir='ltr'><strong>octingenta,</strong></span> <span class='ocrx_word' id='word_1_126' title='bbox 2103 1346 2175 1420; x_wconf 90' lang='lat' dir='ltr'><strong>hoc</strong></span> <span class='ocrx_word' id='word_1_127' title='bbox 2200 1365 2257 1434; x_wconf 87' lang='lat' dir='ltr'><strong>est,</strong></span> 
     </span>
     <span class='ocr_line' id='line_1_12' title="bbox 235 1444 2257 1542; baseline -0.001 -20"><span class='ocrx_word' id='word_1_128' title='bbox 235 1450 399 1522; x_wconf 79' lang='lat' dir='ltr'><strong>sedonici</strong></span> <span class='ocrx_word' id='word_1_129' title='bbox 415 1473 456 1518; x_wconf 90' lang='lat' dir='ltr'><strong>eo</strong></span> <span class='ocrx_word' id='word_1_130' title='bbox 469 1447 578 1536; x_wconf 90' lang='lat' dir='ltr'><strong>magis</strong></span> <span class='ocrx_word' id='word_1_131' title='bbox 592 1445 795 1514; x_wconf 92' lang='lat' dir='ltr'><strong>mirandum</strong></span> <span class='ocrx_word' id='word_1_132' title='bbox 810 1444 923 1526; x_wconf 87' lang='lat' dir='ltr'><strong>duco,</strong></span> <span class='ocrx_word' id='word_1_133' title='bbox 955 1444 1050 1536; x_wconf 93' lang='lat' dir='ltr'><strong>quod</strong></span> <span class='ocrx_word' id='word_1_134' title='bbox 1068 1467 1149 1513; x_wconf 93' lang='lat' dir='ltr'><strong>cum</strong></span> <span class='ocrx_word' id='word_1_135' title='bbox 1165 1467 1225 1514; x_wconf 89' lang='lat' dir='ltr'><strong>eo-</strong></span> <span class='ocrx_word' id='word_1_136' title='bbox 1277 1447 1533 1542; x_wconf 87' lang='lat' dir='ltr'><strong>quadringenta</strong></span> <span class='ocrx_word' id='word_1_137' title='bbox 1550 1458 1585 1516; x_wconf 86' lang='lat' dir='ltr'><strong>ct</strong></span> <span class='ocrx_word' id='word_1_138' title='bbox 1600 1450 1776 1538; x_wconf 89' lang='lat' dir='ltr'><strong>octoginta</strong></span> <span class='ocrx_word' id='word_1_139' title='bbox 1794 1449 1907 1520; x_wconf 89' lang='lat' dir='ltr'><strong>millia</strong></span> <span class='ocrx_word' id='word_1_140' title='bbox 1924 1464 2194 1535; x_wconf 86' lang='lat' dir='ltr'><strong>coronatorum,</strong></span> <span class='ocrx_word' id='word_1_141' title='bbox 2217 1453 2257 1520; x_wconf 92' lang='lat' dir='ltr'><strong>ad</strong></span> 
     </span>
     <span class='ocr_line' id='line_1_13' title="bbox 238 1542 2258 1642; baseline -0.001 -18"><span class='ocrx_word' id='word_1_142' title='bbox 238 1557 319 1624; x_wconf 92' lang='lat' dir='ltr'><strong>dem</strong></span> <span class='ocrx_word' id='word_1_143' title='bbox 339 1567 499 1642; x_wconf 88' lang='lat' dir='ltr'><strong>tempore</strong></span> <span class='ocrx_word' id='word_1_144' title='bbox 522 1547 691 1617; x_wconf 74' lang='lat' dir='ltr'><strong>leocrates</strong></span> <span class='ocrx_word' id='word_1_145' title='bbox 712 1545 855 1614; x_wconf 85' lang='lat' dir='ltr'><strong>floreret</strong></span> <span class='ocrx_word' id='word_1_146' title='bbox 877 1542 1069 1636; x_wconf 84' lang='lat' dir='ltr'><strong>sapientiae</strong></span> <span class='ocrx_word' id='word_1_147' title='bbox 1092 1557 1127 1614; x_wconf 93' lang='lat' dir='ltr'><strong>et</strong></span> <span class='ocrx_word' id='word_1_148' title='bbox 1151 1544 1226 1614; x_wconf 92' lang='lat' dir='ltr'><strong>elo-</strong></span> <span class='ocrx_word' id='word_1_149' title='bbox 1278 1549 1528 1620; x_wconf 87' lang='lat' dir='ltr'><strong>conducendos</strong></span> <span class='ocrx_word' id='word_1_150' title='bbox 1549 1562 1734 1620; x_wconf 86' lang='lat' dir='ltr'><strong>venatores</strong></span> <span class='ocrx_word' id='word_1_151' title='bbox 1754 1563 1789 1620; x_wconf 92' lang='lat' dir='ltr'><strong>et</strong></span> <span class='ocrx_word' id='word_1_152' title='bbox 1811 1553 1857 1620; x_wconf 90' lang='lat' dir='ltr'><strong>ad</strong></span> <span class='ocrx_word' id='word_1_153' title='bbox 1878 1551 2006 1622; x_wconf 84' lang='lat' dir='ltr'><strong>bestias</strong></span> <span class='ocrx_word' id='word_1_154' title='bbox 2025 1553 2193 1636; x_wconf 85' lang='lat' dir='ltr'><strong>alendas,</strong></span> <span class='ocrx_word' id='word_1_155' title='bbox 2222 1564 2258 1622; x_wconf 85' lang='lat' dir='ltr'><strong>ttt</strong></span> 
     </span>
     <span class='ocr_line' id='line_1_14' title="bbox 239 1644 2259 1747; baseline -0 -24"><span class='ocrx_word' id='word_1_156' title='bbox 239 1653 402 1747; x_wconf 89' lang='lat' dir='ltr'><strong>quentiae</strong></span> <span class='ocrx_word' id='word_1_157' title='bbox 418 1651 530 1730; x_wconf 86' lang='lat' dir='ltr'><strong>fama,</strong></span> <span class='ocrx_word' id='word_1_158' title='bbox 557 1661 593 1716; x_wconf 93' lang='lat' dir='ltr'><strong>et</strong></span> <span class='ocrx_word' id='word_1_159' title='bbox 607 1647 682 1736; x_wconf 88' lang='lat' dir='ltr'><strong>regi</strong></span> <span class='ocrx_word' id='word_1_160' title='bbox 697 1645 887 1726; x_wconf 83' lang='lat' dir='ltr'><strong>admodum</strong></span> <span class='ocrx_word' id='word_1_161' title='bbox 902 1644 1036 1713; x_wconf 90' lang='lat' dir='ltr'><strong>amicus</strong></span> <span class='ocrx_word' id='word_1_162' title='bbox 1050 1658 1158 1728; x_wconf 89' lang='lat' dir='ltr'><strong>esset,</strong></span> <span class='ocrx_word' id='word_1_163' title='bbox 1192 1658 1227 1714; x_wconf 88' lang='lat' dir='ltr'><strong>et</strong></span> <span class='ocrx_word' id='word_1_164' title='bbox 1278 1647 1433 1741; x_wconf 87' lang='lat' dir='ltr'><strong>conspici</strong></span> <span class='ocrx_word' id='word_1_165' title='bbox 1447 1671 1567 1718; x_wconf 90' lang='lat' dir='ltr'><strong>earum</strong></span> <span class='ocrx_word' id='word_1_166' title='bbox 1581 1662 1729 1720; x_wconf 80' lang='lat' dir='ltr'><strong>naturae</strong></span> <span class='ocrx_word' id='word_1_167' title='bbox 1739 1665 1890 1742; x_wconf 88' lang='lat' dir='ltr'><strong>possent.</strong></span> <span class='ocrx_word' id='word_1_168' title='bbox 1914 1647 2259 1722; x_wconf 82' lang='lat' dir='ltr'><strong>PraeclareAlexan·</strong></span> 
     </span>
     <span class='ocr_line' id='line_1_15' title="bbox 237 1745 2257 1842; baseline 0 -20"><span class='ocrx_word' id='word_1_169' title='bbox 237 1750 331 1822; x_wconf 85' lang='lat' dir='ltr'><strong>hanc</strong></span> <span class='ocrx_word' id='word_1_170' title='bbox 346 1753 457 1840; x_wconf 90' lang='lat' dir='ltr'><strong>ipsam</strong></span> <span class='ocrx_word' id='word_1_171' title='bbox 480 1748 678 1820; x_wconf 89' lang='lat' dir='ltr'><strong>doctrinam</strong></span> <span class='ocrx_word' id='word_1_172' title='bbox 703 1745 941 1836; x_wconf 85' lang='lat' dir='ltr'><strong>profiteretur,</strong></span> <span class='ocrx_word' id='word_1_173' title='bbox 975 1769 1064 1838; x_wconf 91' lang='lat' dir='ltr'><strong>quae</strong></span> <span class='ocrx_word' id='word_1_174' title='bbox 1084 1747 1129 1816; x_wconf 93' lang='lat' dir='ltr'><strong>ab</strong></span> <span class='ocrx_word' id='word_1_175' title='bbox 1153 1746 1226 1814; x_wconf 87' lang='lat' dir='ltr'><strong>illis</strong></span> <span class='ocrx_word' id='word_1_176' title='bbox 1278 1751 1353 1822; x_wconf 89' lang='lat' dir='ltr'><strong>der.</strong></span> <span class='ocrx_word' id='word_1_177' title='bbox 1393 1747 1483 1818; x_wconf 87' lang='lat' dir='ltr'><strong>Naro</strong></span> <span class='ocrx_word' id='word_1_178' title='bbox 1499 1749 1592 1820; x_wconf 87' lang='lat' dir='ltr'><strong>inter</strong></span> <span class='ocrx_word' id='word_1_179' title='bbox 1604 1749 1808 1842; x_wconf 88' lang='lat' dir='ltr'><strong>praecipuas</strong></span> <span class='ocrx_word' id='word_1_180' title='bbox 1823 1775 1945 1842; x_wconf 89' lang='lat' dir='ltr'><strong>regum</strong></span> <span class='ocrx_word' id='word_1_181' title='bbox 1962 1775 2063 1822; x_wconf 88' lang='lat' dir='ltr'><strong>curas</strong></span> <span class='ocrx_word' id='word_1_182' title='bbox 2080 1748 2257 1822; x_wconf 88' lang='lat' dir='ltr'><strong>hancesse</strong></span> 
     </span>
     <span class='ocr_line' id='line_1_16' title="bbox 238 1845 2257 1945; baseline -0.003 -22"><span class='ocrx_word' id='word_1_183' title='bbox 238 1853 381 1945; x_wconf 84' lang='lat' dir='ltr'><strong>politica</strong></span> <span class='ocrx_word' id='word_1_184' title='bbox 409 1851 619 1934; x_wconf 84' lang='lat' dir='ltr'><strong>vocabatur,</strong></span> <span class='ocrx_word' id='word_1_185' title='bbox 658 1847 878 1939; x_wconf 78' lang='lat' dir='ltr'><strong>maximeque</strong></span> <span class='ocrx_word' id='word_1_186' title='bbox 912 1847 1092 1924; x_wconf 67' lang='lat' dir='ltr'><strong>uideretur</strong></span> <span class='ocrx_word' id='word_1_187' title='bbox 1128 1847 1226 1916; x_wconf 84' lang='lat' dir='ltr'><strong>utitis</strong></span> <span class='ocrx_word' id='word_1_188' title='bbox 1278 1853 1397 1930; x_wconf 90' lang='lat' dir='ltr'><strong>decet,</strong></span> <span class='ocrx_word' id='word_1_189' title='bbox 1416 1849 1525 1920; x_wconf 88' lang='lat' dir='ltr'><strong>vitam</strong></span> <span class='ocrx_word' id='word_1_190' title='bbox 1544 1845 1730 1922; x_wconf 86' lang='lat' dir='ltr'><strong>hominurn</strong></span> <span class='ocrx_word' id='word_1_191' title='bbox 1746 1845 1893 1924; x_wconf 76' lang='lat' dir='ltr'><strong>honesta</strong></span> <span class='ocrx_word' id='word_1_192' title='bbox 1909 1853 2070 1924; x_wconf 83' lang='lat' dir='ltr'><strong>doctrina</strong></span> <span class='ocrx_word' id='word_1_193' title='bbox 2088 1853 2257 1924; x_wconf 81' lang='lat' dir='ltr'><strong>instruere</strong></span> 
     </span>
     <span class='ocr_line' id='line_1_17' title="bbox 238 1943 2257 2045; baseline -0.001 -21"><span class='ocrx_word' id='word_1_194' title='bbox 238 1955 329 2044; x_wconf 90' lang='lat' dir='ltr'><strong>regi:</strong></span> <span class='ocrx_word' id='word_1_195' title='bbox 373 1953 547 2043; x_wconf 90' lang='lat' dir='ltr'><strong>praelatus</strong></span> <span class='ocrx_word' id='word_1_196' title='bbox 576 1963 696 2019; x_wconf 91' lang='lat' dir='ltr'><strong>tamen</strong></span> <span class='ocrx_word' id='word_1_197' title='bbox 722 1943 949 2033; x_wconf 90' lang='lat' dir='ltr'><strong>Aristoteles,</strong></span> <span class='ocrx_word' id='word_1_198' title='bbox 993 1961 1137 2038; x_wconf 89' lang='lat' dir='ltr'><strong>propter</strong></span> <span class='ocrx_word' id='word_1_199' title='bbox 1167 1971 1227 2017; x_wconf 91' lang='lat' dir='ltr'><strong>co·</strong></span> <span class='ocrx_word' id='word_1_200' title='bbox 1278 1965 1383 2045; x_wconf 90' lang='lat' dir='ltr'><strong>atque</strong></span> <span class='ocrx_word' id='word_1_201' title='bbox 1408 1973 1554 2036; x_wconf 89' lang='lat' dir='ltr'><strong>ornare,</strong></span> <span class='ocrx_word' id='word_1_202' title='bbox 1589 1951 1713 2044; x_wconf 88' lang='lat' dir='ltr'><strong>idque,</strong></span> <span class='ocrx_word' id='word_1_203' title='bbox 1746 1966 1789 2023; x_wconf 91' lang='lat' dir='ltr'><strong>ut</strong></span> <span class='ocrx_word' id='word_1_204' title='bbox 1813 1954 1930 2038; x_wconf 87' lang='lat' dir='ltr'><strong>fieret,</strong></span> <span class='ocrx_word' id='word_1_205' title='bbox 1960 1954 2136 2024; x_wconf 88' lang='lat' dir='ltr'><strong>divinitus</strong></span> <span class='ocrx_word' id='word_1_206' title='bbox 2163 1977 2257 2044; x_wconf 90' lang='lat' dir='ltr'><strong>prae·</strong></span> 
     </span>
     <span class='ocr_line' id='line_1_18' title="bbox 239 2046 2258 2147; baseline -0 -24"><span class='ocrx_word' id='word_1_207' title='bbox 239 2056 348 2147; x_wconf 88' lang='lat' dir='ltr'><strong>piam,</strong></span> <span class='ocrx_word' id='word_1_208' title='bbox 367 2066 409 2122; x_wconf 90' lang='lat' dir='ltr'><strong>ut</strong></span> <span class='ocrx_word' id='word_1_209' title='bbox 423 2053 589 2134; x_wconf 90' lang='lat' dir='ltr'><strong>arbitror,</strong></span> <span class='ocrx_word' id='word_1_210' title='bbox 613 2063 648 2118; x_wconf 91' lang='lat' dir='ltr'><strong>et</strong></span> <span class='ocrx_word' id='word_1_211' title='bbox 661 2049 865 2118; x_wconf 88' lang='lat' dir='ltr'><strong>varietatem</strong></span> <span class='ocrx_word' id='word_1_212' title='bbox 881 2047 1075 2118; x_wconf 88' lang='lat' dir='ltr'><strong>doctrinae.</strong></span> <span class='ocrx_word' id='word_1_213' title='bbox 1109 2046 1227 2118; x_wconf 88' lang='lat' dir='ltr'><strong>Testi-</strong></span> <span class='ocrx_word' id='word_1_214' title='bbox 1279 2050 1575 2124; x_wconf 90' lang='lat' dir='ltr'><strong>stantissimorum</strong></span> <span class='ocrx_word' id='word_1_215' title='bbox 1596 2053 1799 2144; x_wconf 89' lang='lat' dir='ltr'><strong>principum</strong></span> <span class='ocrx_word' id='word_1_216' title='bbox 1823 2055 2022 2126; x_wconf 86' lang='lat' dir='ltr'><strong>voluntates</strong></span> <span class='ocrx_word' id='word_1_217' title='bbox 2044 2055 2199 2123; x_wconf 89' lang='lat' dir='ltr'><strong>subinde</strong></span> <span class='ocrx_word' id='word_1_218' title='bbox 2218 2055 2258 2122; x_wconf 91' lang='lat' dir='ltr'><strong>ad</strong></span> 
     </span>
    </p>
   </div>
   <div class='ocr_carea' id='block_1_4' title="bbox 109 2143 2259 2238">
    <p class='ocr_par' dir='ltr' id='par_1_9' title="bbox 109 2143 2259 2238">
     <span class='ocr_line' id='line_1_19' title="bbox 109 2143 2259 2238; baseline 0.003 -20"><span class='ocrx_word' id='word_1_219' title='bbox 109 2207 115 2218; x_wconf 92' lang='lat'><em>.</em></span> <span class='ocrx_word' id='word_1_220' title='bbox 239 2155 400 2224; x_wconf 86' lang='lat' dir='ltr'><strong>monium</strong></span> <span class='ocrx_word' id='word_1_221' title='bbox 415 2176 499 2222; x_wconf 89' lang='lat' dir='ltr'><strong>vero</strong></span> <span class='ocrx_word' id='word_1_222' title='bbox 524 2154 568 2220; x_wconf 89' lang='lat' dir='ltr'><strong>de</strong></span> <span class='ocrx_word' id='word_1_223' title='bbox 588 2150 749 2219; x_wconf 91' lang='lat' dir='ltr'><strong>moribus</strong></span> <span class='ocrx_word' id='word_1_224' title='bbox 768 2143 836 2218; x_wconf 90' lang='lat' dir='ltr'><strong>hoc</strong></span> <span class='ocrx_word' id='word_1_225' title='bbox 859 2150 1029 2220; x_wconf 86' lang='lat' dir='ltr'><strong>ducamus</strong></span> <span class='ocrx_word' id='word_1_226' title='bbox 1051 2171 1125 2218; x_wconf 87' lang='lat' dir='ltr'><strong>esse</strong></span> <span class='ocrx_word' id='word_1_227' title='bbox 1147 2172 1226 2238; x_wconf 89' lang='lat' dir='ltr'><strong>gra·</strong></span> <span class='ocrx_word' id='word_1_228' title='bbox 1279 2167 1370 2224; x_wconf 91' lang='lat' dir='ltr'><strong>artes</strong></span> <span class='ocrx_word' id='word_1_229' title='bbox 1391 2151 1639 2223; x_wconf 89' lang='lat' dir='ltr'><strong>instaurandas</strong></span> <span class='ocrx_word' id='word_1_230' title='bbox 1656 2153 1823 2224; x_wconf 81' lang='lat' dir='ltr'><strong>excitatae</strong></span> <span class='ocrx_word' id='word_1_231' title='bbox 1841 2169 1936 2228; x_wconf 87' lang='lat' dir='ltr'><strong>sunt.</strong></span> <span class='ocrx_word' id='word_1_232' title='bbox 1988 2152 2105 2238; x_wconf 88' lang='lat' dir='ltr'><strong>Atlas,</strong></span> <span class='ocrx_word' id='word_1_233' title='bbox 2135 2150 2259 2237; x_wconf 87' lang='lat' dir='ltr'><strong>Orion,</strong></span> 
     </span>
    </p>
   </div>
   <div class='ocr_carea' id='block_1_5' title="bbox 240 2246 2303 2342">
    <p class='ocr_par' dir='ltr' id='par_1_10' title="bbox 240 2246 2303 2342">
     <span class='ocr_line' id='line_1_20' title="bbox 240 2246 2303 2342; baseline -0 -19"><span class='ocrx_word' id='word_1_234' title='bbox 240 2256 437 2325; x_wconf 85' lang='lat' dir='ltr'><strong>vissimum.</strong></span> <span class='ocrx_word' id='word_1_235' title='bbox 502 2250 581 2320; x_wconf 87' lang='lat' dir='ltr'><strong>Nisi</strong></span> <span class='ocrx_word' id='word_1_236' title='bbox 613 2250 707 2318; x_wconf 91' lang='lat' dir='ltr'><strong>enim</strong></span> <span class='ocrx_word' id='word_1_237' title='bbox 736 2274 797 2318; x_wconf 88' lang='lat' dir='ltr'><strong>rex</strong></span> <span class='ocrx_word' id='word_1_238' title='bbox 823 2251 1004 2338; x_wconf 82' lang='lat' dir='ltr'><strong>probasset</strong></span> <span class='ocrx_word' id='word_1_239' title='bbox 1025 2246 1228 2320; x_wconf 90' lang='lat' dir='ltr'><strong>Aristotelis</strong></span> <span class='ocrx_word' id='word_1_240' title='bbox 1280 2253 1478 2324; x_wconf 90' lang='lat' dir='ltr'><strong>doctrinam</strong></span> <span class='ocrx_word' id='word_1_241' title='bbox 1508 2255 1552 2322; x_wconf 88' lang='lat' dir='ltr'><strong>de</strong></span> <span class='ocrx_word' id='word_1_242' title='bbox 1584 2254 1738 2322; x_wconf 90' lang='lat' dir='ltr'><strong>motibus</strong></span> <span class='ocrx_word' id='word_1_243' title='bbox 1767 2253 1940 2342; x_wconf 89' lang='lat' dir='ltr'><strong>siderum,</strong></span> <span class='ocrx_word' id='word_1_244' title='bbox 1980 2269 2015 2326; x_wconf 88' lang='lat' dir='ltr'><strong>et</strong></span> <span class='ocrx_word' id='word_1_245' title='bbox 2036 2255 2196 2324; x_wconf 81' lang='lat' dir='ltr'><strong>fortassis</strong></span> <span class='ocrx_word' id='word_1_246' title='bbox 2219 2256 2259 2323; x_wconf 89' lang='lat' dir='ltr'><strong>de</strong></span> <span class='ocrx_word' id='word_1_247' title='bbox 2302 2307 2303 2316; x_wconf 42' lang='lat'><strong>,</strong></span> 
     </span>
    </p>
   </div>
   <div class='ocr_carea' id='block_1_6' title="bbox 241 2349 2259 2446">
    <p class='ocr_par' dir='ltr' id='par_1_11' title="bbox 241 2349 2259 2446">
     <span class='ocr_line' id='line_1_21' title="bbox 241 2349 2259 2446; baseline -0.001 -20"><span class='ocrx_word' id='word_1_248' title='bbox 241 2378 373 2438; x_wconf 89' lang='lat' dir='ltr'><strong>mores,</strong></span> <span class='ocrx_word' id='word_1_249' title='bbox 398 2375 472 2422; x_wconf 90' lang='lat' dir='ltr'><strong>non</strong></span> <span class='ocrx_word' id='word_1_250' title='bbox 488 2353 766 2420; x_wconf 87' lang='lat' dir='ltr'><strong>commendasset</strong></span> <span class='ocrx_word' id='word_1_251' title='bbox 780 2350 821 2438; x_wconf 67' lang='lat' dir='ltr'><strong>,ei</strong></span> <span class='ocrx_word' id='word_1_252' title='bbox 841 2349 975 2436; x_wconf 86' lang='lat' dir='ltr'><strong>filium,</strong></span> <span class='ocrx_word' id='word_1_253' title='bbox 1004 2375 1109 2443; x_wconf 91' lang='lat' dir='ltr'><strong>quem</strong></span> <span class='ocrx_word' id='word_1_254' title='bbox 1130 2353 1228 2421; x_wconf 89' lang='lat' dir='ltr'><strong>vole·</strong></span> <span class='ocrx_word' id='word_1_255' title='bbox 1280 2354 1366 2426; x_wconf 85' lang='lat' dir='ltr'><strong>anni</strong></span> <span class='ocrx_word' id='word_1_256' title='bbox 1379 2352 1482 2422; x_wconf 87' lang='lat' dir='ltr'><strong>metis</strong></span> <span class='ocrx_word' id='word_1_257' title='bbox 1496 2349 1913 2428; x_wconf 79' lang='lat' dir='ltr'><strong>Graeciae&#39;tradiderune.</strong></span> <span class='ocrx_word' id='word_1_258' title='bbox 1953 2353 2026 2426; x_wconf 88' lang='lat' dir='ltr'><strong>Nec</strong></span> <span class='ocrx_word' id='word_1_259' title='bbox 2041 2356 2164 2446; x_wconf 92' lang='lat' dir='ltr'><strong>inepte</strong></span> <span class='ocrx_word' id='word_1_260' title='bbox 2180 2354 2259 2424; x_wconf 88' lang='lat' dir='ltr'><strong>dicit</strong></span> 
     </span>
    </p>
   </div>
   <div class='ocr_carea' id='block_1_7' title="bbox 239 2451 2303 2648">
    <p class='ocr_par' dir='ltr' id='par_1_12' title="bbox 239 2451 2303 2648">
     <span class='ocr_line' id='line_1_22' title="bbox 241 2451 2303 2542; baseline -0.002 -12"><span class='ocrx_word' id='word_1_261' title='bbox 241 2460 301 2530; x_wconf 91' lang='lat' dir='ltr'><strong>bat</strong></span> <span class='ocrx_word' id='word_1_262' title='bbox 317 2457 360 2526; x_wconf 87' lang='lat' dir='ltr'><strong>ad</strong></span> <span class='ocrx_word' id='word_1_263' title='bbox 379 2453 547 2525; x_wconf 91' lang='lat' dir='ltr'><strong>iustitiam</strong></span> <span class='ocrx_word' id='word_1_264' title='bbox 567 2465 601 2520; x_wconf 90' lang='lat' dir='ltr'><strong>et</strong></span> <span class='ocrx_word' id='word_1_265' title='bbox 614 2451 915 2536; x_wconf 88' lang='lat' dir='ltr'><strong>moderationem,</strong></span> <span class='ocrx_word' id='word_1_266' title='bbox 940 2465 980 2521; x_wconf 92' lang='lat' dir='ltr'><strong>ut</strong></span> <span class='ocrx_word' id='word_1_267' title='bbox 994 2451 1069 2542; x_wconf 88' lang='lat' dir='ltr'><strong>ipse</strong></span> <span class='ocrx_word' id='word_1_268' title='bbox 1089 2453 1228 2542; x_wconf 86' lang='lat' dir='ltr'><strong>praedi-</strong></span> <span class='ocrx_word' id='word_1_269' title='bbox 1281 2453 1411 2533; x_wconf 89' lang='lat' dir='ltr'><strong>lulius,</strong></span> <span class='ocrx_word' id='word_1_270' title='bbox 1437 2454 1594 2524; x_wconf 88' lang='lat' dir='ltr'><strong>seetiam</strong></span> <span class='ocrx_word' id='word_1_271' title='bbox 1612 2455 1706 2524; x_wconf 92' lang='lat' dir='ltr'><strong>inter</strong></span> <span class='ocrx_word' id='word_1_272' title='bbox 1721 2467 1915 2526; x_wconf 84' lang='lat' dir='ltr'><strong>castrorum</strong></span> <span class='ocrx_word' id='word_1_273' title='bbox 1931 2455 2113 2540; x_wconf 83' lang='lat' dir='ltr'><strong>fremitus,</strong></span> <span class='ocrx_word' id='word_1_274' title='bbox 2149 2470 2185 2526; x_wconf 91' lang='lat' dir='ltr'><strong>et</strong></span> <span class='ocrx_word' id='word_1_275' title='bbox 2206 2468 2258 2524; x_wconf 91' lang='lat' dir='ltr'><strong>tu·</strong></span> <span class='ocrx_word' id='word_1_276' title='bbox 2302 2509 2303 2536; x_wconf 54' lang='lat'>2</span> 
     </span>
     <span class='ocr_line' id='line_1_23' title="bbox 239 2551 2303 2648; baseline -0 -22"><span class='ocrx_word' id='word_1_277' title='bbox 239 2559 357 2638; x_wconf 88' lang='lat' dir='ltr'><strong>cahat,</strong></span> <span class='ocrx_word' id='word_1_278' title='bbox 390 2551 457 2622; x_wconf 92' lang='lat' dir='ltr'><strong>hac</strong></span> <span class='ocrx_word' id='word_1_279' title='bbox 478 2551 618 2620; x_wconf 91' lang='lat' dir='ltr'><strong>mitiore</strong></span> <span class='ocrx_word' id='word_1_280' title='bbox 633 2567 666 2620; x_wconf 92' lang='lat' dir='ltr'><strong>et</strong></span> <span class='ocrx_word' id='word_1_281' title='bbox 682 2552 840 2622; x_wconf 87' lang='lat' dir='ltr'><strong>dulciore</strong></span> <span class='ocrx_word' id='word_1_282' title='bbox 855 2551 1015 2624; x_wconf 90' lang='lat' dir='ltr'><strong>doctrina</strong></span> <span class='ocrx_word' id='word_1_283' title='bbox 1029 2553 1227 2624; x_wconf 87' lang='lat' dir='ltr'><strong>adsuelieri.</strong></span> <span class='ocrx_word' id='word_1_284' title='bbox 1281 2558 1406 2626; x_wconf 80' lang='lat' dir='ltr'><strong>bartam</strong></span> <span class='ocrx_word' id='word_1_285' title='bbox 1440 2552 1599 2638; x_wconf 87' lang='lat' dir='ltr'><strong>classica,</strong></span> <span class='ocrx_word' id='word_1_286' title='bbox 1639 2568 1756 2624; x_wconf 91' lang='lat' dir='ltr'><strong>tamen</strong></span> <span class='ocrx_word' id='word_1_287' title='bbox 1781 2555 1917 2648; x_wconf 91' lang='lat' dir='ltr'><strong>aliquid</strong></span> <span class='ocrx_word' id='word_1_288' title='bbox 1947 2557 2103 2628; x_wconf 85' lang='lat' dir='ltr'><strong>tribuere</strong></span> <span class='ocrx_word' id='word_1_289' title='bbox 2137 2554 2257 2632; x_wconf 85' lang='lat' dir='ltr'><strong>studiis</strong></span> <span class='ocrx_word' id='word_1_290' title='bbox 2302 2571 2303 2578; x_wconf 77' lang='grc'>’</span> 
     </span>
    </p>
   </div>
   <div class='ocr_carea' id='block_1_8' title="bbox 212 2648 2259 4454">
    <p class='ocr_par' dir='ltr' id='par_1_13' title="bbox 221 2648 2189 3048">
     <span class='ocr_line' id='line_1_24' title="bbox 221 2648 2189 2752; baseline -0.001 -26"><span class='ocrx_word' id='word_1_291' title='bbox 221 2733 223 2737; x_wconf 52' lang='grc'>,</span> <span class='ocrx_word' id='word_1_292' title='bbox 241 2656 376 2727; x_wconf 87' lang='lat' dir='ltr'><strong>Didicit</strong></span> <span class='ocrx_word' id='word_1_293' title='bbox 390 2655 497 2744; x_wconf 86' lang='lat' dir='ltr'><strong>igitur</strong></span> <span class='ocrx_word' id='word_1_294' title='bbox 514 2648 715 2721; x_wconf 81' lang='lat' dir='ltr'><strong>Alexander</strong></span> <span class='ocrx_word' id='word_1_295' title='bbox 729 2653 864 2736; x_wconf 85' lang='lat' dir='ltr'><strong>literas,</strong></span> <span class='ocrx_word' id='word_1_296' title='bbox 897 2665 1078 2744; x_wconf 78' lang='lat' dir='ltr'><strong>poemata,</strong></span> <span class='ocrx_word' id='word_1_297' title='bbox 1103 2649 1229 2724; x_wconf 83' lang='lat' dir='ltr'><strong>Philo·</strong></span> <span class='ocrx_word' id='word_1_298' title='bbox 1280 2653 1463 2730; x_wconf 89' lang='lat' dir='ltr'><strong>doctrinae</strong></span> <span class='ocrx_word' id='word_1_299' title='bbox 1477 2653 1629 2727; x_wconf 89' lang='lat' dir='ltr'><strong>coelesti.</strong></span> <span class='ocrx_word' id='word_1_300' title='bbox 1681 2651 1742 2724; x_wconf 88' lang='lat' dir='ltr'><strong>Sic</strong></span> <span class='ocrx_word' id='word_1_301' title='bbox 1758 2656 1852 2726; x_wconf 92' lang='lat' dir='ltr'><strong>enim</strong></span> <span class='ocrx_word' id='word_1_302' title='bbox 1869 2658 1988 2752; x_wconf 91' lang='lat' dir='ltr'><strong>inquit</strong></span> <span class='ocrx_word' id='word_1_303' title='bbox 2002 2656 2189 2728; x_wconf 88' lang='lat' dir='ltr'><strong>Lucanus:</strong></span> 
     </span>
     <span class='ocr_line' id='line_1_25' title="bbox 240 2751 1829 2848; baseline -0.001 -22"><span class='ocrx_word' id='word_1_304' title='bbox 240 2752 424 2848; x_wconf 85' lang='lat' dir='ltr'><strong>sophiam,</strong></span> <span class='ocrx_word' id='word_1_305' title='bbox 450 2767 483 2824; x_wconf 91' lang='lat' dir='ltr'><strong>et</strong></span> <span class='ocrx_word' id='word_1_306' title='bbox 501 2767 635 2844; x_wconf 87' lang='lat' dir='ltr'><strong>partem</strong></span> <span class='ocrx_word' id='word_1_307' title='bbox 652 2753 805 2844; x_wconf 89' lang='lat' dir='ltr'><strong>aliquam</strong></span> <span class='ocrx_word' id='word_1_308' title='bbox 825 2751 1099 2827; x_wconf 88' lang='lat' dir='ltr'><strong>Medicaeartis.</strong></span> <span class='ocrx_word' id='word_1_309' title='bbox 1135 2753 1227 2824; x_wconf 86' lang='lat' dir='ltr'><strong>Nam</strong></span> <span class='ocrx_word' id='word_1_310' title='bbox 1380 2759 1482 2824; x_wconf 79' lang='lat' dir='ltr'><strong>Media</strong></span> <span class='ocrx_word' id='word_1_311' title='bbox 1496 2763 1699 2842; x_wconf 72' lang='lat' dir='ltr'><strong>insuperalis</strong></span> <span class='ocrx_word' id='word_1_312' title='bbox 1712 2783 1829 2843; x_wconf 79' lang='lat' dir='ltr'><strong>semper</strong></span> 
     </span>
     <span class='ocr_line' id='line_1_26' title="bbox 240 2852 2152 2949; baseline -0.001 -22"><span class='ocrx_word' id='word_1_313' title='bbox 240 2853 333 2928; x_wconf 89' lang='lat' dir='ltr'><strong>hanc</strong></span> <span class='ocrx_word' id='word_1_314' title='bbox 355 2877 497 2949; x_wconf 90' lang='lat' dir='ltr'><strong>quoque</strong></span> <span class='ocrx_word' id='word_1_315' title='bbox 515 2865 609 2923; x_wconf 91' lang='lat' dir='ltr'><strong>recte</strong></span> <span class='ocrx_word' id='word_1_316' title='bbox 630 2852 818 2937; x_wconf 89' lang='lat' dir='ltr'><strong>iudicavit,</strong></span> <span class='ocrx_word' id='word_1_317' title='bbox 857 2855 1007 2926; x_wconf 89' lang='lat' dir='ltr'><strong>ducturo</strong></span> <span class='ocrx_word' id='word_1_318' title='bbox 1035 2854 1227 2948; x_wconf 91' lang='lat' dir='ltr'><strong>aliquando</strong></span> <span class='ocrx_word' id='word_1_319' title='bbox 1381 2859 1543 2926; x_wconf 78' lang='lat' dir='ltr'><strong>Stellarum</strong></span> <span class='ocrx_word' id='word_1_320' title='bbox 1557 2865 1822 2948; x_wconf 81' lang='lat' dir='ltr'><strong>coeliqueptrgtr,</strong></span> <span class='ocrx_word' id='word_1_321' title='bbox 1847 2863 2021 2948; x_wconf 82' lang='lat' dir='ltr'><strong>superisque</strong></span> <span class='ocrx_word' id='word_1_322' title='bbox 2035 2867 2152 2927; x_wconf 76' lang='lat' dir='ltr'><strong>vecari.</strong></span> 
     </span>
     <span class='ocr_line' id='line_1_27' title="bbox 240 2953 1681 3048; baseline 0.002 -21"><span class='ocrx_word' id='word_1_323' title='bbox 240 2957 416 3028; x_wconf 85' lang='lat' dir='ltr'><strong>exercitus</strong></span> <span class='ocrx_word' id='word_1_324' title='bbox 436 2976 565 3043; x_wconf 83' lang='lat' dir='ltr'><strong>magno</strong></span> <span class='ocrx_word' id='word_1_325' title='bbox 579 2953 660 3023; x_wconf 91' lang='lat' dir='ltr'><strong>usui</strong></span> <span class='ocrx_word' id='word_1_326' title='bbox 674 2953 761 3048; x_wconf 79' lang='lat' dir='ltr'><strong>fore.</strong></span> <span class='ocrx_word' id='word_1_327' title='bbox 1380 2961 1497 3026; x_wconf 83' lang='lat' dir='ltr'><strong>Tantos</strong></span> <span class='ocrx_word' id='word_1_328' title='bbox 1509 2967 1681 3030; x_wconf 78' lang='lat' dir='ltr'><strong>moereri.</strong></span> 
     </span>
    </p>

    <p class='ocr_par' dir='ltr' id='par_1_14' title="bbox 212 3049 2259 4454">
     <span class='ocr_line' id='line_1_28' title="bbox 300 3049 2258 3146; baseline 0.001 -20"><span class='ocrx_word' id='word_1_329' title='bbox 300 3089 304 3096; x_wconf 61' lang='lat'>¹</span> <span class='ocrx_word' id='word_1_330' title='bbox 343 3053 434 3126; x_wconf 91' lang='lat' dir='ltr'><strong>Cum</strong></span> <span class='ocrx_word' id='word_1_331' title='bbox 465 3067 582 3124; x_wconf 85' lang='lat' dir='ltr'><strong>autem</strong></span> <span class='ocrx_word' id='word_1_332' title='bbox 610 3077 722 3122; x_wconf 87' lang='lat' dir='ltr'><strong>annos</strong></span> <span class='ocrx_word' id='word_1_333' title='bbox 753 3065 831 3122; x_wconf 91' lang='lat' dir='ltr'><strong>octo</strong></span> <span class='ocrx_word' id='word_1_334' title='bbox 867 3055 962 3144; x_wconf 90' lang='lat' dir='ltr'><strong>apud</strong></span> <span class='ocrx_word' id='word_1_335' title='bbox 986 3049 1226 3127; x_wconf 79' lang='lat' dir='ltr'><strong>Alexandrum</strong></span> <span class='ocrx_word' id='word_1_336' title='bbox 1280 3057 1393 3130; x_wconf 91' lang='lat' dir='ltr'><strong>lulius</strong></span> <span class='ocrx_word' id='word_1_337' title='bbox 1414 3057 1541 3146; x_wconf 90' lang='lat' dir='ltr'><strong>igitur,</strong></span> <span class='ocrx_word' id='word_1_338' title='bbox 1571 3071 1613 3128; x_wconf 89' lang='lat' dir='ltr'><strong>ut</strong></span> <span class='ocrx_word' id='word_1_339' title='bbox 1633 3056 1748 3142; x_wconf 91' lang='lat' dir='ltr'><strong>scitis,</strong></span> <span class='ocrx_word' id='word_1_340' title='bbox 1779 3056 1846 3128; x_wconf 88' lang='lat' dir='ltr'><strong>toti</strong></span> <span class='ocrx_word' id='word_1_341' title='bbox 1867 3056 1947 3127; x_wconf 92' lang='lat' dir='ltr'><strong>orbi</strong></span> <span class='ocrx_word' id='word_1_342' title='bbox 1971 3069 2149 3130; x_wconf 76' lang='lat' dir='ltr'><strong>terramus</strong></span> <span class='ocrx_word' id='word_1_343' title='bbox 2173 3054 2258 3130; x_wconf 86' lang='lat' dir='ltr'><strong>hanc</strong></span> 
     </span>
     <span class='ocr_line' id='line_1_29' title="bbox 243 3149 2258 3250; baseline 0.001 -24"><span class='ocrx_word' id='word_1_344' title='bbox 243 3157 446 3236; x_wconf 87' lang='lat' dir='ltr'><strong>mansisset,</strong></span> <span class='ocrx_word' id='word_1_345' title='bbox 479 3154 585 3224; x_wconf 90' lang='lat' dir='ltr'><strong>rediit</strong></span> <span class='ocrx_word' id='word_1_346' title='bbox 603 3149 762 3222; x_wconf 82' lang='lat' dir='ltr'><strong>Athenas</strong></span> <span class='ocrx_word' id='word_1_347' title='bbox 785 3149 1011 3240; x_wconf 90' lang='lat' dir='ltr'><strong>Aristoteles,</strong></span> <span class='ocrx_word' id='word_1_348' title='bbox 1043 3181 1083 3228; x_wconf 90' lang='lat' dir='ltr'><strong>ac</strong></span> <span class='ocrx_word' id='word_1_349' title='bbox 1107 3179 1228 3227; x_wconf 88' lang='lat' dir='ltr'><strong>rursus</strong></span> <span class='ocrx_word' id='word_1_350' title='bbox 1279 3159 1365 3230; x_wconf 90' lang='lat' dir='ltr'><strong>anni</strong></span> <span class='ocrx_word' id='word_1_351' title='bbox 1390 3158 1685 3248; x_wconf 82' lang='lat' dir='ltr'><strong>descriptionem,</strong></span> <span class='ocrx_word' id='word_1_352' title='bbox 1711 3180 1780 3250; x_wconf 92' lang='lat' dir='ltr'><strong>qua</strong></span> <span class='ocrx_word' id='word_1_353' title='bbox 1803 3151 1974 3228; x_wconf 88' lang='lat' dir='ltr'><strong>hactenus</strong></span> <span class='ocrx_word' id='word_1_354' title='bbox 1989 3159 2149 3244; x_wconf 90' lang='lat' dir='ltr'><strong>utimur,</strong></span> <span class='ocrx_word' id='word_1_355' title='bbox 2172 3157 2258 3230; x_wconf 88' lang='lat' dir='ltr'><strong>tradi</strong></span> 
     </span>
     <span class='ocr_line' id='line_1_30' title="bbox 243 3249 2259 3348; baseline 0 -20"><span class='ocrx_word' id='word_1_356' title='bbox 243 3259 369 3328; x_wconf 78' lang='lat' dir='ltr'><strong>docere</strong></span> <span class='ocrx_word' id='word_1_357' title='bbox 387 3254 528 3348; x_wconf 90' lang='lat' dir='ltr'><strong>publice</strong></span> <span class='ocrx_word' id='word_1_358' title='bbox 543 3254 670 3346; x_wconf 89' lang='lat' dir='ltr'><strong>coepit.</strong></span> <span class='ocrx_word' id='word_1_359' title='bbox 716 3249 794 3324; x_wconf 86' lang='lat' dir='ltr'><strong>Etsi</strong></span> <span class='ocrx_word' id='word_1_360' title='bbox 810 3267 926 3328; x_wconf 87' lang='lat' dir='ltr'><strong>antem</strong></span> <span class='ocrx_word' id='word_1_361' title='bbox 942 3257 1058 3326; x_wconf 89' lang='lat' dir='ltr'><strong>studia</strong></span> <span class='ocrx_word' id='word_1_362' title='bbox 1075 3253 1228 3328; x_wconf 87' lang='lat' dir='ltr'><strong>Athenis</strong></span> <span class='ocrx_word' id='word_1_363' title='bbox 1280 3259 1427 3330; x_wconf 87' lang='lat' dir='ltr'><strong>curavit.</strong></span> <span class='ocrx_word' id='word_1_364' title='bbox 1480 3254 1620 3328; x_wconf 91' lang='lat' dir='ltr'><strong>Omitto</strong></span> <span class='ocrx_word' id='word_1_365' title='bbox 1650 3258 1749 3332; x_wconf 87' lang='lat' dir='ltr'><strong>alios.</strong></span> <span class='ocrx_word' id='word_1_366' title='bbox 1800 3254 1906 3328; x_wconf 91' lang='lat' dir='ltr'><strong>Nunc</strong></span> <span class='ocrx_word' id='word_1_367' title='bbox 1937 3261 2171 3330; x_wconf 89' lang='lat' dir='ltr'><strong>metuendum</strong></span> <span class='ocrx_word' id='word_1_368' title='bbox 2203 3273 2259 3342; x_wconf 86' lang='lat' dir='ltr'><strong>est,</strong></span> 
     </span>
     <span class='ocr_line' id='line_1_31' title="bbox 241 3351 2258 3452; baseline 0 -24"><span class='ocrx_word' id='word_1_369' title='bbox 241 3357 451 3452; x_wconf 83' lang='lat' dir='ltr'><strong>aliquandiu</strong></span> <span class='ocrx_word' id='word_1_370' title='bbox 465 3355 701 3426; x_wconf 87' lang='lat' dir='ltr'><strong>interturbata</strong></span> <span class='ocrx_word' id='word_1_371' title='bbox 717 3367 817 3440; x_wconf 89' lang='lat' dir='ltr'><strong>sunt,</strong></span> <span class='ocrx_word' id='word_1_372' title='bbox 841 3379 921 3424; x_wconf 92' lang='lat' dir='ltr'><strong>cum</strong></span> <span class='ocrx_word' id='word_1_373' title='bbox 932 3353 1156 3428; x_wconf 88' lang='lat' dir='ltr'><strong>Macedonici</strong></span> <span class='ocrx_word' id='word_1_374' title='bbox 1171 3382 1228 3428; x_wconf 91' lang='lat' dir='ltr'><strong>re·</strong></span> <span class='ocrx_word' id='word_1_375' title='bbox 1280 3360 1482 3450; x_wconf 91' lang='lat' dir='ltr'><strong>principum</strong></span> <span class='ocrx_word' id='word_1_376' title='bbox 1505 3357 1718 3448; x_wconf 72' lang='lat' dir='ltr'><strong>negligentia</strong></span> <span class='ocrx_word' id='word_1_377' title='bbox 1741 3359 1870 3428; x_wconf 89' lang='lat' dir='ltr'><strong>multas</strong></span> <span class='ocrx_word' id='word_1_378' title='bbox 1891 3351 2056 3430; x_wconf 90' lang='lat' dir='ltr'><strong>honestas</strong></span> <span class='ocrx_word' id='word_1_379' title='bbox 2079 3373 2175 3430; x_wconf 89' lang='lat' dir='ltr'><strong>artes</strong></span> <span class='ocrx_word' id='word_1_380' title='bbox 2207 3361 2258 3428; x_wconf 91' lang='lat' dir='ltr'><strong>in·</strong></span> 
     </span>
     <span class='ocr_line' id='line_1_32' title="bbox 242 3454 2257 3550; baseline 0.001 -24"><span class='ocrx_word' id='word_1_381' title='bbox 242 3483 302 3550; x_wconf 87' lang='lat' dir='ltr'><strong>ges</strong></span> <span class='ocrx_word' id='word_1_382' title='bbox 318 3483 415 3528; x_wconf 89' lang='lat' dir='ltr'><strong>arma</strong></span> <span class='ocrx_word' id='word_1_383' title='bbox 432 3454 603 3526; x_wconf 87' lang='lat' dir='ltr'><strong>Graeciae</strong></span> <span class='ocrx_word' id='word_1_384' title='bbox 620 3455 808 3525; x_wconf 85' lang='lat' dir='ltr'><strong>inferrent:</strong></span> <span class='ocrx_word' id='word_1_385' title='bbox 841 3469 961 3526; x_wconf 89' lang='lat' dir='ltr'><strong>tamen</strong></span> <span class='ocrx_word' id='word_1_386' title='bbox 977 3471 1115 3549; x_wconf 91' lang='lat' dir='ltr'><strong>postea,</strong></span> <span class='ocrx_word' id='word_1_387' title='bbox 1146 3483 1227 3528; x_wconf 91' lang='lat' dir='ltr'><strong>cum</strong></span> <span class='ocrx_word' id='word_1_388' title='bbox 1279 3461 1445 3531; x_wconf 88' lang='lat' dir='ltr'><strong>terituras</strong></span> <span class='ocrx_word' id='word_1_389' title='bbox 1462 3482 1548 3534; x_wconf 87' lang='lat' dir='ltr'><strong>esse.</strong></span> <span class='ocrx_word' id='word_1_390' title='bbox 1597 3455 1713 3530; x_wconf 87' lang='lat' dir='ltr'><strong>Deum</strong></span> <span class='ocrx_word' id='word_1_391' title='bbox 1730 3457 1838 3547; x_wconf 87' lang='lat' dir='ltr'><strong>igitur</strong></span> <span class='ocrx_word' id='word_1_392' title='bbox 1852 3481 2014 3540; x_wconf 87' lang='lat' dir='ltr'><strong>oremus,</strong></span> <span class='ocrx_word' id='word_1_393' title='bbox 2051 3473 2091 3530; x_wconf 94' lang='lat' dir='ltr'><strong>ut</strong></span> <span class='ocrx_word' id='word_1_394' title='bbox 2105 3461 2257 3530; x_wconf 85' lang='lat' dir='ltr'><strong>saniores</strong></span> 
     </span>
     <span class='ocr_line' id='line_1_33' title="bbox 212 3553 2258 3654; baseline 0 -24"><span class='ocrx_word' id='word_1_395' title='bbox 212 3559 446 3631; x_wconf 85' lang='lat' dir='ltr'><strong>Alexander</strong></span> <span class='ocrx_word' id='word_1_396' title='bbox 461 3557 499 3626; x_wconf 91' lang='lat' dir='ltr'><strong>in</strong></span> <span class='ocrx_word' id='word_1_397' title='bbox 517 3553 637 3627; x_wconf 89' lang='lat' dir='ltr'><strong>Asiam</strong></span> <span class='ocrx_word' id='word_1_398' title='bbox 651 3555 808 3640; x_wconf 87' lang='lat' dir='ltr'><strong>traiecit,</strong></span> <span class='ocrx_word' id='word_1_399' title='bbox 841 3557 1052 3632; x_wconf 87' lang='lat' dir='ltr'><strong>ociomfuit.</strong></span> <span class='ocrx_word' id='word_1_400' title='bbox 1101 3555 1150 3629; x_wconf 84' lang='lat' dir='ltr'><strong>Et</strong></span> <span class='ocrx_word' id='word_1_401' title='bbox 1163 3584 1228 3629; x_wconf 88' lang='lat' dir='ltr'><strong>au·</strong></span> <span class='ocrx_word' id='word_1_402' title='bbox 1280 3561 1418 3654; x_wconf 92' lang='lat' dir='ltr'><strong>aliquos</strong></span> <span class='ocrx_word' id='word_1_403' title='bbox 1433 3561 1620 3644; x_wconf 89' lang='lat' dir='ltr'><strong>accendat,</strong></span> <span class='ocrx_word' id='word_1_404' title='bbox 1644 3573 1684 3630; x_wconf 93' lang='lat' dir='ltr'><strong>ut</strong></span> <span class='ocrx_word' id='word_1_405' title='bbox 1701 3558 1740 3628; x_wconf 87' lang='lat' dir='ltr'><strong>in</strong></span> <span class='ocrx_word' id='word_1_406' title='bbox 1766 3553 1831 3628; x_wconf 89' lang='lat' dir='ltr'><strong>hac</strong></span> <span class='ocrx_word' id='word_1_407' title='bbox 1853 3581 1891 3628; x_wconf 90' lang='lat' dir='ltr'><strong>re</strong></span> <span class='ocrx_word' id='word_1_408' title='bbox 1913 3561 2094 3630; x_wconf 89' lang='lat' dir='ltr'><strong>communi</strong></span> <span class='ocrx_word' id='word_1_409' title='bbox 2118 3559 2258 3634; x_wconf 87' lang='lat' dir='ltr'><strong>utilitati</strong></span> 
     </span>
     <span class='ocr_line' id='line_1_34' title="bbox 240 3653 2257 3752; baseline -0.001 -18"><span class='ocrx_word' id='word_1_410' title='bbox 240 3661 418 3734; x_wconf 83' lang='lat' dir='ltr'><strong>toritatem</strong></span> <span class='ocrx_word' id='word_1_411' title='bbox 443 3653 646 3728; x_wconf 89' lang='lat' dir='ltr'><strong>Aristotelis</strong></span> <span class='ocrx_word' id='word_1_412' title='bbox 673 3656 847 3749; x_wconf 89' lang='lat' dir='ltr'><strong>profuisse</strong></span> <span class='ocrx_word' id='word_1_413' title='bbox 873 3655 1044 3730; x_wconf 89' lang='lat' dir='ltr'><strong>Graeciae</strong></span> <span class='ocrx_word' id='word_1_414' title='bbox 1065 3683 1139 3729; x_wconf 93' lang='lat' dir='ltr'><strong>non</strong></span> <span class='ocrx_word' id='word_1_415' title='bbox 1160 3662 1228 3730; x_wconf 91' lang='lat' dir='ltr'><strong>du·</strong></span> <span class='ocrx_word' id='word_1_416' title='bbox 1280 3661 1417 3752; x_wconf 88' lang='lat' dir='ltr'><strong>generis</strong></span> <span class='ocrx_word' id='word_1_417' title='bbox 1432 3656 1580 3732; x_wconf 92' lang='lat' dir='ltr'><strong>humani</strong></span> <span class='ocrx_word' id='word_1_418' title='bbox 1595 3659 1793 3748; x_wconf 89' lang='lat' dir='ltr'><strong>diligentia,</strong></span> <span class='ocrx_word' id='word_1_419' title='bbox 1819 3671 1854 3728; x_wconf 92' lang='lat' dir='ltr'><strong>et</strong></span> <span class='ocrx_word' id='word_1_420' title='bbox 1867 3658 2049 3730; x_wconf 90' lang='lat' dir='ltr'><strong>liberalius</strong></span> <span class='ocrx_word' id='word_1_421' title='bbox 2063 3661 2257 3732; x_wconf 83' lang='lat' dir='ltr'><strong>consulant.</strong></span> 
     </span>
     <span class='ocr_line' id='line_1_35' title="bbox 241 3756 2256 3852; baseline 0 -22"><span class='ocrx_word' id='word_1_422' title='bbox 241 3763 343 3831; x_wconf 89' lang='lat' dir='ltr'><strong>bium</strong></span> <span class='ocrx_word' id='word_1_423' title='bbox 366 3773 435 3842; x_wconf 89' lang='lat' dir='ltr'><strong>est,</strong></span> <span class='ocrx_word' id='word_1_424' title='bbox 475 3781 556 3841; x_wconf 82' lang='lat' dir='ltr'><strong>cum</strong></span> <span class='ocrx_word' id='word_1_425' title='bbox 584 3781 699 3846; x_wconf 90' lang='lat' dir='ltr'><strong>regem</strong></span> <span class='ocrx_word' id='word_1_426' title='bbox 728 3757 897 3828; x_wconf 89' lang='lat' dir='ltr'><strong>victorem</strong></span> <span class='ocrx_word' id='word_1_427' title='bbox 920 3760 963 3828; x_wconf 91' lang='lat' dir='ltr'><strong>de</strong></span> <span class='ocrx_word' id='word_1_428' title='bbox 987 3761 1228 3831; x_wconf 89' lang='lat' dir='ltr'><strong>moderatione</strong></span> <span class='ocrx_word' id='word_1_429' title='bbox 1382 3759 1453 3832; x_wconf 89' lang='lat' dir='ltr'><strong>Sed</strong></span> <span class='ocrx_word' id='word_1_430' title='bbox 1476 3762 1582 3830; x_wconf 90' lang='lat' dir='ltr'><strong>redeo</strong></span> <span class='ocrx_word' id='word_1_431' title='bbox 1603 3762 1648 3830; x_wconf 83' lang='lat' dir='ltr'><strong>ad</strong></span> <span class='ocrx_word' id='word_1_432' title='bbox 1670 3756 1918 3846; x_wconf 89' lang='lat' dir='ltr'><strong>Aristotelem,</strong></span> <span class='ocrx_word' id='word_1_433' title='bbox 1954 3759 2016 3852; x_wconf 90' lang='lat' dir='ltr'><strong>qui</strong></span> <span class='ocrx_word' id='word_1_434' title='bbox 2039 3762 2079 3830; x_wconf 90' lang='lat' dir='ltr'><strong>in</strong></span> <span class='ocrx_word' id='word_1_435' title='bbox 2099 3762 2165 3832; x_wconf 92' lang='lat' dir='ltr'><strong>illo</strong></span> <span class='ocrx_word' id='word_1_436' title='bbox 2187 3763 2256 3830; x_wconf 90' lang='lat' dir='ltr'><strong>ocio</strong></span> 
     </span>
     <span class='ocr_line' id='line_1_36' title="bbox 240 3854 2256 3954; baseline 0.001 -25"><span class='ocrx_word' id='word_1_437' title='bbox 240 3861 409 3932; x_wconf 77' lang='lat' dir='ltr'><strong>victoriae</strong></span> <span class='ocrx_word' id='word_1_438' title='bbox 425 3860 534 3929; x_wconf 92' lang='lat' dir='ltr'><strong>multa</strong></span> <span class='ocrx_word' id='word_1_439' title='bbox 549 3869 725 3940; x_wconf 89' lang='lat' dir='ltr'><strong>moneret,</strong></span> <span class='ocrx_word' id='word_1_440' title='bbox 760 3860 1014 3930; x_wconf 87' lang='lat' dir='ltr'><strong>etaccenderet</strong></span> <span class='ocrx_word' id='word_1_441' title='bbox 1031 3863 1075 3930; x_wconf 90' lang='lat' dir='ltr'><strong>ad</strong></span> <span class='ocrx_word' id='word_1_442' title='bbox 1093 3863 1226 3931; x_wconf 90' lang='lat' dir='ltr'><strong>bellum</strong></span> <span class='ocrx_word' id='word_1_443' title='bbox 1280 3885 1457 3934; x_wconf 90' lang='lat' dir='ltr'><strong>annorum</strong></span> <span class='ocrx_word' id='word_1_444' title='bbox 1486 3859 1673 3946; x_wconf 87' lang='lat' dir='ltr'><strong>tredecim,</strong></span> <span class='ocrx_word' id='word_1_445' title='bbox 1707 3883 1779 3954; x_wconf 89' lang='lat' dir='ltr'><strong>quo</strong></span> <span class='ocrx_word' id='word_1_446' title='bbox 1804 3854 1956 3932; x_wconf 89' lang='lat' dir='ltr'><strong>Athenis</strong></span> <span class='ocrx_word' id='word_1_447' title='bbox 1983 3863 2120 3947; x_wconf 89' lang='lat' dir='ltr'><strong>docuit,</strong></span> <span class='ocrx_word' id='word_1_448' title='bbox 2154 3864 2256 3932; x_wconf 81' lang='lat' dir='ltr'><strong>mrrlta</strong></span> 
     </span>
     <span class='ocr_line' id='line_1_37' title="bbox 241 3953 2254 4055; baseline 0.001 -25"><span class='ocrx_word' id='word_1_449' title='bbox 241 3962 281 4030; x_wconf 91' lang='lat' dir='ltr'><strong>in</strong></span> <span class='ocrx_word' id='word_1_450' title='bbox 296 3960 418 4032; x_wconf 92' lang='lat' dir='ltr'><strong>Asiam</strong></span> <span class='ocrx_word' id='word_1_451' title='bbox 435 3957 730 4030; x_wconf 77' lang='lat' dir='ltr'><strong>transferendum.</strong></span> <span class='ocrx_word' id='word_1_452' title='bbox 782 3954 912 4028; x_wconf 85' lang='lat' dir='ltr'><strong>Extant</strong></span> <span class='ocrx_word' id='word_1_453' title='bbox 932 3953 1038 4029; x_wconf 91' lang='lat' dir='ltr'><strong>hodie</strong></span> <span class='ocrx_word' id='word_1_454' title='bbox 1060 3961 1228 4052; x_wconf 90' lang='lat' dir='ltr'><strong>epistolae</strong></span> <span class='ocrx_word' id='word_1_455' title='bbox 1280 3962 1440 4054; x_wconf 89' lang='lat' dir='ltr'><strong>scripsit,</strong></span> <span class='ocrx_word' id='word_1_456' title='bbox 1466 3985 1617 4055; x_wconf 89' lang='lat' dir='ltr'><strong>quorum</strong></span> <span class='ocrx_word' id='word_1_457' title='bbox 1634 3983 1715 4052; x_wconf 88' lang='lat' dir='ltr'><strong>pars</strong></span> <span class='ocrx_word' id='word_1_458' title='bbox 1736 3983 1811 4030; x_wconf 91' lang='lat' dir='ltr'><strong>non</strong></span> <span class='ocrx_word' id='word_1_459' title='bbox 1835 3963 2093 4032; x_wconf 88' lang='lat' dir='ltr'><strong>contemnenda</strong></span> <span class='ocrx_word' id='word_1_460' title='bbox 2118 3983 2254 4053; x_wconf 88' lang='lat' dir='ltr'><strong>prorsus</strong></span> 
     </span>
     <span class='ocr_line' id='line_1_38' title="bbox 241 4057 2254 4156; baseline -0.001 -21"><span class='ocrx_word' id='word_1_461' title='bbox 241 4065 286 4136; x_wconf 85' lang='lat' dir='ltr'><strong>ad</strong></span> <span class='ocrx_word' id='word_1_462' title='bbox 304 4057 610 4132; x_wconf 79' lang='lat' dir='ltr'><strong>Alexandrum&#39;ab</strong></span> <span class='ocrx_word' id='word_1_463' title='bbox 626 4059 702 4150; x_wconf 92' lang='lat' dir='ltr'><strong>ipso</strong></span> <span class='ocrx_word' id='word_1_464' title='bbox 720 4059 889 4150; x_wconf 86' lang='lat' dir='ltr'><strong>scriptae,</strong></span> <span class='ocrx_word' id='word_1_465' title='bbox 927 4060 966 4130; x_wconf 91' lang='lat' dir='ltr'><strong>in</strong></span> <span class='ocrx_word' id='word_1_466' title='bbox 989 4062 1119 4155; x_wconf 90' lang='lat' dir='ltr'><strong>quibus</strong></span> <span class='ocrx_word' id='word_1_467' title='bbox 1142 4058 1228 4133; x_wconf 91' lang='lat' dir='ltr'><strong>haec</strong></span> <span class='ocrx_word' id='word_1_468' title='bbox 1279 4062 1405 4156; x_wconf 90' lang='lat' dir='ltr'><strong>pariit,</strong></span> <span class='ocrx_word' id='word_1_469' title='bbox 1426 4063 1521 4134; x_wconf 90' lang='lat' dir='ltr'><strong>utin</strong></span> <span class='ocrx_word' id='word_1_470' title='bbox 1536 4062 1643 4132; x_wconf 85' lang='lat' dir='ltr'><strong>lautis</strong></span> <span class='ocrx_word' id='word_1_471' title='bbox 1667 4073 1794 4136; x_wconf 88' lang='lat' dir='ltr'><strong>ettam</strong></span> <span class='ocrx_word' id='word_1_472' title='bbox 1817 4061 1949 4130; x_wconf 88' lang='lat' dir='ltr'><strong>crebris</strong></span> <span class='ocrx_word' id='word_1_473' title='bbox 1972 4063 2184 4134; x_wconf 88' lang='lat' dir='ltr'><strong>tumultibus</strong></span> <span class='ocrx_word' id='word_1_474' title='bbox 2205 4085 2254 4132; x_wconf 87' lang='lat' dir='ltr'><strong>re-</strong></span> 
     </span>
     <span class='ocr_line' id='line_1_39' title="bbox 242 4159 2254 4251; baseline 0 -19"><span class='ocrx_word' id='word_1_475' title='bbox 242 4159 487 4232; x_wconf 86' lang='lat' dir='ltr'><strong>honestissima</strong></span> <span class='ocrx_word' id='word_1_476' title='bbox 517 4160 631 4229; x_wconf 88' lang='lat' dir='ltr'><strong>oratio</strong></span> <span class='ocrx_word' id='word_1_477' title='bbox 654 4173 725 4244; x_wconf 90' lang='lat' dir='ltr'><strong>est,</strong></span> <span class='ocrx_word' id='word_1_478' title='bbox 755 4161 902 4251; x_wconf 91' lang='lat' dir='ltr'><strong>imperia</strong></span> <span class='ocrx_word' id='word_1_479' title='bbox 924 4163 968 4230; x_wconf 91' lang='lat' dir='ltr'><strong>ad</strong></span> <span class='ocrx_word' id='word_1_480' title='bbox 994 4164 1168 4234; x_wconf 90' lang='lat' dir='ltr'><strong>iusticiam</strong></span> <span class='ocrx_word' id='word_1_481' title='bbox 1193 4179 1228 4234; x_wconf 91' lang='lat' dir='ltr'><strong>et</strong></span> <span class='ocrx_word' id='word_1_482' title='bbox 1279 4187 1359 4236; x_wconf 91' lang='lat' dir='ltr'><strong>rum</strong></span> <span class='ocrx_word' id='word_1_483' title='bbox 1376 4159 1613 4234; x_wconf 89' lang='lat' dir='ltr'><strong>humanarum</strong></span> <span class='ocrx_word' id='word_1_484' title='bbox 1630 4185 1705 4232; x_wconf 88' lang='lat' dir='ltr'><strong>uon</strong></span> <span class='ocrx_word' id='word_1_485' title='bbox 1720 4161 1834 4234; x_wconf 90' lang='lat' dir='ltr'><strong>solum</strong></span> <span class='ocrx_word' id='word_1_486' title='bbox 1851 4161 1936 4232; x_wconf 91' lang='lat' dir='ltr'><strong>libri</strong></span> <span class='ocrx_word' id='word_1_487' title='bbox 1960 4177 1995 4234; x_wconf 88' lang='lat' dir='ltr'><strong>et</strong></span> <span class='ocrx_word' id='word_1_488' title='bbox 2018 4159 2177 4249; x_wconf 88' lang='lat' dir='ltr'><strong>chartae,</strong></span> <span class='ocrx_word' id='word_1_489' title='bbox 2200 4162 2254 4232; x_wconf 90' lang='lat' dir='ltr'><strong>sed</strong></span> 
     </span>
     <span class='ocr_line' id='line_1_40' title="bbox 241 4256 2253 4357; baseline -0.001 -25"><span class='ocrx_word' id='word_1_490' title='bbox 241 4265 285 4332; x_wconf 89' lang='lat' dir='ltr'><strong>ad</strong></span> <span class='ocrx_word' id='word_1_491' title='bbox 305 4262 597 4332; x_wconf 87' lang='lat' dir='ltr'><strong>benefaciendum</strong></span> <span class='ocrx_word' id='word_1_492' title='bbox 614 4260 734 4350; x_wconf 86' lang='lat' dir='ltr'><strong>generi</strong></span> <span class='ocrx_word' id='word_1_493' title='bbox 754 4256 910 4332; x_wconf 91' lang='lat' dir='ltr'><strong>humano</strong></span> <span class='ocrx_word' id='word_1_494' title='bbox 934 4263 1117 4334; x_wconf 85' lang='lat' dir='ltr'><strong>referenda</strong></span> <span class='ocrx_word' id='word_1_495' title='bbox 1141 4287 1228 4349; x_wconf 89' lang='lat' dir='ltr'><strong>esse,</strong></span> <span class='ocrx_word' id='word_1_496' title='bbox 1280 4265 1387 4336; x_wconf 89' lang='lat' dir='ltr'><strong>etiam</strong></span> <span class='ocrx_word' id='word_1_497' title='bbox 1410 4263 1494 4334; x_wconf 90' lang='lat' dir='ltr'><strong>illae</strong></span> <span class='ocrx_word' id='word_1_498' title='bbox 1514 4262 1610 4355; x_wconf 90' lang='lat' dir='ltr'><strong>ipsae</strong></span> <span class='ocrx_word' id='word_1_499' title='bbox 1630 4285 1751 4334; x_wconf 80' lang='lat' dir='ltr'><strong>saxeae</strong></span> <span class='ocrx_word' id='word_1_500' title='bbox 1771 4262 1883 4332; x_wconf 90' lang='lat' dir='ltr'><strong>moles</strong></span> <span class='ocrx_word' id='word_1_501' title='bbox 1901 4275 2007 4356; x_wconf 89' lang='lat' dir='ltr'><strong>atque</strong></span> <span class='ocrx_word' id='word_1_502' title='bbox 2026 4287 2144 4350; x_wconf 88' lang='lat' dir='ltr'><strong>arces,</strong></span> <span class='ocrx_word' id='word_1_503' title='bbox 2174 4285 2253 4357; x_wconf 87' lang='lat' dir='ltr'><strong>quae</strong></span> 
     </span>
     <span class='ocr_line' id='line_1_41' title="bbox 237 4357 2252 4454; baseline 0.001 -22"><span class='ocrx_word' id='word_1_504' title='bbox 237 4387 317 4433; x_wconf 86' lang='lat' dir='ltr'><strong>non</strong></span> <span class='ocrx_word' id='word_1_505' title='bbox 334 4365 379 4432; x_wconf 87' lang='lat' dir='ltr'><strong>ad</strong></span> <span class='ocrx_word' id='word_1_506' title='bbox 395 4361 593 4453; x_wconf 87' lang='lat' dir='ltr'><strong>superbiam</strong></span> <span class='ocrx_word' id='word_1_507' title='bbox 608 4376 649 4432; x_wconf 85' lang='lat' dir='ltr'><strong>et</strong></span> <span class='ocrx_word' id='word_1_508' title='bbox 661 4357 852 4432; x_wconf 90' lang='lat' dir='ltr'><strong>hominnm</strong></span> <span class='ocrx_word' id='word_1_509' title='bbox 871 4364 1073 4454; x_wconf 91' lang='lat' dir='ltr'><strong>perniciem.</strong></span> <span class='ocrx_word' id='word_1_510' title='bbox 1279 4367 1447 4436; x_wconf 86' lang='lat' dir='ltr'><strong>adversus</strong></span> <span class='ocrx_word' id='word_1_511' title='bbox 1460 4387 1602 4437; x_wconf 85' lang='lat' dir='ltr'><strong>omnem</strong></span> <span class='ocrx_word' id='word_1_512' title='bbox 1615 4363 1785 4434; x_wconf 89' lang='lat' dir='ltr'><strong>iniuriam</strong></span> <span class='ocrx_word' id='word_1_513' title='bbox 1801 4363 1894 4434; x_wconf 88' lang='lat' dir='ltr'><strong>vitae</strong></span> <span class='ocrx_word' id='word_1_514' title='bbox 1911 4365 1988 4434; x_wconf 95' lang='lat' dir='ltr'><strong>fore</strong></span> <span class='ocrx_word' id='word_1_515' title='bbox 2008 4366 2252 4445; x_wconf 82' lang='lat' dir='ltr'><strong>existimantur,</strong></span> 
     </span>
    </p>
   </div>
   <div class='ocr_carea' id='block_1_9' title="bbox 241 4461 2301 4759">
    <p class='ocr_par' dir='ltr' id='par_1_15' title="bbox 239 4461 2301 4759">
     <span class='ocr_line' id='line_1_42' title="bbox 337 4461 2301 4552; baseline 0 -18"><span class='ocrx_word' id='word_1_516' title='bbox 337 4461 403 4534; x_wconf 83' lang='lat' dir='ltr'><strong>‚Sic</strong></span> <span class='ocrx_word' id='word_1_517' title='bbox 426 4476 541 4532; x_wconf 87' lang='lat' dir='ltr'><strong>antero</strong></span> <span class='ocrx_word' id='word_1_518' title='bbox 552 4485 681 4552; x_wconf 57' lang='lat' dir='ltr'><strong>&gt;operas</strong></span> <span class='ocrx_word' id='word_1_519' title='bbox 700 4463 901 4549; x_wconf 83' lang='lat' dir='ltr'><strong>distribuit,</strong></span> <span class='ocrx_word' id='word_1_520' title='bbox 927 4479 968 4536; x_wconf 93' lang='lat' dir='ltr'><strong>ut</strong></span> <span class='ocrx_word' id='word_1_521' title='bbox 979 4489 1084 4536; x_wconf 90' lang='lat' dir='ltr'><strong>mane</strong></span> <span class='ocrx_word' id='word_1_522' title='bbox 1102 4461 1225 4536; x_wconf 88' lang='lat' dir='ltr'><strong>Philo·</strong></span> <span class='ocrx_word' id='word_1_523' title='bbox 1279 4466 1428 4538; x_wconf 87' lang='lat' dir='ltr'><strong>infinitis</strong></span> <span class='ocrx_word' id='word_1_524' title='bbox 1443 4465 1581 4536; x_wconf 91' lang='lat' dir='ltr'><strong>casibus</strong></span> <span class='ocrx_word' id='word_1_525' title='bbox 1594 4463 1767 4534; x_wconf 82' lang='lat' dir='ltr'><strong>obnoxiae</strong></span> <span class='ocrx_word' id='word_1_526' title='bbox 1781 4475 1876 4538; x_wconf 82' lang='lat' dir='ltr'><strong>sunt</strong></span> <span class='ocrx_word' id='word_1_527' title='bbox 1925 4461 1994 4534; x_wconf 91' lang='lat' dir='ltr'><strong>Dei</strong></span> <span class='ocrx_word' id='word_1_528' title='bbox 2016 4479 2135 4536; x_wconf 88' lang='lat' dir='ltr'><strong>tamen</strong></span> <span class='ocrx_word' id='word_1_529' title='bbox 2154 4468 2250 4536; x_wconf 90' lang='lat' dir='ltr'><strong>bene·</strong></span> <span class='ocrx_word' id='word_1_530' title='bbox 2300 4541 2301 4552; x_wconf 10' lang='grc' dir='ltr'>χ</span> 
     </span>
     <span class='ocr_line' id='line_1_43' title="bbox 241 4559 2301 4658; baseline -0.001 -23.002"><span class='ocrx_word' id='word_1_531' title='bbox 241 4559 402 4655; x_wconf 85' lang='lat' dir='ltr'><strong>sophiam</strong></span> <span class='ocrx_word' id='word_1_532' title='bbox 426 4564 599 4643; x_wconf 88' lang='lat' dir='ltr'><strong>traderet,</strong></span> <span class='ocrx_word' id='word_1_533' title='bbox 630 4565 870 4654; x_wconf 70' lang='lat' dir='ltr'><strong>uespertinum</strong></span> <span class='ocrx_word' id='word_1_534' title='bbox 893 4579 1034 4657; x_wconf 87' lang='lat' dir='ltr'><strong>tempus</strong></span> <span class='ocrx_word' id='word_1_535' title='bbox 1052 4567 1227 4636; x_wconf 87' lang='lat' dir='ltr'><strong>exercitiis</strong></span> <span class='ocrx_word' id='word_1_536' title='bbox 1279 4567 1397 4640; x_wconf 83' lang='lat' dir='ltr'><strong>ficium</strong></span> <span class='ocrx_word' id='word_1_537' title='bbox 1425 4587 1498 4636; x_wconf 90' lang='lat' dir='ltr'><strong>esse</strong></span> <span class='ocrx_word' id='word_1_538' title='bbox 1529 4565 1699 4646; x_wconf 88' lang='lat' dir='ltr'><strong>sciamus,</strong></span> <span class='ocrx_word' id='word_1_539' title='bbox 1733 4566 1829 4658; x_wconf 88' lang='lat' dir='ltr'><strong>quod</strong></span> <span class='ocrx_word' id='word_1_540' title='bbox 1853 4563 2021 4658; x_wconf 89' lang='lat' dir='ltr'><strong>reliquias</strong></span> <span class='ocrx_word' id='word_1_541' title='bbox 2041 4590 2116 4636; x_wconf 90' lang='lat' dir='ltr'><strong>non</strong></span> <span class='ocrx_word' id='word_1_542' title='bbox 2141 4580 2249 4638; x_wconf 70' lang='lat' dir='ltr'><strong>unues</strong></span> <span class='ocrx_word' id='word_1_543' title='bbox 2300 4633 2301 4646; x_wconf 59' lang='grc'>,</span> 
     </span>
     <span class='ocr_line' id='line_1_44' title="bbox 243 4659 2301 4759; baseline -0.001 -24"><span class='ocrx_word' id='word_1_544' title='bbox 243 4664 466 4758; x_wconf 88' lang='lat' dir='ltr'><strong>eloquentiae</strong></span> <span class='ocrx_word' id='word_1_545' title='bbox 489 4663 675 4738; x_wconf 86' lang='lat' dir='ltr'><strong>tribueret.</strong></span> <span class='ocrx_word' id='word_1_546' title='bbox 740 4663 897 4736; x_wconf 80' lang='lat' dir='ltr'><strong>Maxime</strong></span> <span class='ocrx_word' id='word_1_547' title='bbox 920 4691 1005 4736; x_wconf 85' lang='lat' dir='ltr'><strong>varo</strong></span> <span class='ocrx_word' id='word_1_548' title='bbox 1027 4667 1228 4738; x_wconf 87' lang='lat' dir='ltr'><strong>laudandus</strong></span> <span class='ocrx_word' id='word_1_549' title='bbox 1280 4663 1459 4740; x_wconf 83' lang='lat' dir='ltr'><strong>habemus.</strong></span> <span class='ocrx_word' id='word_1_550' title='bbox 1493 4663 1693 4738; x_wconf 89' lang='lat' dir='ltr'><strong>lnGraecia</strong></span> <span class='ocrx_word' id='word_1_551' title='bbox 1709 4665 1865 4736; x_wconf 89' lang='lat' dir='ltr'><strong>arbitror</strong></span> <span class='ocrx_word' id='word_1_552' title='bbox 1876 4679 1955 4756; x_wconf 91' lang='lat' dir='ltr'><strong>post</strong></span> <span class='ocrx_word' id='word_1_553' title='bbox 1964 4659 2249 4759; x_wconf 87' lang='lat' dir='ltr'><strong>Theophrastum,</strong></span> <span class='ocrx_word' id='word_1_554' title='bbox 2300 4687 2301 4699; x_wconf 58' lang='lat'>¹</span> 
     </span>
    </p>
   </div>
   <div class='ocr_carea' id='block_1_10' title="bbox 219 4761 2249 5466">
    <p class='ocr_par' dir='ltr' id='par_1_16' title="bbox 219 4761 2249 5466">
     <span class='ocr_line' id='line_1_45' title="bbox 240 4761 2249 4858; baseline 0 -22"><span class='ocrx_word' id='word_1_555' title='bbox 240 4781 292 4837; x_wconf 91' lang='lat' dir='ltr'><strong>est</strong></span> <span class='ocrx_word' id='word_1_556' title='bbox 304 4761 377 4840; x_wconf 79' lang='lat' dir='ltr'><strong>:hoc</strong></span> <span class='ocrx_word' id='word_1_557' title='bbox 388 4764 551 4848; x_wconf 88' lang='lat' dir='ltr'><strong>nomine,</strong></span> <span class='ocrx_word' id='word_1_558' title='bbox 575 4766 672 4856; x_wconf 95' lang='lat' dir='ltr'><strong>quod</strong></span> <span class='ocrx_word' id='word_1_559' title='bbox 685 4763 918 4836; x_wconf 89' lang='lat' dir='ltr'><strong>iustoordine</strong></span> <span class='ocrx_word' id='word_1_560' title='bbox 932 4767 1086 4858; x_wconf 85' lang='lat' dir='ltr'><strong>singulas</strong></span> <span class='ocrx_word' id='word_1_561' title='bbox 1100 4763 1227 4838; x_wconf 89' lang='lat' dir='ltr'><strong>Philo-</strong></span> <span class='ocrx_word' id='word_1_562' title='bbox 1280 4791 1360 4840; x_wconf 91' lang='lat' dir='ltr'><strong>curu</strong></span> <span class='ocrx_word' id='word_1_563' title='bbox 1375 4791 1488 4838; x_wconf 84' lang='lat' dir='ltr'><strong>novae</strong></span> <span class='ocrx_word' id='word_1_564' title='bbox 1503 4780 1617 4838; x_wconf 87' lang='lat' dir='ltr'><strong>sectae</strong></span> <span class='ocrx_word' id='word_1_565' title='bbox 1631 4779 1771 4838; x_wconf 85' lang='lat' dir='ltr'><strong>exortae</strong></span> <span class='ocrx_word' id='word_1_566' title='bbox 1788 4778 1921 4850; x_wconf 82' lang='lat' dir='ltr'><strong>essent,</strong></span> <span class='ocrx_word' id='word_1_567' title='bbox 1946 4763 2066 4838; x_wconf 91' lang='lat' dir='ltr'><strong>Stoica</strong></span> <span class='ocrx_word' id='word_1_568' title='bbox 2079 4779 2116 4837; x_wconf 91' lang='lat' dir='ltr'><strong>et</strong></span> <span class='ocrx_word' id='word_1_569' title='bbox 2130 4763 2249 4858; x_wconf 80' lang='lat' dir='ltr'><strong>Epicu·</strong></span> 
     </span>
     <span class='ocr_line' id='line_1_46' title="bbox 243 4863 2248 4962; baseline -0.002 -23"><span class='ocrx_word' id='word_1_570' title='bbox 243 4863 388 4959; x_wconf 85' lang='lat' dir='ltr'><strong>sophiae</strong></span> <span class='ocrx_word' id='word_1_571' title='bbox 408 4878 524 4956; x_wconf 89' lang='lat' dir='ltr'><strong>partes</strong></span> <span class='ocrx_word' id='word_1_572' title='bbox 548 4863 711 4936; x_wconf 85' lang='lat' dir='ltr'><strong>tradidit:</strong></span> <span class='ocrx_word' id='word_1_573' title='bbox 753 4880 788 4937; x_wconf 91' lang='lat' dir='ltr'><strong>et</strong></span> <span class='ocrx_word' id='word_1_574' title='bbox 806 4879 978 4960; x_wconf 83' lang='lat' dir='ltr'><strong>quantum</strong></span> <span class='ocrx_word' id='word_1_575' title='bbox 1002 4870 1078 4939; x_wconf 85' lang='lat' dir='ltr'><strong>beri</strong></span> <span class='ocrx_word' id='word_1_576' title='bbox 1100 4869 1228 4961; x_wconf 90' lang='lat' dir='ltr'><strong>potuit,</strong></span> <span class='ocrx_word' id='word_1_577' title='bbox 1279 4893 1351 4949; x_wconf 89' lang='lat' dir='ltr'><strong>rea,</strong></span> <span class='ocrx_word' id='word_1_578' title='bbox 1375 4868 1650 4962; x_wconf 85' lang='lat' dir='ltr'><strong>quaealevibus</strong></span> <span class='ocrx_word' id='word_1_579' title='bbox 1663 4865 1828 4956; x_wconf 88' lang='lat' dir='ltr'><strong>ingeniis,</strong></span> <span class='ocrx_word' id='word_1_580' title='bbox 1853 4889 1934 4936; x_wconf 93' lang='lat' dir='ltr'><strong>cum</strong></span> <span class='ocrx_word' id='word_1_581' title='bbox 1949 4867 2248 4958; x_wconf 86' lang='lat' dir='ltr'><strong>magnoadplaosu</strong></span> 
     </span>
     <span class='ocr_line' id='line_1_47' title="bbox 219 4961 2247 5062; baseline -0.001 -22"><span class='ocrx_word' id='word_1_582' title='bbox 219 4967 427 5060; x_wconf 85' lang='lat' dir='ltr'><strong>-complecti</strong></span> <span class='ocrx_word' id='word_1_583' title='bbox 445 4965 598 5054; x_wconf 87' lang='lat' dir='ltr'><strong>integras</strong></span> <span class='ocrx_word' id='word_1_584' title='bbox 611 4979 761 5036; x_wconf 83' lang='lat' dir='ltr'><strong>conatus</strong></span> <span class='ocrx_word' id='word_1_585' title='bbox 775 4982 838 5044; x_wconf 87' lang='lat' dir='ltr'><strong>est.</strong></span> <span class='ocrx_word' id='word_1_586' title='bbox 875 4965 952 5042; x_wconf 87' lang='lat' dir='ltr'><strong>Hac</strong></span> <span class='ocrx_word' id='word_1_587' title='bbox 967 4971 1150 5062; x_wconf 84' lang='lat' dir='ltr'><strong>diligentia</strong></span> <span class='ocrx_word' id='word_1_588' title='bbox 1166 4994 1226 5040; x_wconf 91' lang='lat' dir='ltr'><strong>su·</strong></span> <span class='ocrx_word' id='word_1_589' title='bbox 1280 4982 1440 5060; x_wconf 82' lang='lat' dir='ltr'><strong>exceptae</strong></span> <span class='ocrx_word' id='word_1_590' title='bbox 1460 4981 1563 5054; x_wconf 91' lang='lat' dir='ltr'><strong>sunt,</strong></span> <span class='ocrx_word' id='word_1_591' title='bbox 1602 4981 1637 5036; x_wconf 89' lang='lat' dir='ltr'><strong>et</strong></span> <span class='ocrx_word' id='word_1_592' title='bbox 1657 4981 1699 5038; x_wconf 93' lang='lat' dir='ltr'><strong>ut</strong></span> <span class='ocrx_word' id='word_1_593' title='bbox 1721 4961 1915 5058; x_wconf 86' lang='lat' dir='ltr'><strong>Sophocles</strong></span> <span class='ocrx_word' id='word_1_594' title='bbox 1938 4967 2072 5060; x_wconf 86' lang='lat' dir='ltr'><strong>inquit:</strong></span> <span class='ocrx_word' id='word_1_595' title='bbox 2103 4965 2247 5040; x_wconf 72' lang='lat' dir='ltr'><strong>celeno</strong></span> 
     </span>
     <span class='ocr_line' id='line_1_48' title="bbox 240 5065 2247 5162; baseline -0 -24"><span class='ocrx_word' id='word_1_596' title='bbox 240 5069 378 5160; x_wconf 82' lang='lat' dir='ltr'><strong>peravit</strong></span> <span class='ocrx_word' id='word_1_597' title='bbox 406 5065 609 5152; x_wconf 87' lang='lat' dir='ltr'><strong>Platonem,</strong></span> <span class='ocrx_word' id='word_1_598' title='bbox 644 5065 705 5159; x_wconf 88' lang='lat' dir='ltr'><strong>qui</strong></span> <span class='ocrx_word' id='word_1_599' title='bbox 733 5068 798 5138; x_wconf 88' lang='lat' dir='ltr'><strong>etsi</strong></span> <span class='ocrx_word' id='word_1_600' title='bbox 829 5094 952 5140; x_wconf 91' lang='lat' dir='ltr'><strong>omnes</strong></span> <span class='ocrx_word' id='word_1_601' title='bbox 973 5067 1226 5162; x_wconf 89' lang='lat' dir='ltr'><strong>Philosophiae</strong></span> <span class='ocrx_word' id='word_1_602' title='bbox 1278 5071 1392 5141; x_wconf 88' lang='lat' dir='ltr'><strong>malae</strong></span> <span class='ocrx_word' id='word_1_603' title='bbox 1405 5071 1592 5161; x_wconf 89' lang='lat' dir='ltr'><strong>opiniones</strong></span> <span class='ocrx_word' id='word_1_604' title='bbox 1607 5068 1830 5152; x_wconf 86' lang='lat' dir='ltr'><strong>discurrunt,</strong></span> <span class='ocrx_word' id='word_1_605' title='bbox 1855 5067 2006 5158; x_wconf 89' lang='lat' dir='ltr'><strong>neglecti</strong></span> <span class='ocrx_word' id='word_1_606' title='bbox 2025 5083 2109 5142; x_wconf 88' lang='lat' dir='ltr'><strong>sont</strong></span> <span class='ocrx_word' id='word_1_607' title='bbox 2123 5065 2247 5140; x_wconf 89' lang='lat' dir='ltr'><strong>Aristo·</strong></span> 
     </span>
     <span class='ocr_line' id='line_1_49' title="bbox 238 5167 2246 5264; baseline -0.001 -26"><span class='ocrx_word' id='word_1_608' title='bbox 238 5183 354 5259; x_wconf 89' lang='lat' dir='ltr'><strong>partes</strong></span> <span class='ocrx_word' id='word_1_609' title='bbox 369 5167 502 5257; x_wconf 84' lang='lat' dir='ltr'><strong>attigit,</strong></span> <span class='ocrx_word' id='word_1_610' title='bbox 520 5181 644 5237; x_wconf 86' lang='lat' dir='ltr'><strong>tamen</strong></span> <span class='ocrx_word' id='word_1_611' title='bbox 659 5189 725 5236; x_wconf 90' lang='lat' dir='ltr'><strong>nec</strong></span> <span class='ocrx_word' id='word_1_612' title='bbox 736 5171 877 5252; x_wconf 89' lang='lat' dir='ltr'><strong>ordine,</strong></span> <span class='ocrx_word' id='word_1_613' title='bbox 904 5195 969 5242; x_wconf 92' lang='lat' dir='ltr'><strong>nec</strong></span> <span class='ocrx_word' id='word_1_614' title='bbox 985 5173 1139 5264; x_wconf 86' lang='lat' dir='ltr'><strong>integras</strong></span> <span class='ocrx_word' id='word_1_615' title='bbox 1150 5186 1226 5243; x_wconf 86' lang='lat' dir='ltr'><strong>tra·</strong></span> <span class='ocrx_word' id='word_1_616' title='bbox 1278 5171 1357 5242; x_wconf 90' lang='lat' dir='ltr'><strong>telis</strong></span> <span class='ocrx_word' id='word_1_617' title='bbox 1382 5171 1485 5256; x_wconf 92' lang='lat' dir='ltr'><strong>libri,</strong></span> <span class='ocrx_word' id='word_1_618' title='bbox 1525 5192 1565 5239; x_wconf 90' lang='lat' dir='ltr'><strong>ac</strong></span> <span class='ocrx_word' id='word_1_619' title='bbox 1598 5169 1661 5238; x_wconf 92' lang='lat' dir='ltr'><strong>diu</strong></span> <span class='ocrx_word' id='word_1_620' title='bbox 1695 5169 1800 5238; x_wconf 84' lang='lat' dir='ltr'><strong>etiam</strong></span> <span class='ocrx_word' id='word_1_621' title='bbox 1824 5168 1939 5240; x_wconf 90' lang='lat' dir='ltr'><strong>doctis</strong></span> <span class='ocrx_word' id='word_1_622' title='bbox 1970 5167 2083 5259; x_wconf 88' lang='lat' dir='ltr'><strong>ignoti</strong></span> <span class='ocrx_word' id='word_1_623' title='bbox 2108 5172 2246 5242; x_wconf 84' lang='lat' dir='ltr'><strong>fuemnt.</strong></span> 
     </span>
     <span class='ocr_line' id='line_1_50' title="bbox 237 5267 2244 5366; baseline 0.002 -29"><span class='ocrx_word' id='word_1_624' title='bbox 237 5268 350 5352; x_wconf 93' lang='lat' dir='ltr'><strong>didit,</strong></span> <span class='ocrx_word' id='word_1_625' title='bbox 384 5269 449 5338; x_wconf 85' lang='lat' dir='ltr'><strong>sed</strong></span> <span class='ocrx_word' id='word_1_626' title='bbox 470 5269 600 5358; x_wconf 84' lang='lat' dir='ltr'><strong>passim</strong></span> <span class='ocrx_word' id='word_1_627' title='bbox 625 5269 664 5338; x_wconf 90' lang='lat' dir='ltr'><strong>in</strong></span> <span class='ocrx_word' id='word_1_628' title='bbox 691 5269 839 5360; x_wconf 87' lang='lat' dir='ltr'><strong>dialogis</strong></span> <span class='ocrx_word' id='word_1_629' title='bbox 851 5273 1047 5344; x_wconf 87' lang='lat' dir='ltr'><strong>dilacerata</strong></span> <span class='ocrx_word' id='word_1_630' title='bbox 1068 5274 1224 5344; x_wconf 90' lang='lat' dir='ltr'><strong>membra</strong></span> <span class='ocrx_word' id='word_1_631' title='bbox 1275 5269 1439 5366; x_wconf 86' lang='lat' dir='ltr'><strong>Cumque</strong></span> <span class='ocrx_word' id='word_1_632' title='bbox 1472 5271 1543 5340; x_wconf 92' lang='lat' dir='ltr'><strong>iam</strong></span> <span class='ocrx_word' id='word_1_633' title='bbox 1576 5291 1667 5360; x_wconf 90' lang='lat' dir='ltr'><strong>pene</strong></span> <span class='ocrx_word' id='word_1_634' title='bbox 1692 5268 1784 5338; x_wconf 86' lang='lat' dir='ltr'><strong>carie</strong></span> <span class='ocrx_word' id='word_1_635' title='bbox 1808 5285 2122 5357; x_wconf 87' lang='lat' dir='ltr'><strong>consumerentur,</strong></span> <span class='ocrx_word' id='word_1_636' title='bbox 2160 5267 2244 5362; x_wconf 71' lang='lat' dir='ltr'><strong>Sylla</strong></span> 
     </span>
     <span class='ocr_line' id='line_1_51' title="bbox 238 5365 2246 5466; baseline 0.004 -32"><span class='ocrx_word' id='word_1_637' title='bbox 238 5367 398 5456; x_wconf 65' lang='lat' dir='ltr'><strong>sparsit,</strong></span> <span class='ocrx_word' id='word_1_638' title='bbox 424 5379 458 5438; x_wconf 89' lang='lat' dir='ltr'><strong>et</strong></span> <span class='ocrx_word' id='word_1_639' title='bbox 488 5367 582 5439; x_wconf 93' lang='lat' dir='ltr'><strong>ludit</strong></span> <span class='ocrx_word' id='word_1_640' title='bbox 611 5367 752 5438; x_wconf 89' lang='lat' dir='ltr'><strong>ironiis:</strong></span> <span class='ocrx_word' id='word_1_641' title='bbox 792 5394 860 5441; x_wconf 89' lang='lat' dir='ltr'><strong>nec</strong></span> <span class='ocrx_word' id='word_1_642' title='bbox 882 5394 1019 5462; x_wconf 87' lang='lat' dir='ltr'><strong>semper</strong></span> <span class='ocrx_word' id='word_1_643' title='bbox 1043 5375 1131 5466; x_wconf 92' lang='lat' dir='ltr'><strong>quid</strong></span> <span class='ocrx_word' id='word_1_644' title='bbox 1150 5376 1224 5464; x_wconf 89' lang='lat' dir='ltr'><strong>ipse</strong></span> <span class='ocrx_word' id='word_1_645' title='bbox 1274 5371 1367 5444; x_wconf 80' lang='lat' dir='ltr'><strong>forte</strong></span> <span class='ocrx_word' id='word_1_646' title='bbox 1390 5373 1429 5440; x_wconf 93' lang='lat' dir='ltr'><strong>in</strong></span> <span class='ocrx_word' id='word_1_647' title='bbox 1447 5369 1596 5464; x_wconf 86' lang='lat' dir='ltr'><strong>Graecia</strong></span> <span class='ocrx_word' id='word_1_648' title='bbox 1611 5369 1746 5441; x_wconf 88' lang='lat' dir='ltr'><strong>bellum</strong></span> <span class='ocrx_word' id='word_1_649' title='bbox 1771 5391 1912 5459; x_wconf 86' lang='lat' dir='ltr'><strong>gerens,</strong></span> <span class='ocrx_word' id='word_1_650' title='bbox 1936 5365 2152 5445; x_wconf 89' lang='lat' dir='ltr'><strong>bibliotheca</strong></span> <span class='ocrx_word' id='word_1_651' title='bbox 2171 5389 2246 5462; x_wconf 73' lang='lat' dir='ltr'><strong>que·</strong></span> 
     </span>
    </p>
   </div>
   <div class='ocr_carea' id='block_1_11' title="bbox 0 0 2316 5812">
    <p class='ocr_par' dir='ltr' id='par_1_17' title="bbox 0 0 2316 5812">
     <span class='ocr_line' id='line_1_52' title="bbox 0 0 2316 5812; baseline 0 0"><span class='ocrx_word' id='word_1_652' title='bbox 0 0 2316 5812; x_wconf 95' lang='lat' dir='ltr'><strong> </strong></span> 
     </span>
    </p>
   </div>
  </div>
 </body>
</html>
