4718 5828
198 171 249 250 55
684 171 845 252 nucu
875 169 955 248 DE
986 169 1268 248 ENCOMIO
1301 167 1751 264 uuouuuurtate·
2194 167 2246 246 66

203 347 308 420 terris
327 343 387 418 hic
416 346 471 417 sol
494 344 611 416 vidit?
658 343 840 417 Hactenus
867 345 1072 426 docuimus,
1107 367 1197 438 quac
1249 367 1423 416 summam
1438 345 1666 436 prudentiam
1681 368 1749 414 usu
1766 345 1944 418 consecuti
1958 361 2062 434 sunt,
2088 368 2246 443 quornm

102 435 105 440 “
205 463 308 542 cogat
331 449 519 520 necessitas
546 462 675 518 certam
698 447 842 518 dicendi
871 449 1048 520 rationem
1073 448 1198 516 sectari
1250 449 1462 517 commercio
1498 447 1557 532 fit',
1595 461 1637 517 ut
1668 445 1838 518 nonnihil
1872 450 1997 520 iudicii
2029 447 2246 522 contrahant

152 629 162 644 ,
207 577 247 624 ac
263 553 367 637 tueri,
383 551 515 644 quaesi
532 573 773 643 quemparum
789 565 920 634 movet,
937 549 1198 620 civeromulto
1249 549 1415 634 lectores,
1443 562 1479 619 et
1501 549 1748 641 tanquamqui
1769 551 1808 617 in
1825 552 1899 621 sole
1919 553 2122 638 ambulant,
2147 553 2247 622 colo-

208 655 335 724 iustius
357 653 447 722 asini
471 651 646 722 auriculas
668 653 733 721 Dii
753 653 977 737 addiderint,
1002 674 1108 744 quam
1124 647 1194 718 Mi·
1249 665 1386 724 rentur.
1434 650 1533 722 Solet
1547 650 1642 718 enim
1661 650 1880 722 iuvenilibus
1896 652 2050 743 ingeniis
2067 656 2249 746 exemplar

209 758 284 824 dae.
336 752 483 824 Accedit
503 749 573 823 huc
597 777 673 823 non
699 756 979 826 contemnendus
999 753 1198 822 studiorum
1250 753 1394 845 aliquod
1411 765 1504 821 recte
1520 751 1673 837 dicendi,
1697 754 1943 848 senliendique
1958 757 2125 847 proponi,
2147 757 2246 826 unde

211 856 434 950 eloquentiae
451 857 597 939 fructus,
622 859 717 948 quod
735 880 854 926 earum
868 857 998 925 artium
1015 877 1093 938 usu,
1119 854 1201 945 qui-
1251 867 1286 924 et
1301 855 1490 922 verborum
1508 855 1600 937 vim,
1626 868 1661 924 et
1678 854 1851 926 orationis
1867 869 2101 938 structuram,
2128 871 2164 928 et
2185 881 2248 926 ex-

208 959 276 1028 bus
304 957 502 1050 eloquentia
527 961 745 1041 continetur,
777 957 992 1042 excitantur,
1027 956 1199 1024 erudiun-
1252 955 1407 1047 plicandi
1423 955 1551 1044 figuras
1564 955 1713 1028 discant.
1745 953 1835 1026 Nam
1851 972 1885 1027 et
1900 959 2040 1036 dicendi
2057 959 2247 1040 rationem,

209 1073 337 1152 turque
348 1058 508 1147 ingenia,
532 1072 642 1127 utres
660 1055 835 1128 humanas
848 1082 971 1129 omnes
990 1057 1200 1150 prudentius
1253 1058 1399 1148 perinde
1417 1080 1456 1125 ac
1474 1069 1625 1127 caeteras
1640 1057 1733 1126 artes
1748 1057 1901 1128 imitatio
1917 1061 2073 1134 adiuvat.
2119 1059 2248 1155 Neque

208 1161 418 1252 dispiciant,
444 1184 558 1252 neque
578 1161 723 1251 propius
748 1161 874 1229 umbra
897 1183 1024 1250 corpus
1042 1161 1201 1228 adsecta-
1252 1159 1346 1227 enim
1363 1158 1556 1250 verisimile
1573 1171 1625 1228 cat
1639 1159 1810 1249 pingendi
1827 1161 1896 1230 arti
1910 1175 2048 1232 tantum
2063 1163 2108 1232 ab
2119 1161 2248 1254 Apelle

208 1275 283 1346 tur,
311 1261 670 1355 quameloqnentiam
687 1263 874 1332 comitatur
893 1262 1095 1352 prudentia.
1146 1257 1200 1328 De
1252 1259 1465 1344 venustatis,
1497 1259 1700 1354 gratiaeque
1727 1261 1834 1330 adiici
1863 1263 2039 1354 potuisse,
2078 1263 2148 1332 nisi
2177 1265 2248 1332 lin-

208 1365 315 1434 rebus
347 1359 514 1432 humanis
541 1359 657 1432 adhuc
686 1364 833 1456 loquor,
864 1365 908 1432 de
929 1364 1041 1432 'saccis
1067 1375 1199 1453 postea.
1252 1364 1447 1452 gendarum
1476 1361 1775 1432 lineamentorum
1808 1365 1983 1446 rationem
2013 1365 2128 1434 multo
2162 1380 2248 1436 ante

210 1455 391 1552 videbant
413 1465 507 1534 inter
527 1488 563 1534 se
586 1465 736 1534 maiores
755 1465 870 1534 nostri
892 1460 978 1534 haec
994 1466 1083 1534 duo:
1109 1465 1200 1532 bene
1252 1463 1488 1534 ostendissent
1503 1465 1541 1552 ii,
1569 1464 1630 1555 qui
1649 1463 1804 1553 primum
1826 1459 2117 1561 μονοχρώματα,
2141 1468 2248 1536 dein-

210 1567 352 1636 dicendi
372 1564 574 1650 scientiam,
600 1579 635 1635 et
656 1567 768 1634 animi
793 1567 965 1636 iudicium
990 1579 1115 1636 natura
1140 1589 1201 1633 co·
1253 1569 1296 1634 de
1311 1557 1541 1662 κατάγραφα
1561 1566 1765 1654 pinxerunt.
1803 1565 1864 1637 Sic
1886 1581 1978 1637 etex
1994 1565 2137 1660 optimis
2156 1569 2248 1638 scri-

208 1659 370 1738 haerere:
405 1691 513 1760 quare
534 1682 569 1736 et
591 1691 664 1735 non
691 1668 803 1760 inepti
827 1669 972 1761 quidam
1003 1668 1200 1736 orationem
1235 1667 1414 1757 ‘ptoribus
1429 1665 1660 1757 concipienda
1674 1680 1727 1736 est
1744 1681 1839 1737 certa
1855 1670 2029 1762 quaedam
2045 1683 2081 1740 ct
2100 1669 2247 1740 dicendi

136 1757 154 1764 ‘⁵
208 1792 283 1839 esse
314 1770 498 1849 dixerunt,
539 1769 746 1859 explicatam
774 1771 887 1838 animi
909 1769 1103 1839 rationem.
1154 1765 1201 1836 Et
1253 1783 1287 1838 et
1303 1769 1486 1836 iudicandi
1501 1769 1591 1838 ratio
1614 1763 1677 1838 καὶ
1697 1763 1800 1852 ἰδέα,
1825 1793 1931 1863 quam
1955 1768 2134 1863 sequaris,
2156 1795 2247 1865 qua-

130 1853 135 1876 ⁸
207 1869 386 1940 Homerus
398 1868 505 1942 Poeta
521 1870 645 1938 iisdem
664 1871 903 1964 eloquentiam
919 1895 959 1940 ac
975 1870 1199 1962 prudentiam
1253 1893 1393 1962 cunque
1407 1871 1452 1938 de
1466 1893 1504 1938 re
1520 1869 1767 1940 disserendum
1779 1871 1898 1943 suerit.
1936 1869 2092 1943 Proinde
2109 1875 2170 1966 qui
2187 1875 2247 1942 di-

208 1973 347 2046 tribuit.
395 1969 503 2041 Mitto
520 1971 589 2040 iam
605 1972 704 2056 alios,
733 1969 861 2066 Ulyssi,
887 1973 988 2042 cuius
1003 1973 1199 2042 orationem
1252 1985 1363 2041 sertos
1376 1974 1564 2063 scriptores
1579 1971 1618 2040 in
1632 1973 1797 2041 manibus
1812 1967 1957 2058 habent,
1980 1985 2248 2066 secum'expen-

208 2070 380 2168 hybernis
402 2071 547 2142 nivibus
566 2087 763 2163 comparat,
790 2089 971 2168 utrunque
993 2098 1067 2153 uno
1089 2073 1201 2142 versi-

209 2177 290 2245 culo
305 2174 492 2258 adscribit,
519 2199 598 2243 cum
615 2175 748 2267 inquit:

251 2290 300 2354 ool
323 2287 350 2353 δ’
372 2285 415 2353 tra
433 2287 491 2370 μὲν
511 2287 620 2373 μορφὴ
643 2288 756 2370 ἐπέων,
780 2285 823 2354 ive
843 2288 878 2356 di
899 2288 1008 2375 φρένες
1029 2290 1153 2355 ἐσθλαὶ.

209 2393 282 2465 Nec
296 2408 453 2486 tempero
468 2389 570 2478 mihi,
588 2419 659 2487 quo
676 2395 795 2464 minus
811 2419 1007 2464 recenseam
1024 2409 1058 2464 et
1072 2395 1200 2465 Latine

208 2498 253 2566 ab
269 2497 409 2566 erudito
424 2497 577 2588 quodam
596 2515 812 2587 expressum:

1252 2077 1355 2158 dant,
1381 2074 1466 2165 quid
1486 2073 1526 2140 in
1541 2074 1666 2166 quovis
1684 2073 1906 2164 potissimum
1922 2076 2063 2160 mirari,
2087 2077 2246 2160 laudare,

1256 2175 1457 2268 imitarique
1473 2175 1603 2248 deceat.
1654 2171 1767 2243 Primi
1784 2175 1949 2262 omnium,
1970 2191 2070 2262 sunt,
2094 2180 2137 2248 ad
2155 2203 2248 2271 quos

1253 2277 1513 2364 cognoscendos
1527 2277 1699 2345 invitatur
1713 2277 1891 2368 iuventus,
1916 2275 2048 2348 Poie‘tae
2064 2302 2102 2350 ac
2120 2277 2247 2349 Histo-

1252 2377 1333 2446 rici:
1366 2401 1455 2470 quos
1478 2377 1541 2470 qni
1563 2377 1754 2468 voluptatis
1776 2392 1911 2449 tantum
1941 2403 2061 2466 causa,
2094 2369 2245 2474 perinde

1252 2492 1358 2571 atque
1388 2479 1428 2546 in
1453 2477 1626 2548 conviviis
1661 2475 1907 2566 citharistrias,
1941 2497 2142 2576 accersunt,
2175 2507 2245 2556 nae

1252 2581 1307 2648 illi
1330 2604 1549 2650 summorum
1577 2575 1765 2649 homiuum
1789 2583 2068 2655 aestimationem
2091 2585 2247 2673 graviter

310 2619 413 2682 Mente
428 2625 531 2704 vales,
555 2625 658 2682 iuncta
672 2635 716 2684 est
731 2621 868 2684 facundis
883 2625 977 2702 gratie
991 2623 1089 2683 dictis.
1252 2683 1408 2755 laedunt·
1458 2679 1548 2750 Nam
1572 2695 1606 2752 et
1627 2684 1793 2772 prodesse
1815 2684 1869 2752 iffi
1887 2686 2048 2766 voluere,
2074 2687 2108 2756 eq
2130 2687 2245 2756 bonas

208 2727 652 2818 Odivinamsententiam,
678 2731 1086 2824 multoquedigniorem,
1112 2755 1201 2825 quae

209 2833 427 2904 iuvenilibus
457 2831 658 2924 pectoribus
690 2833 825 2902 solicite
863 2834 1056 2914 inseratur,
1094 2858 1199 2928 quam

209 2931 371 3027 delphica
389 2933 524 3028 aliquot
546 2935 642 3004 scita.
684 2933 781 3022 Quid
797 2933 891 3003 enim
908 2938 1088 3028 spectabat
1102 2935 1197 3036 aliud

210 3039 365 3130 optimus
388 3059 511 3121 senex,
543 3060 649 3128 quarn
674 3037 723 3105 sic
747 3037 841 3105 inter
868 3059 903 3104 se
927 3039 1105 3128 copulatas
1128 3060 1218 3140 esse·

208 3138 434 3231 prudentiam
457 3162 496 3206 ac
518 3137 776 3230 eloquentiam,
811 3151 852 3207 ut
876 3137 999 3206 divelli
1020 3139 1119 3207 nulla
1142 3163 1200 3206 ra-

121 3257 122 3260 ’
207 3242 306 3311 tione
322 3239 470 3331 possint.
496 3234 613 3331 Atque
629 3239 762 3308 utinam
778 3239 846 3308 sibi
860 3263 983 3308 omnes
994 3241 1200 3308 adulescen-

208 3355 261 3412 tes
277 3338 372 3412 hunc
390 3341 601 3408 versiculum
619 3341 839 3430 propositum
861 3354 1003 3432 putent,
1029 3365 1199 3436 quorsum

208 3456 380 3537 tanquam
397 3445 440 3511 ad
456 3466 599 3532 scopum
620 3442 740 3511 omnia
755 3443 870 3510 studia
887 3465 960 3526 sua,
977 3444 1200 3536 rationesque

209 3545 377 3636 dirigant,
403 3543 626 3635 sentiantque
642 3545 711 3612 sibi
728 3569 869 3613 ornnem
885 3569 1041 3634 operam,
1068 3569 1199 3624 curam,

208 3647 431 3730 industriam,
448 3645 705 3734 cogitationem,
726 3647 1040 3740 mentemdenique
1056 3671 1198 3716 omnem

207 3751 247 3819 in
268 3743 324 3816 his
352 3749 487 3816 artibus
518 3748 685 3838 parandis
714 3747 889 3836 figendam
923 3772 1011 3816 esse:
1048 3773 1198 3840 quarum

207 3849 385 3920 Homerus
410 3845 506 3919 haud
532 3847 638 3916 dubie
656 3849 702 3918 ob
728 3873 806 3917 earn
822 3871 960 3917 causam
982 3849 1199 3917 mentionem

207 3952 307 4037 iecit,
332 3951 428 4043 quod
444 3949 557 4017 videri
575 3949 735 4017 omnium
752 3974 872 4034 rerum
884 3943 1134 4035 humanarum,
1159 3963 1200 4020 ut

210 4065 311 4137 sunt,
354 4066 387 4122 et
419 4045 674 4142 pulcherrimas
701 4065 735 4121 et
762 4051 913 4120 maxime
940 4051 1043 4118 utiles
1074 4051 1198 4122 voluit.

210 4153 308 4244 Quid
335 4155 373 4221 in
394 4151 543 4222 consilio
562 4153 669 4222 fuisse
692 4153 841 4222 censetis
859 4152 1036 4221 veteribus
1050 4151 1201 4239 Latinis,

210 4281 273 4328 cur
288 4255 428 4325 dicendi
444 4267 535 4322 artes
550 4249 806 4325 humanitatem
825 4253 1062 4344 adpellarint?
1102 4253 1201 4324 ludi-

209 4361 337 4428 cahant
359 4357 413 4425 illi
442 4355 613 4424 nimirum
638 4351 764 4425 harum
788 4355 1055 4446 disciplinarum
1081 4357 1199 4426 studio
1232 4364 1234 4372 '

209 4476 284 4530 non
316 4459 473 4548 linguam
500 4471 637 4527 tantum
664 4457 830 4548 expoliri,
868 4459 929 4526 sed
956 4473 990 4526 et
1015 4458 1200 4544 feritatem,

209 4561 478 4654 barbariemque
512 4557 735 4648 ingeniorum
770 4559 910 4647 corrigi.
976 4557 1066 4628 Nam
1101 4561 1199 4629 cultu

212 4663 361 4756 perinde
386 4687 425 4730 ac
452 4661 612 4752 plerique
643 4659 844 4753 sylvestrem
874 4659 1032 4730 indolem
1055 4675 1199 4747 exuunt,

209 4775 459 4835 mansuescunt
475 4763 636 4851 ingenia,
660 4762 943 4855 cicuranturque.

312 4913 412 4985 Duae
433 4924 517 4982 sunt
538 4924 653 4981 autem
679 4935 821 4995 causae,
855 4917 918 4981 cu'r
942 4927 1033 4984 recte
1057 4915 1197 4984 dicendi

1253 2797 1386 2854 mentes
1409 2784 1541 2874 optima
1565 2784 1787 2873 potissimum
1807 2787 1992 2860 delectant.
2043 2785 2106 2857 Est
2125 2789 2175 2858 ita
2196 2789 2244 2858 ab

1254 2887 1323 2954 illis
1350 2899 1383 2954 et
1405 2885 1548 2954 dicendi
1577 2887 1691 2954 forma
1722 2890 1890 2976 petenda,
1920 2901 1955 2958 et
1979 2891 2243 2959 observandum

1252 2987 1337 3080 quid
1354 2989 1397 3054 de
1411 2987 1661 3056 communibus
1673 2989 1779 3058 rebus
1794 2989 1866 3058 fere
1883 2989 2128 3064 iudicaverint.
2155 2995 2245 3064 Sae-

1253 3113 1295 3178 pe
1317 3090 1433 3158 ridere
1454 3089 1549 3156 soleo
1573 3086 1794 3158 Graecorum
1818 3088 2142 3163 Grammaticorum
2162 3093 2245 3162 vul-

1252 3213 1332 3278 gus,
1362 3189 1425 3282 qui
1450 3191 1493 3258 a'd
1510 3185 1772 3283 physiologiam
1794 3205 1908 3262 totum
1928 3191 2078 3262 Homeri
2099 3217 2244 3264 carmen

1253 3293 1426 3380 referunt,
1458 3291 1618 3383 mireque
1639 3292 1706 3362 sibi
1725 3293 1883 3383 placent,
1909 3319 1988 3364 cum
2011 3319 2104 3364 nova
2127 3309 2242 3366 meta·

1253 3389 1433 3484 morphosi
1454 3393 1541 3462 belli
1560 3407 1748 3482 nugatores
1771 3419 1811 3463 ex
1829 3395 1912 3464 love
1934 3392 2093 3481 aethera,
2118 3421 2160 3467 ex
2180 3396 2241 3468 lu-

1254 3519 1346 3562 none
1363 3519 1480 3564 accem
1496 3495 1659 3580 iaciunt,
1675 3521 1763 3588 quae
1784 3519 1828 3564 ne
1854 3521 1915 3587 per
1937 3499 2064 3568 febrim
2084 3499 2243 3592 quidem,

1254 3620 1409 3689 unquam
1426 3597 1664 3666 somniaturos
1680 3611 1755 3666 erat
1773 3595 1961 3670 Homerus.
2014 3599 2160 3688 Quanto
2182 3623 2243 3672 sa-

1252 3698 1320 3766 tius
1335 3699 1449 3766 fuerat
1462 3721 1500 3765 ea
1517 3698 1674 3781 ostendi,
1700 3723 1789 3789 qnae
1814 3699 1874 3766 ille
1890 3701 2080 3772 lectoribus
2096 3704 2243 3795 proprie

1252 3797 1479 3868 admirationi
1494 3821 1566 3868 esse
1581 3799 1717 3868 voluit?
1743 3802 1993 3891 proprietatem
2007 3828 2047 3874 ac
2069 3803 2184 3873 lucem
2200 3805 2242 3874 in

1252 3901 1478 3990 explicando,
1498 3901 1663 3970 carminis
1677 3897 1896 3992 οἰκονομίαν
1901 3955 1913 3988 ,
1941 3929 2021 3974 cum
2037 3906 2133 3974 varia
2151 3929 2241 3976 con-

1252 4004 1342 4085 silia,
1366 4001 1483 4070 varios
1498 4027 1597 4072 casus
1612 4003 1702 4071 miro
1717 4004 1843 4073 ordine
1858 4019 2024 4090 recenset,
2045 4031 2125 4077 cum
2141 4023 2242 4098 aptas

1252 4103 1451 4172 occasiones
1478 4104 1582 4172 novis
1603 4106 1787 4176 eventibus
1815 4109 2075 4193 accommodat,
2107 4123 2241 4203 quanta

1253 4205 1370 4274 decori
1386 4207 1550 4274 servandi
1565 4230 1661 4286 cura,
1687 4219 1818 4299 quanta
1833 4209 1878 4278 sit
1892 4209 1975 4278 item
1992 4211 2182 4281 verborum
2198 4236 2242 4284 ac

1253 4307 1442 4395 figurarum
1467 4307 1584 4398 copia,
1609 4307 1830 4403 varietasque
1851 4310 1896 4378 iis
1920 4311 2024 4397 locis,
2050 4313 2243 4407 inquibus

1252 4408 1404 4480 detineri
1432 4409 1599 4478 lectorem
1624 4409 1772 4481 volebat.
1833 4409 1942 4481 Vides
1964 4439 2069 4506 quarn
2090 4415 2242 4486 minime

1251 4509 1377 4599 frigida
1402 4509 1447 4580 sit
1467 4523 1529 4580 aut
1551 4511 1669 4580 ieiuna
1694 4511 1877 4584 seditionis
1892 4515 2101 4607 descriptio,
2127 4517 2166 4585 in
2182 4539 2241 4586 se-

1251 4613 1368 4680 cundo
1384 4609 1526 4684 Iliados.
1564 4610 1655 4682 Nam
1675 4627 1707 4682 et
1724 4629 1840 4684 motus
1855 4615 1929 4685 eius
1944 4618 2176 4700 occasionem,
2204 4633 2241 4692 et

1252 4714 1366 4801 ipsum
1386 4713 1481 4799 vulgi
1505 4715 1679 4798 furorem,
1706 4716 1888 4785 seditiosas
1903 4721 2127 4809 quorundam
2152 4745 2242 4790 con-

1251 4816 1378 4898 ciones,
1405 4815 1466 4906 qui
1484 4816 1705 4884 multitudini
1721 4817 1895 4906 frigidam,
1918 4822 2014 4911 quod
2029 4822 2143 4906 aiunt,
2163 4825 2242 4892 cuf-

1250 4919 1464 4999 sundehant,
1489 4931 1523 4987 ct
1538 4912 1723 4986 Thersitae
1746 4942 1878 5002 mores,
1900 4943 2111 5016 morumque
2132 4947 2242 5014 argu-

211 5019 328 5090 studio
344 5015 455 5084 animi
476 5013 646 5082 iudicium
672 5026 827 5082 acuatur.
879 5011 985 5084 Prior
1007 5028 1076 5100 est,
1102 5020 1198 5109 quod
1250 5031 1427 5101 mentum,
1452 5018 1622 5102 sormam,
1648 5021 1735 5088 duas
1757 5020 1839 5089 item
1869 5022 2091 5110 gravissimas
2114 5051 2241 5096 eorum

211 5121 273 5214 qui
288 5120 332 5186 iis
348 5118 482 5188 artibus
503 5138 646 5204 operam
661 5117 765 5198 dant,
792 5117 836 5184 ad
859 5117 1031 5186 eiusmodi
1049 5119 1199 5208 scripto·
1251 5121 1447 5204 orationes,
1474 5119 1534 5212 qui
1559 5120 1800 5191 multitudinis
1822 5125 1958 5194 animos
1980 5129 2169 5213 sedabant,
2197 5130 2238 5198 in

113 5229 142 5238 ’“
211 5246 291 5292 rum
314 5219 471 5308 exempla
496 5241 531 5286 se
553 5229 774 5305 comparent,
807 5241 945 5286 necesse
975 5233 1043 5303 est,
1075 5223 1135 5312 qni
1159 5221 1198 5288 in
1251 5223 1381 5313 quibus
1406 5215 1650 5290 vehementior
1671 5237 1721 5292 est
1739 5223 1902 5320 Ulyssea,
1926 5227 2043 5296 lenior
2060 5227 2240 5306 Nestorea.
2330 5299 2340 5308 ,

183 5321 372 5392 'maximis
406 5321 510 5390 rebus
543 5318 707 5408 gerendis
743 5343 786 5388 ac
826 5321 1017 5390 tractandis
1053 5325 1199 5408 versati,
1249 5317 2239 5421 BoneDeus,quamperspicue,quamgravitertractat:
