4688 5826
72 209 167 340 201·
548 225 1657 368 eononurrunnu-touuunuaa.··2³
1908 335 1914 340 ,
2036 183 2149 335 eu

163 430 321 522 Quoties
345 441 448 523 putas
470 422 616 519 accidit,
642 430 846 522 praesertim
872 429 910 499 in
930 429 977 520 iis
996 433 1074 500 'noss
1100 424 1167 500 'Et
1181 424 1372 516 cumnlhil
1389 430 1436 500 sit
1447 429 1592 518 melius,
1619 446 1679 504 aut
1695 411 1973 520 honestiussaa‘rt
1991 433 2113 524 epten:

70 538 144 610 stris
168 535 355 618 moribus,
381 547 421 604 ut
441 545 605 621 aegrotus
627 547 796 628 tanquam
813 556 878 603 suo
896 557 931 602 se
947 532 1064 622 gladio
1118 523 1254 617 didius,
1290 535 1395 625 quam
1427 531 1698 604 vitam·servare
1722 559 1761 604 ac
1781 535 1896 621 tueri,
1927 517 2108 628 praeclare

71 638 217 729 iugulet,
243 657 325 706 curn
343 635 513 706 detrectat
523 633 667 704 Medico
684 657 826 726 parere,
851 639 932 704 cudi
948 635 1064 704 noxiis
1117 633 1265 719 faciunt,
1288 635 1349 726 qui
1368 633 1454 703 artis
1471 629 1577 703 huius
1590 635 1724 706 fruetus
1741 637 1819 704 aliis
1834 638 2016 729 impartire
2031 649 2106 708 stu-

71 737 327 832 cupiditatibus
364 735 580 807 alienissimo
612 750 772 825 tempore
801 734 941 806 frenum
970 736 1063 806 laxat
1115 737 1220 821 dent,
1244 749 1349 829 atque
1366 757 1442 802 eam
1460 735 1507 804 ob
1524 760 1660 805 causam
1679 731 1766 806 mihi
1782 736 1961 808 Homerus
1978 740 2105 808 dixisse

70 833 372 915 etobsecundat?¹
409 835 475 908 Est
490 851 608 909 autem
624 838 910 930 indignissimum
927 837 1064 906 alienae
1115 836 1273 922 videtur,
1308 835 1490 907 Medicum
1518 837 1635 908 virum
1664 839 1783 908 multis
1811 839 1892 912 ‘aliis
1917 855 2110 932 praestare*

71 946 189 1034 culpae
219 941 407 1018 Medicum
442 961 542 1010 reum
567 963 679 1028 agere.
738 938 905 1010 Attamen
935 939 981 1008 ita
1015 939 1064 1023 lit,
1115 936 1202 1007 Nam
1228 965 1307 1008 curn
1330 931 1581 1024 arbitraretur,
1609 935 1745 1008 homini
1766 941 2010 1030 dignissimum
2031 953 2103 1012 es'se

71 1061 106 1116 ut
126 1044 300 1139 quicquid
321 1042 471 1134 peccarit
489 1055 670 1129 aegrotus,
698 1039 839 1110 Medico
858 1043 1061 1131 imputetur.
1115 1043 1205 1108 bene
1226 1041 1352 1110 mereri
1371 1043 1413 1110 de
1433 1039 1530 1125 aliis,
1557 1055 1674 1110 tamen
1691 1043 1793 1112 illum
1812 1043 1958 1112 eximiae
1973 1044 2102 1113 mereri

69 1148 133 1220 Sed
158 1147 249 1214 nolo
270 1143 484 1214 commorari
503 1143 539 1212 in
556 1145 726 1218 diluendo
742 1138 809 1214 hoc
825 1143 1062 1212 convitiorum
1114 1143 1303 1223 sentiebat,
1330 1167 1368 1212 ac
1389 1142 1656 1233 praeferendum
1684 1164 1758 1212 esse
1782 1145 1927 1238 reliquis
1943 1146 2102 1215 mortali-

69 1274 214 1339 geuere,
248 1269 446 1340 quaecum
477 1245 560 1314 vino
590 1247 751 1329 madent,
784 1246 874 1314 bene
895 1245 988 1336 poti,
1022 1243 1061 1312 in
1114 1246 1197 1323 bus,
1230 1246 1292 1338 qui
1323 1245 1428 1313 vitam
1460 1267 1597 1313 servare
1621 1246 1766 1330 soleret,
1798 1259 1860 1316 aut
1882 1260 1974 1315 certe
2000 1247 2102 1316 inre

70 1351 232 1422 convitiis
253 1348 397 1416 barbari
421 1345 565 1440 quidam
586 1347 623 1416 in
640 1346 857 1417 Medicinam
881 1359 1060 1418 evomunt.
1112 1359 1205 1416 tanta
1225 1369 1367 1437 operam
1388 1359 1549 1418 sumeret.
1602 1343 1664 1418 Est
1680 1347 1774 1416 enim
1793 1347 1832 1416 in
1849 1349 1985 1440 maguis
1999 1371 2101 1440 saepe

70 1451 155 1523 Nam
181 1468 217 1522 et
240 1449 295 1519 illi
319 1449 387 1540 ipsi
412 1443 496 1518 haec
521 1462 723 1534 recantant,
747 1449 971 1539 paulopost,
996 1447 1061 1517 ubi
1112 1449 1215 1519 etiam
1234 1449 1405 1530 voluisse,
1431 1448 1619 1518 laudabile.

70 1553 209 1645 crapula
241 1549 484 1622 contraxerint
507 1549 567 1618 alii
590 1551 677 1620 alias
699 1563 822 1643 pestes.
878 1547 925 1620 Et
947 1571 1060 1642 quau·
1211 1547 1333 1643 Neque
1359 1549 1424 1618 ulli
1444 1549 1510 1617 arti
1535 1549 1694 1619 omnium
1716 1551 1914 1622 seculorum
1932 1552 2101 1620 memoris

70 1683 172 1750 quam
194 1677 276 1724 sero
300 1653 394 1722 malo
418 1651 546 1731 coacti,
570 1653 726 1722 latentur
747 1652 782 1720 id
806 1655 902 1744 quod
924 1675 978 1720 res
997 1665 1059 1736 est,
1111 1651 1283 1742 ampliora
1315 1651 1466 1740 praemia
1490 1652 1609 1720 luere:
1644 1651 1705 1742 qui
1728 1653 1885 1754 geqtium
1910 1677 2101 1722 consensus

71 1759 202 1849 optime
219 1758 264 1824 de
280 1777 408 1844 genere
424 1747 582 1822 hnmano
600 1749 690 1823 hanc
707 1767 816 1822 artem
833 1752 971 1826 mereri.
1111 1753 1215 1821 fidem
1237 1753 1349 1821 facere
1371 1763 1523 1842 poterat,
1550 1749 1642 1822 hanc
1663 1769 1772 1824 artem
1790 1769 1823 1825 et
1841 1755 1991 1822 maxime
2005 1755 2100 1823 salu-

167 1855 294 1950 Neque
311 1879 394 1924 vero
413 1855 566 1924 utilitate
581 1867 719 1926 tautum
737 1853 902 1924 ducimur
917 1855 959 1922 ad
976 1851 1059 1924 Me·
1110 1867 1220 1922 tarem
1249 1851 1476 1934 hominibus,
1506 1867 1539 1924 et
1561 1851 1843 1924 honestissimam
1869 1879 2007 1947 semper
2026 1879 2101 1926 esse

68 1961 206 2032 dicinae
228 1957 492 2049 cognoscendae
512 1945 693 2041 studium,¹
716 1957 776 2024 sed
799 1979 840 2024 ex
862 1955 936 2046 ipsa
954 1969 1059 2024 natu·
1111 1955 1313 2029 iudicatam.
1372 1951 1462 2025 Na'm
1493 1969 1525 2025 et
1552 1953 1710 2026 Romani
1741 1981 1821 2025 rum
1853 1953 1999 2050 Graecis
2027 1969 2099 2026 tota

68 2087 124 2132 rae
146 2059 469 2150 contemplatione,
508 2059 545 2144 ip
569 2082 638 2152 qua
662 2071 822 2128 versatur
844 2069 916 2128 tota
940 2055 1059 2126 Medi·
1110 2057 1213 2128 ltalia
1236 2057 1513 2138 interdixerunt,
1547 2059 1675 2126 diserte
1697 2057 1858 2126 Medicus
1879 2073 2100 2148 exceperunt,

68 2165 165 2244 cina,
191 2161 440 2230 incredibilem
458 2160 694 2249 voluptatem,
720 2183 865 2250 eamque
884 2155 1058 2227 honestis·
1110 2173 1142 2227 et
1164 2160 1201 2226 in
1226 2158 1324 2230 ltalia
1346 2159 1550 2228 retinendus
1572 2183 1645 2228 esse
1668 2161 1828 2249 publicae
1852 2161 1974 2229 salutis
1996 2183 2098 2230 causa

69 2268 192 2336 simam
213 2263 355 2332 antuus
372 2263 462 2330 bene
478 2261 743 2353 liberaliterque
759 2259 940 2330 institutus
956 2257 1058 2349 capit.
1110 2263 1304 2330 duxerunt:
1332 2259 1411 2347 Qua
1429 2260 1466 2328 in
1481 2283 1519 2330 re
1534 2283 1710 2330 summum
1727 2257 1898 2332 honorem
1913 2263 1979 2332 arti
1996 2257 2099 2330 habi-

69 2366 172 2454 Quod
190 2364 287 2432 euim
304 2363 561 2456 spectaculum,
588 2362 651 2455 qui
666 2363 740 2431 ludi
759 2361 869 2450 magis
886 2359 1058 2429 delectare
1109 2377 1182 2432 tum
1202 2385 1274 2430 esse
1292 2360 1448 2435 cernitis.

68 2491 130 2537 nos
156 2477 323 2556 possunt,
358 2488 464 2556 quam
490 2477 634 2533 naturae
659 2463 827 2547 varietas,
860 2463 887 2530 si
913 2463 1058 2553 propius
1110 2529 1111 2534 ,
1212 2463 1330 2550 Quare
1361 2487 1423 2531 vos
1454 2457 1642 2546 adhortor,
1683 2463 1808 2554 optimi
1836 2461 2099 2552 Adulescentes,

67 2567 261 2640 intuearis?
312 2565 436 2658 Neque
463 2577 602 2634 tantum
628 2564 665 2632 io
692 2564 828 2654 magnis
849 2565 1058 2654 corporibus
1110 2562 1283 2653 primum,
1309 2577 1347 2633 ut
1365 2564 1488 2632 ametis
1505 2575 1538 2633 et
1555 2564 1718 2652 religiose
1734 2566 1856 2635 colatis
1871 2567 2099 2654 Medicinam,

67 2685 299 2752 structuram,
334 2667 497 2737 ordinem
529 2689 568 2735 ac
601 2665 694 2734 vires
719 2667 872 2757 partium
897 2666 1056 2734 omniurn
1109 2679 1142 2735 et
1158 2662 1239 2758 quia
1256 2664 1450 2735 valetudini
1467 2666 1600 2735 vestrae
1615 2670 1814 2756 prospicere
1829 2671 1937 2756 solet,
1962 2685 1997 2741 et
2015 2670 2096 2764 quia

67 2787 219 2866 spectare
234 2771 355 2850 iuvat,
378 2769 437 2838 sed
454 2766 710 2837 minutissimae
723 2790 779 2836 res
796 2767 851 2834 vel
867 2755 1057 2834 minimam
1108 2767 1240 2838 divinis
1255 2768 1421 2836 laudibus
1437 2768 1474 2835 iu
1490 2767 1596 2836 sacris
1611 2768 1723 2839 literis
1739 2781 1864 2838 oruata
1882 2785 1950 2856 est,
1975 2772 2099 2840 uobis-

66 2873 337 2945 admirationem
363 2871 523 2962 pariunt,
551 2894 630 2938 cum
655 2869 896 2938 animadverto
920 2868 1056 2936 nullam
1108 2892 1177 2962 que
1200 2871 1458 2952 commendata3
1493 2868 1639 2953 deiude,
1679 2883 1918 2963 ut'quantum
1947 2874 2097 2966 quisque

67 3001 135 3047 esse
165 2974 279 3046 totius
302 2985 452 3042 naturae
477 2984 631 3060 partem,
666 2965 953 3052 tamhumilem,
985 2981 1054 3038 tam
1106 2984 1221 3062 potest
1250 2971 1288 3038 iu
1318 2989 1357 3039 ea
1388 2993 1513 3063 operae
1542 2985 1662 3061 ponat.
1715 2969 1899 3063 Siquidem
1925 2975 2094 3044 nonalia

68 3088 325 3168 contemptam,
366 3097 456 3166 quae
485 3095 560 3140 non
589 3095 752 3162 magnam
781 3071 852 3138 viru
889 3069 1054 3139 medendi
1108 3097 1181 3157 res,
1209 3095 1315 3166 qnam
1337 3085 1484 3142 naturae
1506 3073 1752 3163 pervestigatio
1771 3097 1860 3166 quae
1877 3075 2023 3144 liberale
2039 3077 2096 3146 iu-

68 3177 203 3250 habeat.
255 3173 305 3248 Et
327 3197 401 3244 non
419 3175 525 3242 modo
540 3173 578 3241 iu
599 3171 712 3248 malva
728 3184 763 3241 et
779 3166 972 3262 asphodelo
989 3169 1055 3266 (si-
1107 3173 1269 3263 genium,
1294 3189 1354 3262 aut
1376 3173 1487 3264 magis
1504 3175 1621 3254 decet,
1648 3189 1707 3245 aut
1724 3175 1897 3265 ampliore
1913 3179 2108 3269 voluptate

68 3295 121 3354 eut
136 3279 318 3351 Hesiodus
341 3271 465 3368 dixit),
494 3275 555 3343 sed
579 3275 617 3342 iu
638 3287 790 3344 stercore
812 3273 918 3344 etiam
935 3273 1055 3357 suillo,
1107 3275 1318 3366 perfundere
1338 3289 1461 3366 potest.
1511 3271 1594 3345 Nou
1614 3277 1711 3345 aurei
1732 3289 1887 3363 montes,
1912 3280 1974 3372 qui
1990 3279 2096 3348 insa-

67 3398 123 3454 aut
145 3383 174 3452 si
195 3379 287 3475 quid
312 3373 380 3453 hoc
395 3377 503 3446 vilius
517 3389 586 3455 est,
610 3397 755 3464 magestas
769 3375 883 3444 inesse
896 3379 1055 3445 commo·
1107 3377 1201 3446 bulis
1216 3399 1293 3454 esse,
1303 3377 1489 3460 dicuntur,
1514 3389 1650 3448 tantum
1664 3377 1782 3447 valent
1796 3372 1979 3451 honestam
1994 3405 2095 3449 men-

67 3486 200 3556 dicates.
252 3477 331 3571 Ego
362 3478 519 3570 prolecto
549 3476 764 3547 mirabiliter
785 3477 937 3562 allicior,
973 3499 1052 3544 cum
1109 3496 1176 3550 tem
1206 3479 1400 3564 oblectare,
1434 3489 1605 3571 quantum
1635 3503 1754 3548 earum
1785 3503 1902 3548 rerum
1932 3481 2109 3564 tractatio*

68 3583 259 3656 hasrerum
274 3595 419 3652 naturas
435 3579 639 3663 considero,
662 3589 698 3648 et
713 3583 792 3647 'cum
809 3578 920 3668 ipsam
937 3571 1053 3646 archi-
1105 3579 1347 3672 cognitioque,
1381 3601 1467 3672 quas
1489 3579 1646 3649 continet
1668 3578 1859 3655 Medicina.
1910 3579 2094 3652 Postremo

66 3702 233 3761 tecturam
262 3682 390 3756 muudi
412 3681 590 3764 admiror,
614 3693 690 3749 tum
714 3677 838 3748 videor
862 3673 950 3747 mihi
972 3691 1053 3749 tau·
1105 3707 1184 3752 cum
1207 3681 1329 3750 iuvare
1354 3675 1517 3748 homines
1539 3681 1585 3750 sit
1602 3693 1635 3751 et
1652 3681 1909 3751 sanctissimum
1927 3683 2095 3768 officium,

66 3820 167 3891 quam
190 3811 300 3860 manu
324 3785 496 3876 prendere
513 3781 647 3866 Deum,
673 3781 734 3874 qui
751 3803 823 3850 sese
839 3780 997 3852 infundit
1013 3779 1051 3848 in
1105 3799 1138 3854 et
1158 3780 1302 3854 homine
1318 3781 1583 3871 dignissimum,
1609 3786 1689 3852 date
1707 3805 1869 3871 operam,
1894 3798 1937 3854 ut
1953 3780 2020 3853 hoc
2037 3785 2095 3854 iu·

68 3918 185 3970 omnes
206 3914 280 3978 res,
309 3897 444 3974 vegetat
467 3897 502 3954 et
524 3884 585 3952 alit
609 3883 747 3966 omnia,
773 3895 808 3952 et
830 3906 910 3952 suas
925 3884 1053 3974 cuique
1105 3899 1339 3956 strumentum
1368 3884 1582 3975 amplissime
1606 3885 1764 3954 merendi
1793 3886 1838 3952 de
1858 3885 1958 3976 aliis,
1992 3887 2093 3956 vobis

67 3997 229 4071 reivires
252 4005 421 4080 tanquam
444 4007 659 4054 oeconomus
680 3984 859 4067 distribuit
876 3999 908 4052 et
928 3984 1051 4056 volvit.
1097 3987 1321 4078 comparetis.
1366 3979 1455 4056 Nam
1472 3987 1531 4054 ille
1544 3987 1685 4054 demum
1700 3975 1793 4054 reete
1807 3986 2094 4074 instituitvitam‚

68 4099 205 4194 Opinor
223 4094 262 4162 iu
277 4103 378 4184 tauta
396 4111 515 4158 rerum
532 4088 699 4157 varietate
716 4086 812 4154 cerni
831 4110 919 4154 sose:
946 4099 1051 4176 atque
1104 4089 1165 4183 qui
1181 4090 1225 4158 ad
1242 4085 1421 4178 publicam
1437 4087 1626 4158 utilitatem
1643 4111 1704 4158 sua
1722 4088 1838 4157 studia
1856 4101 1893 4158 et·
1905 4091 1998 4160 vitae
2011 4113 2075 4160 cur

68 4200 132 4274 hoc
156 4196 316 4270 studium
344 4189 637 4279 contemplandae
668 4201 814 4257 naturae
846 4187 892 4254 ita
919 4186 1049 4253 multus
1103 4215 1180 4260 sum
1197 4191 1314 4261 refert.
1366 4187 1462 4262 Dixi.
1814 4223 1816 4230 ¹
2070 4211 2079 4218 ·

69 4303 193 4386 tenuit,
218 4310 259 4368 ut
280 4316 485 4388 quanquam
502 4287 719 4358 Medicinam
743 4313 815 4357 non
839 4300 1050 4367 exercerent,

70 4423 180 4480 tamen
211 4399 277 4471 toti
309 4395 443 4465 luerint
474 4392 511 4460 iu
544 4415 583 4462 ea
617 4391 856 4482 perdiscenda.
915 4386 1048 4486 Verum

70 4505 151 4579 mihi
172 4499 366 4574 humanius
383 4496 541 4575 videtur,
566 4496 662 4588 quod
683 4488 867 4576 didiceris,
890 4490 925 4557 id
945 4491 1048 4558 etiam
1126 4519 1271 4598 Nost&
1522 4521 1526 4524 -
1922 4557 1958 4595 m
1986 4535 2101 4597 mh

71 4625 266 4702 expromere
292 4601 331 4668 in
358 4621 442 4667 usus
468 4591 653 4664 hominurn
674 4607 708 4662 et
724 4595 891 4662 maiorem
909 4593 1048 4661 laudem
1109 4599 1281 4650 §.aa
1355 4613 1357 4617 >
1913 4582 2102 4653 μ’

70 4714 204 4783 meritos
220 4727 293 4776 esse
308 4723 388 4784 eos,
412 4698 475 4792 qui
492 4699 634 4766 morbos
652 4709 840 4780 curanrnt,
866 4719 971 4787 quam
987 4694 1048 4786 qui
1251 4717 1422 4808 comm
1451 4749 1523 4810 em
1559 4713 1709 4808 Moos-
1719 4721 1928 4811 Medm

72 4815 159 4884 domi
186 4808 359 4880 inclusam
386 4815 495 4872 artem
522 4811 731 4876 tenuerunt,
763 4797 920 4866 contenti
947 4797 1050 4864 volu·
1519 4751 1556 4836 Ρ
1836 4756 1851 4812 ¹
1929 4785 1940 4810 ·

73 4931 171 5006 ptate,
204 4931 310 5008 quarn
335 4929 377 4974 ex
400 4901 604 4992 cognitione
628 4899 824 4994 capiebant.
865 4893 931 4968 Est
954 4899 1049 4966 euim
1170 4897 1366 4952 lnneetsuu.
1386 4896 1453 4958 nt.
1473 4897 1653 4971 nstssqq„
1677 4897 2014 4974 &rsesr.·1·.t.p269.‚‚
2040 4899 2090 4953 rr.
2187 4893 2190 4902 ’

74 5013 134 5088 hoc
158 5008 341 5106 inprimis
362 5001 509 5075 homine
531 5001 697 5091 dignum,
731 4995 917 5069 hominum
943 4999 1046 5066 saluti
1204 4965 1298 5022 maed.
1316 4965 1349 5022 Τ·
1363 4969 1398 5027 ¹¹·
1417 4988 1444 5040 Ρ·
1457 4968 1519 5025 ²⁰¹·

77 5135 230 5214 qnantum
253 5109 366 5208 possis
392 5105 559 5223 opitulari
586 5119 692 5223 atque
715 5101 926 5220 prospicere.
979 5099 1048 5169 Su·
1101 5078 2093 5222 0⁰¹¹&ssempiricosMedioos,iMD,XXX1.P11,M,

74 5220 253 5291 musenim
275 5211 435 5306 proiecto
453 5219 528 5276 natr
547 5200 709 5274 houuues
728 5200 912 5274 hominum
931 5223 1047 5287 causa,

74 5337 110 5394 ut
134 5345 230 5415 quam
259 5315 412 5411 quisque
439 5309 629 5400 utilitatem
659 5307 703 5376 ad
735 5306 845 5375 vitam
870 5315 1047 5394 praestare
1100 5281 1261 5366 Difficile
1276 5293 1576 5404 estdeMedicina
1593 5283 1747 5386 reperire
1763 5294 1978 5382 orationem,
2004 5323 2094 5391 quae¹
2157 5319 2161 5327 ·

79 5437 191 5516 posset,
215 5445 288 5496 eam
307 5415 397 5488 citra
414 5411 587 5481 invidiam
606 5410 643 5477 iu
660 5408 841 5500 publicum
859 5406 1060 5477 conferret..
1099 5395 1255 5473 taedium
1277 5397 1443 5489 effugiat,
1475 5421 1555 5468 cum
1577 5399 1679 5471 toties
1701 5399 1746 5467 de
1767 5419 1829 5487 ea,
1856 5391 1929 5470 hoe
1953 5400 1990 5468 in
2015 5401 2110 5472 loco.

1110 4390 1405 4408 W
1604 4413 1606 4416 Ι
1992 4401 2091 4414 'mea

1238 5728 1403 5820 stu!
