4646 5824
72 293 139 389 rot
595 299 755 380 auct.
785 297 863 376 nn
895 257 1231 376 nonornna
1263 283 1562 366 rnrncrrn
2015 272 2095 369 'roa

73 461 165 554 luit.
191 472 264 547 llic
291 474 321 545 si
344 473 452 547 velim
475 428 653 548 rhetorico
675 498 775 548 more
798 477 842 548 de
862 471 1051 570 splendore
1099 465 1217 540 rinam
1239 480 1274 540 et
1298 460 1442 536 Annam
1462 455 1652 554 Sophiam,
1678 487 1768 558 quae
1789 428 1894 538 unica
1917 481 2091 564 superstes

69 578 233 654 natalium
261 576 399 660 dicere,
431 591 466 649 et
495 579 540 648 de
566 575 828 651 Cimbricorum
850 573 990 668 Regum
1016 587 1051 647 et
1100 583 1166 642 est.
1223 567 1358 640 Lucere
1388 579 1506 637 autem
1530 563 1642 636 virtus
1663 565 1839 641 Dominae
1861 569 1901 639 in
1922 571 2090 664 coningio

69 687 109 754 de
147 674 420 752 Marchionum¹
442 677 818 773 Brandeburgensinm
869 679 1049 764 laudibus,
1098 670 1285 766 praecipue
1314 670 1424 764 cepit,
1456 667 1494 736 in
1522 691 1593 762 quo
1617 691 1697 739 curn
1721 671 1765 741 ad
1790 695 1953 742 normam
1975 672 2090 743 coele-

70 807 165 880 φη
178 783 286 870 longa
301 780 458 852 narratio
471 784 589 854 futura
605 783 718 854 esset?
749 781 818 856 sed
833 794 942 853 totam
956 774 1049 850 hanc
1097 787 1206 860 stem,
1232 786 1345 844 totum
1362 771 1455 842 vitae
1471 769 1687 841 curriculum
1706 773 1883 866 dirigeret,
1910 769 2002 846 hanc
2019 773 2089 844 sibi

69 899 192 978 partem
209 889 411 974 praetereo,
437 883 521 977 quia
539 881 604 954 etsi
620 897 671 956 est
683 907 852 976 magnum
869 885 974 953 decus
988 903 1047 972 ge-
1096 871 1200 946 Pauli
1227 875 1383 966 regulam
1413 873 1616 966 proposuit,
1650 877 1941 968 complectentem
1964 897 2088 947 omnes

66 987 154 1056 neris
173 985 361 1070 nobilitas,
386 1007 493 1078 quam
515 985 627 1055 fateor
649 987 754 1058 etiam
775 985 953 1082 quandam
975 1005 1048 1053 esse
1095 977 1175 1069 piae
1196 991 1379 1048 matronae
1398 975 1562 1048 virtutes:
1589 989 1749 1046 servatur
1770 978 1979 1070 muliertper
1993 977 2087 1048 lilio-

68 1087 198 1157 virtutis
227 1081 513 1167 inchoationem,
548 1099 663 1158 tamen
696 1087 765 1158 alia
795 1101 878 1160 sunt
907 1085 1046 1156 veriora
1095 1103 1176 1149 rum
1191 1079 1469 1170 generationem,
1495 1077 1524 1148 si
1537 1076 1706 1150 manserit
1719 1078 1758 1150 in
1772 1079 1858 1168 lide,
1881 1081 2085 1168 dilectione,

69 1199 276 1260 ornamenta.
329 1184 465 1260 Didicit
478 1187 598 1259 literas
613 1203 648 1261 et
661 1189 833 1260 sinceram
848 1187 1045 1260 doctrinam
1095 1183 1278 1252 sanctitate
1295 1193 1329 1250 et
1344 1179 1526 1254 modestia.

24 1337 26 1342 ·
68 1291 107 1360 de
119 1287 191 1360 Deo
211 1301 246 1360 et
267 1288 343 1358 lilio
361 1289 456 1370 eius,
481 1286 638 1360 Domino
656 1303 778 1364 nostro
796 1289 876 1362 lesu
891 1284 1046 1374 Christo,
1197 1281 1357 1353 Primum
1369 1295 1463 1353 recte
1476 1279 1694 1374 intelligebat
1707 1283 1799 1356 vitae
1812 1307 1933 1378 genus,
1958 1283 1997 1354 in
2012 1309 2083 1380 qun

67 1403 100 1460 et
119 1387 235 1460 omnia
258 1390 422 1461 exercitia
445 1389 604 1483 pietatis,
643 1406 676 1466 et
699 1393 849 1464 aliarum
872 1391 1045 1464 virtutum
1095 1397 1188 1456 erat:
1210 1385 1341 1455 sciebat
1355 1383 1579 1476 coniugium,
1602 1400 1636 1458 et
1649 1410 1854 1468 aerumnas,
1880 1409 1967 1482 quas
1982 1409 2083 1458 sexus

70 1491 189 1580 optima
202 1489 393 1581 disciplina
408 1493 598 1564 assuefacta
614 1495 780 1580 est-inde
794 1517 907 1590 usque
922 1518 942 1564 a
957 1515 1047 1586 pne-
1094 1486 1279 1557 muliebris
1300 1485 1339 1555 in
1361 1499 1462 1580 partu
1486 1499 1520 1558 et
1545 1487 1752 1559 educatione
1773 1489 1907 1560 sobolis
1924 1488 2084 1576 sustinet,

69 1592 158 1676 ritia,
188 1603 377 1682 parentum
400 1593 594 1684 diligentia.
646 1593 809 1692 Cumque
830 1619 905 1667 non
929 1595 1045 1664 solum
1093 1585 1171 1661 Deo
1192 1589 1349 1682 placere,
1372 1589 1431 1658 sed
1454 1589 1541 1660 adeo
1564 1588 1648 1660 addi
1672 1605 1834 1684 oportere
1850 1589 1998 1662 virtutes
2015 1613 2084 1662 nc·

69 1692 210 1763 studiose
234 1693 375 1764 audiret
397 1696 562 1766 docentes
584 1696 623 1766 in
646 1691 821 1784 Ecclesia,
854 1695 1045 1769 sedetiam
1095 1691 1278 1772 cessarias,
1311 1689 1466 1784 primum
1486 1691 1613 1778 fidem,
1643 1693 1773 1764 deinde
1796 1705 1958 1763 caeteras.
2011 1688 2082 1763 Ar·

70 1793 184 1864 libros¹
198 1793 372 1864 divinitus
400 1796 505 1867 nobis
535 1801 819 1885 commendatos,
849 1799 997 1892 scriptos
1025 1819 1045 1866 a
1094 1793 1200 1864 debat
1222 1806 1338 1863 autem
1361 1793 1400 1861 in
1415 1805 1556 1886 pectore
1576 1793 1651 1864 eius
1667 1794 1750 1865 fidei
1764 1793 1887 1865 lumen
1902 1795 1990 1864 adeo
2006 1816 2083 1864 non

70 1890 243 1986 Prophetis
257 1909 292 1966 et
302 1891 494 1989 Apostolis,
515 1911 550 1971 et
562 1901 782 1972 eruditorum
796 1900 1046 1994 explicationes
1086 1897 1303 1977 obscurum,
1341 1907 1382 1964 ut
1407 1894 1446 1964 in
1471 1895 1706 1988 professione,
1739 1895 1857 1966 studio
1887 1895 2083 1978 doctrinae,

70 1993 136 2086 ipsa
155 1996 286 2088 legeret
310 1999 529 2086 avidissime,
561 2023 735 2074 summam
759 2003 941 2074 doctrinae
965 2023 1046 2072 coe-
1087 1994 1134 2066 'in
1149 1996 1288 2067 assidua
1304 1993 1622 2084 invocationeDei,
1645 1996 1684 2066 in
1700 1997 1929 2068 moderandis
1941 2020 2084 2068 moero-

70 2095 153 2166 lestis
167 2097 213 2170 ita
226 2113 347 2170 mente
360 2101 540 2192 complexa
556 2115 608 2174 est
622 2103 816 2196 integram,
841 2119 881 2177 ut
897 2125 1045 2176 consen·
1093 2099 1195 2170 ribus
1216 2111 1251 2170 et
1275 2098 1461 2170 retinenda
1484 2099 1596 2170 animi
1619 2098 1816 2170 constantia
1833 2098 1927 2170 clare
1940 2097 2083 2190 conspi-

71 2217 138 2267 tum
159 2195 363 2273 Catholicae
385 2197 562 2273 Ecclesiae
586 2219 724 2287 nosset,
749 2219 784 2277 et
805 2229 889 2276 vero
911 2203 1044 2276 iudicio
1076 2211 1244 2274 seretur,
1300 2197 1374 2270 Nec
1398 2212 1537 2272 tantum
1567 2200 1776 2270 memoniis
1805 2223 1868 2272 seu
1891 2199 2082 2290 tragoediis

71 2321 105 2367 aa
125 2312 195 2370 toto
223 2313 368 2392 pectore
394 2304 682 2396 amplecteretur,
715 2319 750 2378 et
771 2307 858 2378 salsa
880 2309 1046 2398 dogmata
1094 2301 1232 2374 colebat
1245 2298 1381 2386 Deum,
1406 2303 1467 2372 sed
1487 2301 1581 2372 veris
1601 2301 1739 2376 officiis.
1788 2299 1970 2374 Audiebat
1991 2325 2083 2395 quo·

73 2421 135 2469 non
159 2402 273 2472 solum
304 2404 442 2475 erudite
472 2407 662 2494 refutaret,
693 2409 754 2478 sed
785 2407 892 2480 etiam
919 2408 1047 2478 acriter
1095 2403 1182 2476 tidie
1221 2402 1480 2474 enarrationem
1516 2402 1700 2474 doctrinae
1730 2402 1908 2487 coelestis,
1945 2402 2083 2494 legebat

73 2517 291 2574 aversaretur:
316 2504 455 2600 fuitque
476 2509 571 2600 apud
594 2523 730 2601 patrem
754 2523 788 2582 et
810 2511 955 2582 fratrem
970 2507 1046 2580 Re-
1094 2507 1192 2597 ipsa,
1225 2504 1418 2576 disserebat
1441 2527 1523 2576 cnm
1545 2501 1713 2596 Principe
1733 2505 1778 2576 de
1797 2504 1995 2597 praecipuis
2015 2505 2084 2574 do-

73 2621 122 2689 ges
138 2605 373 2676 sanctissimos
395 2608 585 2695 monitrix,
616 2623 656 2682 ut
678 2635 769 2692 una,
798 2635 882 2681 vera
907 2624 942 2682 et
958 2633 1046 2680 con·
1094 2607 1228 2678 ctrinae
1250 2606 1431 2677 membris.
1480 2603 1555 2676 Nec
1579 2629 1679 2676 more
1692 2604 1891 2676 academico
1907 2604 2084 2699 quaslibet

72 2705 208 2776 smtiens
232 2707 440 2779 docentium
463 2733 532 2780 vox
556 2724 644 2782 esset
665 2711 704 2780 in
727 2705 914 2797 Ecclesiis,
942 2725 977 2782 et
999 2733 1046 2780 ne
1093 2707 1280 2799 opiniones
1301 2707 1358 2776 vel
1377 2707 1604 2794 admittebat,
1628 2707 1685 2778 vel
1704 2707 1918 2788 mirabatur,
1943 2720 1985 2778 ut
2005 2727 2083 2778 mos

73 2801 157 2875 locus
175 2808 372 2895 erroribus,
398 2809 460 2904 qui
475 2823 559 2880 tunc
574 2811 704 2904 passim
718 2811 887 2885 fanaticas
901 2811 1046 2906 opinio-
1094 2822 1146 2881 est
1166 2807 1305 2892 levium,
1319 2807 1562 2898 ingeniorum,
1586 2821 1649 2879 aut
1662 2808 1984 2890 cudosornmz,sed
1998 2807 2097 2879 uni-¹

74 2925 127 2974 nes
140 2911 362 2998 spargebant,
383 2912 646 2990 concederetur.
1094 2934 1170 2982 cam
1191 2931 1265 2980 esse
1287 2932 1428 2995 veram,
1451 2921 1658 3002 perpetuam
1680 2923 1715 2982 et
1734 2909 1918 2980 immotam
1941 2911 1985 2980 de
2000 2906 2077 2980 Deo

158 3006 257 3080 Sicut
287 3011 374 3080 olim
397 3007 594 3096 Theodosii
622 3013 844 3106 imperatoris
866 3015 940 3085 filia
962 3011 1045 3086 Pla·
1094 3010 1304 3084 sententiam
1324 3011 1572 3096 adseverabat,
1595 3033 1687 3104 quae
1705 3010 1904 3082 illustribus
1919 3009 2083 3084 testimo·

74 3103 151 3176 cidia
171 3109 271 3180 iratri
289 3107 445 3182 Arcadio
465 3115 637 3185 monitrix
657 3116 727 3187 luit
747 3117 792 3186 de
809 3115 963 3210 puritate
979 3117 1046 3186 do·
1094 3113 1165 3185 niis
1187 3112 1225 3182 in
1239 3107 1397 3182 Ecclesia
1418 3114 1589 3203 patefacta
1611 3125 1674 3186 est.
1723 3109 1828 3184 Hanc
1842 3126 1992 3206 utraque
2006 3135 2082 3184 ma-

75 3205 189 3279 ttrinae
209 3212 414 3298 retinenda,
438 3227 472 3292 et
493 3227 612 3306 postea
632 3214 814 3288 Martiano
839 3217 1045 3310 imperatori
1094 3239 1165 3300 nn,
1190 3214 1262 3283 imo
1275 3225 1350 3284 toto
1368 3227 1527 3304 pectore,
1552 3213 1841 3304 amplectebatur.
1891 3210 2082 3286 Hancdis·

73 3297 246 3399 hortatrix,
270 3313 317 3383 de
338 3315 475 3408 synodo
497 3311 781 3388 Chalcedonensi
804 3318 1045 3392 convocanda.
1094 3315 1259 3390 cernebat
1290 3315 1337 3386 ab
1362 3307 1514 3386 ethnicis
1536 3327 1572 3384 et
1592 3313 1674 3384 aliis
1697 3312 1943 3407 opinionibus:
1976 3309 2084 3388 huius

73 3401 135 3478 Nec
159 3414 374 3484 voluntatem
403 3410 496 3485 hanc
514 3429 549 3488 et
571 3442 693 3488 curam
714 3417 921 3490 retinendae
944 3418 1045 3512 puri·
1094 3416 1306 3506 cogitatione
1326 3437 1363 3484 se
1382 3417 1427 3485 ad
1448 3415 1708 3485 invocationem
1730 3429 1765 3486 et
1779 3417 1824 3488 ad
1841 3415 1992 3487 aliarum
2007 3416 2084 3486 vir·

74 3507 143 3578 tatis
166 3514 348 3586 doctrinae
373 3539 530 3610 tanqum
562 3519 744 3610 deposuit,
780 3523 841 3590 sed
870 3519 1044 3591 iudicium
1093 3532 1211 3590 tutum
1233 3515 1346 3588 officia
1368 3515 1593 3589 exuscitabat.
1644 3512 1809 3610 Denique
1823 3513 1918 3588 banc
1932 3517 2084 3588 ducebat

75 3603 155 3678 idam
173 3607 268 3686 hand
292 3615 403 3686 dubie
418 3619 461 3687 ad
485 3619 726 3690 dulcissimam
741 3617 811 3690 Dei
827 3633 860 3693 et
877 3619 943 3692 filii
958 3621 1044 3702 eius,
1094 3641 1176 3688 vere
1195 3639 1329 3688 sacram
1351 3639 1517 3688 ancoram
1538 3639 1612 3687 esse
1634 3617 1803 3689 omnibus
1823 3617 2023 3691 senonibus
2046 3632 2082 3692 et

75 3699 315 3801 Prophetarum
337 3741 378 3787 ac
392 3712 667 3810 Apostolorum,
693 3720 851 3809 Mariae,
875 3717 992 3808 Evae,
1011 3733 1046 3792 et
1094 3719 1269 3814 periculis.
1417 3803 1422 3810 .

76 3823 179 3886 Μαι
209 3817 370 3889 coelestis
403 3821 562 3891 universi
591 3823 885 3895 consuetudinem
913 3822 1044 3898 attulit.
1195 3817 1281 3892 Fuit
1289 3831 1407 3891 autem
1418 3820 1654 3895 intercaetera
1663 3821 1863 3893 testimonia
1872 3821 1952 3894 fidei
1961 3819 2084 3916 ipsius,

77 3901 154 4022 911111
173 3915 281 4007 igitur
301 3919 456 4014 inclytus
470 3918 640 4015 Princeps
655 3939 795 4011 noster,
821 3925 1046 4018 comperisset
1095 3917 1164 3993 hoc
1184 3945 1345 4018 qnoque,
1370 3924 1467 4016 quod
1491 3921 1621 3996 eximio
1644 3923 1764 3994 studio
1783 3919 1995 3996 Academiae
2015 3947 2084 3995 no·

77 4011 215 4087 indolem
229 4043 318 4121 ⁴esse
347 4021 385 4089 in
417 4043 457 4091 ea
481 4021 716 4114 praeclaram,
746 4049 862 4098 mores
882 4024 1046 4120 optimos,
1095 4037 1187 4095 strae
1217 4024 1508 4094 constitutionem
1539 4039 1575 4098 et
1603 4025 1906 4097 conservationem
1935 4026 2084 4102 adiuvit.

78 4111 275 4226 ⁸'finitionem
302 4133 339 4191 et
364 4120 628 4195 invocationem
648 4123 718 4199 Dei
746 4151 887 4213 veram,
918 4127 1044 4198 coniu-
1095 4121 1143 4196 Et
1174 4126 1219 4194 ad
1248 4125 1317 4194 alia
1342 4125 1455 4198 multa
1479 4127 1649 4198 beneficia
1672 4123 1740 4198 hoc
1762 4127 1917 4200 addidit:
1951 4127 2082 4201 Decem

77 4228 159 4324 3111111
177 4220 251 4292 eius
272 4235 308 4293 et
327 4221 390 4314 pio
414 4223 563 4296 consilio
586 4227 775 4318 expetivit,
800 4243 835 4300 et
851 4229 1044 4299 astentien-
1095 4225 1396 4312 adolescentibus,
1435 4227 1498 4321 qui
1530 4227 1569 4296 in
1597 4227 1743 4299 familiis
1771 4228 1955 4300 nobilibus
1984 4243 2084 4302 eram

78 4311 159 4385 ι111111
183 4337 278 4411 patre
307 4320 407 4414 Rege
434 4321 590 4413 Danico,
635 4339 671 4399 et
698 4329 915 4420 gravissimis
944 4329 1046 4419 regni
1096 4328 1190 4414 nati,
1216 4325 1432 4400 discentibus
1452 4328 1572 4399 literas
1592 4330 1754 4423 praebuit
1771 4343 1932 4424 sumptus
1948 4333 1993 4402 de
2008 4353 2086 4418 suo,

77 4411 296 4512 Pflsstlpihns,
320 4425 495 4499 obtinuit:
525 4425 631 4499 Venit
646 4429 755 4519 igitur
768 4432 861 4522 regis
875 4429 947 4502 lilia
965 4431 1045 4502 Do·
1096 4427 1147 4499 eis
1174 4442 1436 4522 praeceptorem
1465 4453 1527 4501 sua
1549 4431 1697 4524 pecunia
1720 4429 1903 4524 pr‘aet'ecit:
1935 4455 2024 4528 quos
2043 4445 2084 4504 ut

78 4507 203 4606 rotha,
224 4529 269 4598 ad
284 4523 473 4600 Albertum
485 4524 733 4602 Marcbionem
747 4529 1046 4624 Brandeburgen-
1096 4529 1141 4601 ad
1169 4530 1376 4602 discendum
1408 4531 1594 4620 invitaret,
1625 4545 1660 4604 et
1687 4533 1804 4604 studia
1834 4555 1937 4626 saepe
1955 4533 2083 4624 inspici
2120 4575 2122 4583 ·

78 4628 158 4703 Μ’,
176 4619 409 4700 Borussorum
429 4627 587 4716 Ducem,
612 4655 687 4704 non
709 4646 750 4705 ut
766 4628 889 4706 Thetis
913 4635 958 4704 ad
978 4633 1045 4705 Pe-
1096 4631 1252 4717 curavit,
1278 4645 1312 4704 et
1327 4655 1429 4724 saepe
1443 4633 1559 4703 missis
1574 4658 1616 4705 ex
1630 4636 1818 4706 venatione
1833 4657 1875 4706 ac
1889 4635 2085 4727 piscatione

79 4705 160 4786 Ιε11111
182 4721 358 4821 Delphina
380 4743 500 4817 vecta,
531 4729 726 4802 Nereidum
751 4733 956 4806 comitatum
980 4738 1044 4806 ad·
1095 4733 1305 4806 muneribus
1330 4735 1591 4806 commonalieri
1617 4735 1662 4806 de
1686 4735 1803 4806 officio
1825 4735 1938 4810 iussit.
1986 4733 2085 4808 Con-
2179 4743 2183 4752 '

80 4809 211 4934 ducam,
232 4832 293 4902 sed
315 4831 467 4904 afferens
486 4833 562 4904 veri
576 4831 644 4906 Dei
657 4832 875 4926 agnitionem
891 4850 926 4907 et
940 4835 1045 4908 invo-
1095 4833 1244 4907 stantini
1274 4848 1388 4906 mater
1414 4848 1450 4906 et
1477 4837 1567 4907 aliae
1596 4837 1729 4908 multae
1758 4831 1922 4910 heroides
1950 4835 2083 4928 templa

81 4927 252 5017 Quonam,
275 4944 312 5003 et
334 4934 496 5004 omnium
516 4935 665 5007 aliarum
689 4937 862 5008 virtutum
883 4931 1044 5025 chorum,
1096 4937 1357 5021 condiderunt:
1387 4949 1422 5008 et
1451 4951 1569 5008 coetus
1600 4939 1839 5011 adiunxerunt
1868 4937 2084 5024 canentium,

81 5029 263 5124 ‘ummtqns
280 5035 471 5106 concordia
493 5049 527 5108 et
543 5051 667 5110 mutuo
683 5061 804 5109 amore
818 5063 898 5109 cum
913 5041 1043 5111 marito
1096 5039 1158 5132 qui
1183 5051 1217 5110 et
1239 5037 1309 5130 ipsi
1334 5033 1396 5134 (ut
1417 5060 1480 5130 ego
1501 5037 1675 5138 arbitror)
1700 5039 1805 5112 initio
1820 5033 2020 5111 scholarum
2035 5039 2085 5110 si-

82 5129 177 5236 Pqult
196 5133 237 5200 ad
258 5145 454 5206 extremum
471 5137 634 5229 spiritum
650 5139 737 5210 vixit
752 5163 865 5211 annos
879 5163 993 5212 unum
1010 5155 1044 5213 et
1094 5140 1197 5210 miles
1224 5139 1386 5212 luerunt:
1419 5153 1556 5234 postea,
1589 5155 1630 5214 ut
1656 5142 1768 5212 multa
1797 5141 1891 5212 bona
1911 5139 2086 5228 instituta,

85 5227 201 5304 ttgrnti.
254 5233 327 5306 Nec
351 5236 420 5307 luit
443 5237 675 5322 infoecunda,
708 5243 769 5311 sed
794 5242 929 5334 peperit
951 5243 1043 5314 lilios
1093 5240 1263 5334 paulatim
1285 5240 1428 5332 ignavia
1447 5237 1635 5315 hominum
1651 5255 1949 5336 corrumpuntur,
1968 5243 2085 5315 studia

84 5308 174 5434 ἀφ’,
194 5353 317 5430 nempe
338 5336 526 5410 Albertum
551 5350 585 5409 et
601 5335 822 5413 Fridericum
838 5341 1043 5416 Albertum:
1092 5343 1276 5416 literarum
1299 5346 1435 5416 deserta
1457 5359 1561 5434 sunt,
1582 5359 1617 5417 et
1634 5345 1762 5417 umbra
1784 5336 1932 5436 mansit,
1956 5345 2086 5418 videli-

81 5408 159 5494 fflm
173 5426 251 5508 ilem
264 5451 437 5535 quatuor,
460 5437 627 5527 Luciam,
651 5437 888 5533 Dorotheam,
912 5441 1044 5535 Catha-
1091 5458 1146 5521 cet
1166 5444 1301 5518 rituum
1323 5445 1534 5519 observatio.
1584 5443 1640 5520 Ac
1661 5446 1839 5522 recentior
1861 5459 1958 5521 aetas
1972 5447 2085 5528 multa
