4688 5826
78 257 162 338 m
623 237 802 333 ²ttso'n.
834 233 1150 333 ouantem·
1178 235 1241 328 ta
1263 240 1600 338 uastandos.
2052 245 2128 346 ies

80 432 227 528 optimu
241 424 439 506 dium.
467 471 474 486 ι
491 424 645 530 Habetis
656 413 879 509 meleottsilli
894 431 1081 519 rationem,
1129 429 1285 524 luisset„
1299 427 1370 502 nisi
1392 431 1693 522 rerumg'eav'itati
1710 415 1997 516 venustissinmm
2011 444 2123 536 genus

81 561 147 608 tur
169 525 386 630 utlc'prisqtte
407 533 696 626 autoropttmos·
711 545 781 627 est,
794 533 856 604 'ila
878 535 1079 627 saepissime
1129 533 1322 604 uerborum
1336 538 1505 628 tanquam
1519 534 1702 608 illecebras
1713 543 1881 634 quasdam
1894 545 2121 621 adiunxisset.

81 638 315 728 „mmm
348 634 666 720 wffigiaeimetn,
706 637 808 728 quod
836 637 997 731 Quisquis
1024 659 1079 707 se-
1103 657 1108 674 ·
1131 633 1214 706 Non
1235 643 1287 706 es‘t
1300 645 1416 708 'antem
1431 638 1620 708 obscurum
1636 658 1809 734 quantum
1824 647 1977 720 amarint
1993 645 2122 722 Graeci

82 743 269 836 quandum
290 731 363 814 eibi
386 757 461 808 esse
478 749 628 821 statuet,
667 735 698 806 is
722 761 760 807 re
783 737 859 834 ipsa
881 740 1080 831 experietur
1129 733 1200 807 ltoc
1224 745 1394 822 aornim,
1440 753 1570 833 quamn
1601 765 1684 812 cura
1714 745 1995 835 adservaverint,
2036 753 2120 846 quia
2205 815 2208 822 .

82 863 195 913 unam
221 835 647 918 matemautensem
671 839 911 913 massionem
934 863 1078 931 compab
1131 837 1324 910 Pausanias
1354 841 1403 912 ait
1432 863 1470 910 se
1497 842 1627 912 vidisse
1656 843 1694 914 in
1721 843 1893 920 Helicone
1915 853 2120 946 antiquissi-

81 946 235 1014 rendam
252 941 372 1022 uiam,
390 933 550 1014 allorum
573 960 659 1014 acro
683 941 866 1012 laboribus
886 967 926 1012 ac
947 943 1078 1032 vigillis
1130 963 1229 1012 mum
1247 955 1520 1014 mormmcmum
1541 943 1723 1035 plumbeas
1746 949 1882 1020 tabulas
1891 999 1905 1034 ‚,
1927 951 1965 1022 in
1988 955 2118 1048 quibus

81 1045 238 1116 buettnn
255 1044 644 1134 miolmerespoidere.
698 1040 767 1114 Sed
784 1063 864 1114 cum
880 1041 1078 1114 Hesiodum·
1130 1037 1199 1112 boc
1215 1057 1339 1135 poema
1354 1044 1522 1136 scriptum
1537 1045 1655 1118 inerit.
1708 1047 1779 1120 Sed
1794 1053 1898 1121 venio
1912 1057 1956 1122 ad
1971 1055 2118 1127 alteram

81 1169 223 1240 semper
253 1136 449 1217 doctissimi
478 1141 643 1214 ltotnines
665 1143 813 1236 plurimi
833 1145 1003 1227 fecerint,
1036 1171 1077 1216 ex
1131 1156 1286 1237 partem,
1317 1159 1352 1218 et
1375 1166 1546 1237 exponam
1571 1149 1657 1242 quid
1674 1153 1850 1222 adrerum
1867 1154 2050 1228 scientiam
2067 1159 2119 1229 lc-

82 1273 126 1320 eo
151 1237 892 1339 genereautorum=mihiesse=visusest,
917 1250 1077 1342 quinon
1130 1247 1200 1316 ctio
1230 1248 1305 1317 eins
1335 1251 1527 1332 conducat,
1560 1249 1597 1318 ln
1628 1275 1695 1344 quta
1719 1255 1876 1344 proiecto
1900 1278 1974 1327 nott
1998 1261 2119 1330 minus

83 1352 194 1421 semel
208 1361 354 1420 tantum*
362 1348 576 1440 inspiciendi
591 1359 691 1433 emtt3
718 1371 936 1443 praessum,
961 1357 1077 1444 quan.
1129 1364 1235 1442 qnam
1248 1350 1288 1416 in
1302 1349 1419 1419 verbis
1434 1351 1690 1424 elaborandum
1705 1370 1766 1429 cst.
1812 1353 1906 1445 Quia
1922 1381 1995 1430 non
2011 1364 2117 1432 modo

83 1447 194 1546 msam
217 1469 292 1522 noo
313 1451 420 1543 plane
437 1450 599 1540 lgnotn‘m
615 1446 961 1540 vobis'celegcndum
979 1471 1077 1522 surn-
1129 1451 1247 1546 inanis
1267 1463 1319 1523 est
1338 1451 1470 1538 oratio,
1494 1452 1565 1522 nisi
1588 1477 1643 1523 res
1664 1446 1829 1527 honestas
1845 1473 1886 1530 ct
1906 1461 2010 1532 utiles
2033 1486 2119 1534 con-

84 1555 153 1646 μὶ.
206 1551 330 1646 Neque
347 1569 468 1623 meum
484 1551 672 1626 consifinm
688 1547 972 1644 reprehendetis,
998 1553 1077 1645 opi·
1128 1551 1257 1644 meat,
1288 1555 1351 1623 sed
1383 1554 1490 1624 ctiam
1512 1555 1650 1647 copiam
1673 1581 1814 1628 omnem
1836 1560 1979 1636 dicendi
1999 1586 2117 1636 rerunt

84 1675 173 1738 nar,
198 1653 244 1726 -si
277 1653 497 1743 coenabitis,
532 1641 901 1747 'quantauutilitatam
940 1653 1077 1725 tametsi
1128 1653 1423 1746 scientiagenuib
1470 1653 1555 1726 Non
1571 1653 1632 1726 Dii
1647 1669 1785 1730 tantum
1799 1661 1883 1730 mali
1900 1666 2119 1756 permittant,

84 1757 235 1847 exignus
259 1749 426 1835 libellus‚-
452 1745 598 1826 adferre
613 1769 729 1848 queat.
781 1753 828 1826 Et
843 1758 925 1850 quio
942 1757 1077 1848 princi·
1127 1769 1168 1827 ut
1182 1758 1283 1848 cadat
1297 1757 1335 1826 in
1351 1780 1410 1827 eos
1422 1758 1639 1854 eloquentia,
1663 1761 1724 1854 qui
1742 1763 1840 1832 nulla
1856 1764 2000 1838 virtutis
2015 1790 2118 1860 praes·

83 1859 148 1951 pio
171 1849 398 1927 inomnibus
416 1857 571 1946 negociis
585 1843 872 1929 constituendum
892 1873 962 1938 cst,
988 1881 1078 1952 quae
1128 1871 1246 1948 cepta,
1269 1859 1369 1929 nulla
1390 1859 1523 1940 officis,
1550 1861 1669 1931 nullas
1685 1863 1777 1944 vitae
1794 1865 1903 1955 leges,
1926 1869 2044 1939 n'ullas
2061 1893 2118 1940 re-

83 1959 221 2031 ntilitss
239 1981 283 2030 ex
298 1980 515 2060 unoquoque
530 1980 658 2048 genere
675 1959 807 2029 laboris
818 1973 985 2052 petatur,
1010 1983 1077 2032 nos
1128 1959 1277 2049 ligiones
1301 1973 1454 2053 nonant,
1479 1962 1613 2057 quique
1633 1964 1769 2033 nnllam
1792 1967 2008 2042 naturalium
2033 1995 2118 2048 cau-

83 2083 229 2156 qooqoe
260 2061 504 2146 monebimus,
536 2059 624 2155 qnid
651 2074 832 2151 expectare
857 2085 898 2132 ac
919 2062 1078 2152 flagitare
1127 2083 1245 2152 sarum
1262 2083 1303 2132 ac
1319 2064 1762 2157 eventuumcognitionem
1778 2063 1921 2142 babent.
1974 2069 2065 2144 Nam
2082 2087 2117 2146 et

83 2162 266 2242 commodi
285 2155 329 2232 ei
344 2159 493 2238 natast
516 2161 673 2233 lectione
685 2161 852 2234 debeatis.
902 2159 967 2235 Est
982 2165 1076 2234 enim
1126 2160 1298 2234 Horatius
1328 2185 1408 2234 eum
1438 2165 1502 2259 qui
1523 2190 1546 2236 a
1568 2188 1688 2237 rerum
1710 2167 1912 2257 cognitione
1936 2175 2117 2246 nonsatis

84 2287 129 2335 er
152 2255 542 2338 omnibus·sutdoibus
572 2263 629 2334 vel
657 2264 846 2334 verborum
877 2266 932 2334 vel
956 2287 1076 2336 rerum
1126 2265 1319 2336 instntrtus
1334 2281 1403 2352 est,
1427 2277 1534 2356 negat
1546 2268 1714 2338 idoneum
1730 2291 1803 2340 esse
1819 2273 1863 2342 ad
1878 2273 2117 2364 scribendum,

84 2365 413 2458 scientiapetenda.
461 2363 640 2436 Hesiodus
654 2379 772 2438 autem
787 2365 922 2437 Graece
938 2368 1077 2437 discen·
1126 2388 1207 2438 cnm
1224 2368 1289 2438 ait:
1689 2427 1690 2430 ,
1879 2383 1882 2390 '
1992 2371 2023 2471 j
2147 2444 2152 2454 .

82 2469 184 2540 tibus
205 2485 375 2556 maguum
392 2467 644 2538 vocabulorum
659 2489 848 2538 numerum
864 2469 1081 2561 suppeditat:
1218 2472 1377 2538 scribendi
1390 2486 1470 2540 mets
1483 2495 1586 2561 sapere
1599 2477 1643 2542 'est
1658 2491 1688 2542 et
1702 2473 1885 2566 pilnolptum
1900 2499 1928 2548 et
1946 2487 2024 2550 loos.

81 2567 133 2640 Et
156 2569 328 2662 quoniam
350 2568 481 2638 alicubi
503 2563 689 2638 hilariores
712 2571 968 2660 descriptiones
988 2595 1077 2644 con·
1127 2566 1174 2642 llt
1195 2574 1316 2644 multis
1332 2574 1493 2642 versibus
1510 2577 1652 2667 exponit
1667 2591 1806 2667 postea,
1830 2603 1980 2672 qttarum
1996 2603 2114 2654 rerum
2241 2613 2246 2624 ⁸

82 2672 194 2750 tinen
219 2671 328 2741 etiarn
349 2665 387 2739 hi
405 2671 466 2766 qui
484 2669 612 2741 Latine
628 2671 771 2742 discunt
786 2672 832 2742 ab
844 2695 886 2742 eo
897 2675 1076 2766 'quaedam
1126 2673 1308 2745 scientiam
1333 2675 1491 2768 requirat
1512 2675 1550 2744 in
1573 2701 1633 2760 eo,
1658 2680 1720 2772 qui
1742 2669 1778 2749 se
1800 2679 1970 2754 disertum
1994 2680 2115 2778 perhi-

81 2769 240 2844 ltonesta
264 2765 426 2864 exempla
448 2761 582 2864 copiosi
613 2774 804 2859 sermonis,
837 2775 1077 2844 strationem
1126 2777 1203 2846 beri
1227 2777 1330 2847 vetto
1375 2775 1530 2846 Proinde
1543 2779 1590 2846 ita
1607 2779 1764 2851 inducite
1777 2781 1954 2870 animum,
1978 2799 2019 2856 ut
2034 2801 2116 2855 sen-

82 2875 267 2970 quandam
288 2875 532 2944 ornandorum
550 2867 804 2946 sententiarum
824 2877 980 2946 mutuari
995 2899 1090 2968 pos„
1128 2877 1221 2949 tiatis
1243 2879 1345 2947 vobis
1365 2877 1404 2946 iu
1425 2873 1494 2948 hoc
1517 2879 1693 2968 curriculo
1712 2883 1931 2971 stttdiorum,
1957 2887 2113 2980 primum

83 2991 181 3051 aaut.
233 2973 326 3046 Nam
342 2975 556 3066 etsilingua
572 2977 710 3045 diversa
726 2976 787 3061 sit,
811 2989 930 3048 tamen
947 2978 1078 3048 volun·
1127 2993 1288 3068 magnam
1319 2981 1555 3080 quandam'et
1580 2978 1757 3072 copiosam
1782 2987 1973 3058 verborum
1995 2989 2114 3080 supel-

85 3095 158 3152 tate
178 3077 328 3148 Graecis
342 3076 481 3163 latini,
495 3079 543 3145 in
568 3078 804 3172 disponenda,
830 3080 1075 3170 amplificanda
1126 3081 1280 3151 lectilem
1294 3084 1487 3172 parandam
1504 3105 1591 3168 esse,
1617 3097 1657 3152 ut
1672 3085 1856 3175 explicare,
1883 3109 1962 3158 curn
1977 3091 2115 3182 de¹'gra-
2233 3120 2236 3134 ·

84 3199 192 3278 atque
214 3171 435 3250 illustranda
459 3179 621 3250 oratione
648 3179 780 3276 similes
808 3195 903 3255 sunt.
955 3179 1078 3275 ltaque
1125 3185 1230 3254 vibus
1245 3185 1350 3252 rohos
1363 3180 1589 3272 allidocendi
1602 3175 1630 3252 'a'
1644 3183 1745 3255 vob'is
1762 3203 1877 3275 crunt,
1904 3213 1982 3261 cum
1996 3190 2115 3282 digni-

86 3287 161 3356 duo
189 3281 322 3354 summi
351 3283 445 3374 npttd
471 3279 619 3351 Latinos
644 3279 793 3366 Fuitne,
833 3279 1012 3373 Vergilius
1044 3292 1083 3353 et'
1126 3297 1196 3356 tate
1218 3307 1271 3353 res
1297 3287 1483 3371 obscuras,
1516 3286 1635 3379 eisque
1657 3289 1777 3357 lumen
1803 3293 1939 3374 addere
1957 3294 2113 3386 possitis;

86 3373 369 3468 Ovidittssnon
398 3383 505 3452 modo
533 3383 630 3452 locos
652 3383 728 3452 eins
751 3386 923 3478 quosdam
948 3383 1077 3454 imitati
1127 3386 1376 3470 deindeetiam
1393 3387 1553 3476 omniurn
1569 3413 1687 3457 rerum
1705 3391 1963 3483 perclpirndam
1982 3395 2122 3466 doctri-'

87 3501 186 3571 sunt,
218 3487 282 3556 ted
301 3477 434 3555 maltos
455 3476 647 3554 versiculos
668 3507 760 3584 pene
778 3488 821 3555 ad
846 3487 993 3556 verbum
1018 3510 1078 3554 ex·
1126 3510 1208 3578 narn
1233 3511 1324 3573 esse,
1348 3502 1535 3580 quactum
1561 3491 1604 3557 ad
1628 3503 1784 3560 nostram
1809 3493 1916 3563 vitam
1941 3511 2034 3570 recte
2055 3499 2113 3566 in-

88 3602 309 3681 pressoront,
356 3599 509 3680 quotum
545 3587 702 3674 exempla
738 3607 804 3656 nos
836 3590 1076 3658 common‘ela-
1126 3589 1359 3670 diluendam,
1384 3603 1460 3658 tum
1484 3591 1528 3658 ad
1550 3591 1746 3660 orationem
1765 3593 2113 3668 illustrandamcon-

87 3691 420 3782 clunt,·qttotnods
449 3688 495 3756 ad
522 3699 663 3758 nostros
691 3709 795 3770 ustas,
831 3713 903 3758 non
937 3703 1075 3760 tantum
1125 3695 1272 3762 ducunt.
1320 3685 1464 3760 Etenim
1489 3710 1569 3760 cum
1592 3705 1652 3778 aut
1675 3695 1718 3761 de
1740 3703 2026 3785 natura'rerom,
2052 3713 2113 3770 aut

88 3793 172 3862 oerti
193 3791 341 3885 quoidam
363 3779 505 3859 lloscttli
527 3781 799 3859 ex'huiosmodt
815 3792 997 3884 autoribus
1013 3794 1084 3860 de-'
1126 3793 1363 3876 demonibus,
1389 3793 1509 3862 aut'de
1523 3791 1754 3884 religionibus
1768 3793 1890 3867 in‘hac
1908 3797 2003 3870 civili
2017 3803 2113 3871 ¹vitae

89 3893 254 3986 carpendi
282 3891 468 3975 sint,1sed¹
493 3881 652 3978 inomni
674 3905 834 3961 sermone
858 3893 1076 3962 inveniendo
1126 3895 1383 3966 consuetudine
1408 3917 1510 3985 saepe
1540 3897 1691 3965 docendi
1721 3898 1792 3968 sint
1822 3895 2021 3994 homines,¹
2044 3904 2113 3974 erit

88 3995 294 4088 pmdentit,
319 3993 359 4061 in
374 3993 582 4084 explicando
599 3984 814 4084 proprietas,
838 3996 1086 4086 perspicuitas,'
1125 4000 1231 4090 plane
1253 3995 1343 4076 ,ὄνος
1363 3991 1454 4092 πρὸς
1474 3989 1611 4092 λύραν,
1644 3999 1692 4084 1⁸,
1726 4000 1789 4092 qul
1811 4025 2013 4096 qumquam
2038 4010 2122 4076 ¹⁰0ss

88 4097 269 4200 sesopia,
301 4095 342 4163 in
369 4094 593 4186 disponendo
618 4093 801 4182 diligentia
824 4093 994 4166 imitanda
1017 4097 1086 4166 sit.'
1125 4099 1254 4169 diocris
1282 4097 1470 4167 veiborum
1499 4099 1598 4189 copia
1629 4100 1667 4167 in
1692 4115 1877 4172 numerato
1897 4103 1959 4190 sit,
1993 4119 2111 4180 tamen

89 4197 156 4271 Sed
178 4201 223 4269 de
245 4193 432 4288 ltaeparte
454 4196 537 4289 quit
560 4196 643 4265 satis
665 4196 755 4282 dici,
778 4197 848 4266 nisi
864 4199 1076 4268 inter-enar·
1124 4225 1180 4271 res
1200 4221 1276 4268 non
1296 4199 1380 4268 salis
1401 4211 1595 4290 perspectas
1612 4213 1644 4270 et
1661 4201 1855 4293 exploratas
1872 4199 1989 4282 habet.
2039 4205 2112 4279 Ne-

89 4303 238 4372 rsndom
251 4296 616 4370 conferantanatlntt
630 4314 709 4368 com
721 4284 879 4386 Graecis,
905 4309 1076 4370 eborones
1125 4313 1201 4396 que'
1216 4302 1311 4371 enim
1332 4301 1449 4370 dicere
1471 4301 1657 4394 qttisqnain
1675 4303 1775 4373 dere
1789 4329 1912 4398 pamm
1930 4323 2012 4378 nota
2030 4334 2110 4401 per-

91 4404 218 4504 ligueae
247 4399 360 4490 digito
387 4389 637 4483 osteltdantum
670 4425 742 4469 non
769 4413 901 4493 potest,
929 4403 1013 4471 nolo
1036 4402 1073 4468 in
1124 4405 1243 4497 splene
1267 4415 1396 4494 potest,
1428 4415 1470 4471 nt
1490 4415 1525 4472 et
1547 4407 1641 4493 apud
1665 4403 1846 4476 Platonem
1871 4407 2110 4482 Socratesin-
2144 4403 2147 4410 “

91 4493 283 4596 praesentia
300 4501 442 4590 longior
459 4520 549 4585 esse,
575 4503 692 4570 sedin
708 4503 999 4594 interpretatione
1016 4525 1076 4572 vc·
1126 4507 1204 4600 quit
1219 4517 1254 4576 et
1267 4526 1368 4596 saepe
1384 4513 1504 4574 rno'net
1520 4500 1663 4591 Cicero,
1685 4519 1719 4577 et
1734 4505 1902 4580 Horatius
1917 4535 1997 4581 cum
2013 4513 2077 4585 ait:

92 4595 140 4676 lul
162 4609 201 4676 itt
220 4629 262 4676 re
279 4593 737 4697 praesenti·'iodicabitnos;
761 4629 849 4698 quos
872 4599 1076 4674 locos'lllttc
1118 4651 1121 4660 ·
1165 4615 1170 4627 '
1203 4611 1703 4698 'Verbaquep'roslsumremnou
1720 4619 1999 4701 inrlttsequeutur.
2031 4634 2037 4642 '

93 4707 498 4804 turnpserlrttscriptodes
512 4703 946 4802 Latinietquidlmitarl,
970 4707 1077 4800 quid·
1126 4708 1461 4799 significavit,'lleri
1487 4730 1563 4777 non
1593 4732 1712 4802 posse,
1745 4728 1785 4784 nt
1808 4715 1958 4786 scultro
1981 4723 2127 4808 magno'
2178 4769 2182 4780 .

96 4835 158 4904 que
183 4826 368 4902 excerpere
396 4807 464 4912 ipsi
486 4809 687 4880 debeamus.
750 4803 895 4877 Etenim
918 4823 988 4904 tam
1008 4808 1075 4904 etsi
1124 4831 1273 4880 numero
1287 4811 1448 4880 'offerant
1471 4811 1597 4894 νεὼ,-
1628 4813 1701 4882 nisi
1724 4837 1862 4894 cansam
1883 4815 1975 4886 bene
1997 4819 2127 4887 medi-¹

95 4914 251 5004 adpareat
265 4913 409 5004 propter
427 4901 725 5000 utilla‘praecepta
740 4909 852 4998 magis
871 4926 977 5002 quam
992 4905 1091 5002 pro-'
1118 4925 1233 4989 [talam
1250 4902 1415 4985 ‘babeas'
1447 4911 1554 5003 Quod
1577 4915 1796 4998 combusii,
1821 4917 2125 5012 nousttntpraess‘
2159 4961 2161 4972 ι
2256 4915 2260 4926 ’

98 5026 165 5102 pter
179 5017 369 5086 veriorum
382 5019 551 5082 ornatum
566 5012 605 5078 in
621 5011 854 5079 admiratione
871 5006 938 5106 hoc
951 5017 1074 5102 poema
1124 5015 1342 5086 termittcndi
1369 5015 1469 5098 libri,
1498 5015 1560 5108 q'ui
1587 5020 1633 5086 de
1661 5027 1782 5087 rerum
1806 5032 1949 5103 natura,
1983 5035 2042 5092 aut
2066 5024 2126 5090 dc*

99 5113 212 5202 luisse,
241 5124 363 5186 tamen
389 5112 617 5207 quantumvis
638 5130 694 5181 res
711 5112 875 5182 salubres
895 5115 1089 5208 bernole-'⁴
1122 5119 1285 5186 moribus
1318 5127 1580 5208 praeceperunt.
1639 5111 1778 5211 'Neque
1815 5135 1932 5191 tamen
1971 5121 2109 5214 legendi

101 5215 660 5305 gisset‚'=nlsi·commendationem
676 5209 1094 5310 quandambabuissent¹
1123 5238 1263 5308 omnes,
1287 5218 1516 5306 sed'elig'cndi
1528 5219 1676 5310 optimi,¹
1691 5221 1822 5313 quique
1836 5221 1927 5290 alere
1942 5223 2111 5320 eloquen-

102 5341 137 5386 er
152 5341 273 5412 genere
283 5307 477 5401 amnonis,
505 5315 701 5404 ctgeatiam
718 5316 891 5404 elegantia
907 5317 1092 5388 carminis
1121 5319 1208 5390 tiam
1221 5341 1226 5351 ’
1238 5319 1393 5412 possibt,
1427 5321 1509 5412 cptia
1538 5319 1613 5392 iere
1627 5321 1677 5389 ‘in
1701 5321 1860 5410 barbatis
1880 5325 2112 5418 scriptoribus

99 5423 285 5496 addidisset.
311 5419 462 5513 ‘Neque
480 5417 638 5512 proiecto
662 5430 871 5488 conamen
891 5420 996 5488 ferre·
1009 5443 1094 5511 po·-
1122 5443 1197 5491 non
1226 5433 1363 5494 tantum
1395 5421 1799 5592 septenpnis'spurcities,¹
1830 5429 1891 5496 sed
1915 5427 2019 5499 etiam
2043 5429 2129 5498 alla·
