4688 5826
242 267 319 347 117

707 231 867 338 naor.
905 255 982 334 nn
1008 253 1314 335 1111111111
1348 253 1407 332 m
1437 246 1811 336 1111111111.

2209 263 2283 336 228
2313 293 2314 298 ¹

248 439 473 512 afflictorum.
510 435 607 506 ldem
624 457 686 504 vos
701 457 824 504 omnes
840 431 987 504 adsidue
1003 445 1122 524 petere
1135 430 1239 504 aDso
1295 451 1385 516 mua,
1398 407 1499 500 hunc
1510 426 1681 500 titulum'
1669 429 1926 522 impertiamur.
1959 427 2082 526 Reque
2095 431 2282 525 quicquam

251 543 406 624 debetis,
428 553 469 611 ut
484 537 709 630 Principem,
735 537 803 607 iub
827 535 928 605 cuius
949 535 1058 605 tutela
1080 535 1242 617 latemus,
1295 531 1443 602 fecimus
1459 529 1616 602 alienum
1639 525 1707 600 boc
1730 545 1852 602 nostro
1875 532 2027 617 iudicio,
2053 555 2150 603 nunc
2170 534 2210 601 in
2229 529 2282 603 bis

253 657 385 728 servet,
418 633 1178 756 1111111111111111111111111111131111,
1210 649 1244 707 et

253 747 404 818 aliarum
417 739 645 848 honestarum
661 735 790 812 artiuni
808 739 925 810 studia
940 737 1100 811 retineat.
1149 735 1244 809 Dixi.

1090 979 1242 994 μ

268 1109 336 1185 No.
352 1109 413 1183 50.
1082 1101 1131 1177 in.
1152 1111 1191 1174 15
1194 1109 1245 1174 33.

246 1270 248 1279 ,
406 1308 486 1394 'De
503 1306 729 1419 gradibus
743 1305 794 1388 in
813 1300 1083 1418 Theologio.

327 1477 623 1622 ¹⁰.1¹.).⁸i¹ia‘i¹,ii„.i'i'
638 1477 725 1618 pili?
734 1495 810 1604 qqq,
843 1475 873 1529 in
891 1473 1011 1532 8111111.
1031 1473 1066 1530 Τ.
1079 1475 1102 1530 1.
1122 1491 1148 1546 p.
1159 1474 1204 1530 81.
1222 1481 1248 1528 et

258 1711 388 1783 (trotio
404 1708 453 1781 de
464 1705 671 1806 gradibus
657 1729 697 1777 11
716 1702 928 1801 Theolopio,
953 1701 1122 1777 11111111
1138 1705 1247 1776 Doct.

257 1815 373 1886 lona
405 1817 446 1884 in
471 1813 700 1904 promotione
729 1812 849 1878 trium
881 1809 1106 1898 Doctorum,
1148 1827 1248 1877 111111

424 1919 478 1986 M.
487 1913 727 1986 tautam.
742 1909 922 1982 1111111111·
937 1911 1012 1984 XV
1009 1913 1082 1982 111.

257 2051 350 2137 Nou
372 2061 502 2154 opinor
517 2059 557 2128 in
572 2055 639 2130 hoc
658 2057 901 2129 laudatissimo
917 2069 1019 2126 coetu
1034 2077 1249 2150 quenquam,

173 2237 179 2250 ,
258 2169 347 2238 adeo
364 2163 569 2254 imperitum
585 2183 658 2232 esse
672 2159 914 2230 communium
930 2157 1130 2228 officiorum
1144 2158 1249 2237 vitae,

257 2282 299 2339 ut
322 2265 511 2336 consilium
536 2276 696 2332 nostrum
713 2263 752 2330 in
768 2261 1020 2352 promovendis
1036 2259 1249 2332 Doctoribus

257 2365 445 2458 Evangelii
467 2359 721 2458 reprehendat,
745 2362 952 2455 praesertim
968 2385 1049 2432 curn
1065 2361 1193 2430 viderit
1209 2361 1248 2430 in

257 2467 328 2542 hoc
354 2473 519 2539 consessu
544 2465 827 2538 illustrissimum
848 2463 1050 2554 Principem
1079 2475 1250 2547 nostrum,

258 2571 431 2645 Saxoniae
455 2569 609 2653 Ducem,
640 2563 839 2636 Electorem
866 2579 1088 2658 caeterosque
1109 2562 1250 2634 Princi-

258 2697 334 2766 pes,
359 2687 393 2743 et
409 2672 503 2742 viros
514 2667 804 2761 sapientissimos,
830 2667 893 2761 qui
908 2689 988 2736 cum
1004 2689 1066 2737 sua
1083 2687 1249 2758 praesen-

258 2775 308 2848 tia
324 2786 496 2846 testentur
513 2795 548 2842 se
564 2769 752 2842 consilium
766 2782 927 2840 nostrum
944 2769 1115 2859 probare,
1143 2791 1248 2847 nemo

259 2877 390 2970 poterit
411 2875 486 2945 sine
511 2897 646 2944 summa
671 2871 910 2963 impudentia,
941 2893 1045 2940 suum
1075 2869 1247 2940 iudicium

258 2979 407 3050 istorum
423 2972 632 3046 authoritati
647 2975 830 3045 anteferre.
880 2971 1048 3061 Quicum
1066 2971 1114 3041 ita
1131 2985 1249 3042 ament

258 3075 454 3162 Christum,
471 3091 511 3148 ut
527 3091 671 3169 propter
684 3072 870 3163 Evangelii
882 3073 1054 3163 studium,
1069 3072 1113 3142 de
1130 3072 1250 3162 digni-

259 3194 342 3262 tate,
367 3179 521 3250 fortunis
532 3203 572 3248 ac
589 3179 658 3248 vita
676 3177 931 3269 periclitentur,
958 3198 1031 3244 non
1048 3189 1148 3243 erant
1163 3171 1249 3244 haec

260 3281 456 3374 spectacula
484 3279 687 3372 probaturi,
718 3279 748 3348 si
774 3277 1015 3348 existimarent
1036 3299 1075 3346 ea
1101 3277 1247 3364 indigna

260 3407 334 3456 esse
348 3379 572 3455 Christianis.
607 3377 730 3474 ltaque
747 3405 827 3450 cum
845 3380 935 3451 tueri
949 3401 1015 3448 nos
1029 3401 1248 3448 summorum

259 3501 365 3580 atque
379 3486 596 3577 optimorum
614 3480 828 3554 authoritate
843 3483 1028 3574 possimus,
1055 3503 1130 3550 non
1148 3481 1249 3550 valde

260 3588 366 3660 nobis
397 3587 632 3658 fanaticorum
665 3581 850 3654 hominum
884 3579 1111 3675 reprehensio
1139 3581 1250 3674 perti-

259 3692 443 3762 mescenda
458 3704 519 3764 est.
558 3687 625 3760 Sed
645 3691 813 3781 quoniam
830 3688 867 3754 in
887 3681 1044 3756 hocloco
1059 3685 1248 3755 dicendum

261 3807 314 3864 111
327 3791 476 3885 aliquid,
498 3813 606 3883 pauca
622 3791 667 3858 de
681 3785 772 3858 hoc
761 3813 837 3879 rpso
851 3788 963 3906 gradu
977 3787 1248 3878 disputabimus.

252 3893 364 3984 ,Diu
353 3917 424 3964 ram
446 3917 520 3963 non
543 3891 687 3986 quidem
711 3891 816 3982 plane
837 3889 1021 3960 omisimus
1048 3883 1144 3958 hunc
1164 3911 1251 3978 pro-

261 3997 431 4072 movendi
461 4019 614 4074 morem,
655 3995 716 4062 sed
750 4015 825 4063 non
853 4015 955 4082 saepe
986 3990 1249 4081 usurpavimus.

261 4095 352 4168 Nam
376 4110 409 4167 et
429 4121 495 4167 nos
505 4090 576 4192 *')
566 4095 825 4177 1111111111111,
858 4093 1001 4166 titulum
1025 4091 1221 4162 Doctoris'
1211 4114 1249 4158 rn

261 4199 479 4291 professione
501 4199 729 4284 difficillima,
728 4203 739 4226 ’·
760 4221 835 4267 non
859 4210 991 4267 temere
1022 4195 1250 4264 comunican-

262 4304 348 4372 dum
373 4320 445 4370 esse
475 4301 606 4372 multis.
666 4299 757 4370 Nam
780 4295 838 4370 hic
858 4299 984 4370 titulus
1009 4296 1249 4366 testimonium

262 4417 313 4476 est
329 4405 511 4494 publicum
526 4401 707 4472 doctrinae
721 4427 760 4472 ac
765 4401 925 4505 pietatis,
943 4423 1013 4493 qun
1028 4399 1249 4468 nullomodo

262 4507 424 4581 armandi
440 4519 523 4576 sunt
538 4505 673 4574 indocti
688 4529 727 4573 11
742 4487 908 4594 improbi.
942 4497 1043 4570 Nihil
1060 4502 1152 4570 enim
1170 4525 1251 4591 per-

214 4685 216 4696 ,
263 4608 433 4679 nicinsius
457 4619 507 4676 est
532 4605 739 4695 Rebuspub.
761 4631 868 4698 quam
891 4603 1030 4674 inscitia
1053 4619 1085 4672 et
1106 4603 1251 4684 malitia,

194 4795 199 4810 .
264 4711 503 4784 cumaccessit
518 4706 726 4778 authoritas.
778 4709 896 4800 ltaque
913 4706 1016 4776 annis
1030 4706 1098 4773 iam
1114 4705 1251 4796 aliquot

263 4813 449 4906 praecipue
478 4813 517 4880 in
544 4825 642 4882 tanto
664 4807 900 4880 Ecclesiarum
926 4809 1103 4900 periculo,
1133 4807 1252 4896 paucis

263 4917 456 4986 admodum
471 4909 529 4982 hic
545 4907 659 4982 honos
674 4915 832 4982 decretus
848 4927 914 4997 est,
942 4911 1106 5002 idemque
1129 4909 1168 4976 in
1186 4933 1252 4998 po-

264 5031 395 5088 storum
419 5017 653 5099 servabimus,
685 5029 725 5086 ut
747 5013 899 5097 nemini,
937 5012 1006 5080 nisi
1029 5013 1129 5082 cuius
1153 5011 1250 5099 inge-

266 5119 384 5205 nium,
410 5111 629 5202 doctrinam,
662 5129 696 5187 et
718 5139 834 5186 mores
857 5117 963 5206 longo
984 5137 1051 5185 usu
1072 5113 1252 5206 perspexi-

300 5375 424 5444 mpura,
443 5375 566 5446 quondm
585 5387 626 5432 te
628 5387 655 5432 tu
671 5376 919 5450 postnsleguur
939 5375 1035 5434 delevi.
1073 5375 1197 5430 fortasse
1212 5385 1252 5429 ert

334 5447 518 5518 proquidem.

1296 633 1559 726 promovendis,
1579 655 1732 724 quorum
1748 633 1922 722 doctrina,
1943 635 2063 725 pietas,
2087 635 2172 704 etin
2187 635 2283 706 omni

1296 735 1404 808 officii
1420 733 1747 824 generediligentia
1763 749 1797 806 et
1813 738 2022 817 moderatio,
2049 737 2153 808 nobis
2168 738 2283 806 omni·
2314 781 2315 786 1

1297 833 2315 931 1111111111.1111111111111111111111111111111111,1

1297 938 1379 1010 Dux
1401 937 1593 1023 Saxoniae,
1623 933 1786 1020 Elector,
1819 939 1921 1010 duxit
1946 963 2020 1010 esse
2042 963 2062 1010 e
2084 939 2227 1032 Repub.
2247 955 2285 1012 ut

1298 1037 1367 1111 hoc
1385 1042 1500 1130 gradu
1517 1051 1754 1124 omarentnr,
1779 1054 1813 1112 11
1828 1065 1895 1112 nos
1909 1041 2063 1112 libenter
2079 1039 2284 1114 authoritati

1300 1141 1480 1214 lllustriss.
1498 1139 1675 1232 Principis
1697 1143 1899 1262 paruimus,
1924 1167 2003 1214 cum
2025 1145 2187 1232 ingenia,
2210 1171 2284 1214 rno-

1299 1267 1355 1314 res
1380 1245 1648 1335 doctrinamque
1674 1265 1796 1313 eorum
1818 1245 1856 1313 in
1877 1269 2003 1334 magna
2016 1247 2186 1317 varietate
2202 1261 2284 1316 tem-

1299 1369 1427 1440 porum
1460 1369 1500 1414 ac
1530 1344 1772 1436 periculorum
1804 1347 2084 1436 cognoverimus.
2143 1345 2284 1418 Etenim

1300 1471 1379 1520 cum
1402 1443 1468 1516 hos
1490 1448 1619 1536 gradus
1642 1446 1746 1518 initio
1771 1449 1980 1520 constitutos
2001 1472 2075 1520 esse
2098 1451 2284 1519 arbitrare-

1300 1573 1392 1630 mur,
1419 1573 1464 1618 ne
1478 1561 1608 1618 temere
1623 1549 1894 1620 admitterentur
1909 1554 1952 1619 ad
1968 1547 2142 1620 Ecclesiae
2157 1554 2284 1622 docen-

1300 1653 1362 1722 das
1377 1651 1444 1722 ulli
1460 1650 1537 1720 sine
1560 1650 1704 1741 publico
1720 1651 1924 1722 testimonio
1939 1655 2145 1744 doctorum,
2172 1677 2211 1724 ac
2224 1650 2285 1722 ho-

1301 1776 1380 1823 rum
1396 1753 1575 1834 virorum,
1601 1774 1667 1820 nos
1681 1775 1822 1846 quoque
1840 1750 1908 1823 hoe
1930 1755 2080 1824 consilio
2096 1757 2285 1826 retinemus

1302 1877 1458 1939 morem,
1484 1865 1573 1924 11111
1588 1853 1827 1944 inexploratos
1842 1879 2023 1926 arceamus
2038 1881 2057 1926 a
2073 1858 2208 1928 nostris
2222 1854 2284 1927 Ec-

1301 1955 1433 2040 clesiis,
1457 1967 1630 2047 quantum
1650 1955 1726 2024 lieri
1747 1968 1877 2047 potest,
1903 1971 1937 2028 et
1959 1971 1999 2029 ut
2020 1955 2057 2027 hi
2075 1959 2139 2052 qui
2161 1981 2286 2028 vocan-

1301 2072 1360 2129 tur
1375 2060 1419 2128 ad
1436 2057 1586 2126 docendi
1611 2080 1757 2143 munus,
1783 2053 1937 2130 habeant
1954 2061 2153 2152 quoddam,
2179 2075 2285 2131 1111-

1301 2159 1451 2230 cationis
1476 2172 1511 2229 et
1530 2159 1712 2228 doctrinae
1733 2161 2019 2252 suaepublicum
2034 2162 2285 2232 testimonium.
2316 2189 2317 2226 ;

1302 2259 1457 2350 Quando
1471 2273 1588 2330 autem
1600 2283 1758 2353 unquam
1773 2263 1843 2334 fuit
1856 2265 1969 2332 ullum
1983 2264 2022 2332 in
2030 2259 2189 2334 Ecclesia
2203 2278 2285 2334 tern-
2316 2271 2317 2324 ἒ

1301 2385 1385 2456 pus,
1411 2385 1491 2432 cum
1507 2355 1593 2430 haec
1608 2361 1791 2451 diligentia
1810 2366 1964 2434 severius
1980 2365 2195 2458 requirenda
2212 2366 2284 2446 fuit,
2316 2365 2317 2370 ’

1301 2483 1421 2558 quam
1443 2460 1511 2532 hoc
1544 2463 1765 2534 1111111111
1800 2489 1870 2558 qun
1905 2475 2089 2560 postquam
2117 2469 2285 2538 lucescere

1299 2563 1536 2686 Evangelium
1559 2564 1692 2656 coepit,
1717 2567 1880 2638 diabolus
1903 2569 1987 2638 odio
2004 2562 2141 2639 Christi
2163 2570 2285 2661 passim

1301 2669 1406 2738 etiam
1427 2667 1536 2758 impia
1560 2667 1724 2756 dogmata
1747 2653 1897 2788 spargit,
1923 2683 1957 2740 11
1978 2693 2105 2760 magna
2129 2695 2171 2740 ex
2194 2685 2285 2762 parte

1300 2783 1423 2840 serunt
1434 2766 1639 2840 huiusmodi
1656 2771 1871 2860 perniciosas
1889 2772 2076 2864 opiniones
2097 2773 2232 2844 indocti
2250 2793 2286 2841 ac

1300 2867 1490 2966 neophyti,
1516 2893 1577 2964 qur
1567 2870 1713 2941 'nullos
1733 2875 1922 2946 audierunt
1936 2876 2069 2966 peritos
2081 2899 2201 2944 rerum
2218 2874 2285 2964 spi·

1301 2975 1502 3055 ritualium,
1542 2971 1682 3042 nullum
1712 2968 1915 3048 habuerunt
1941 2999 2046 3046 usum
2074 2971 2285 3065 theologica-

1301 3099 1382 3146 rum
1415 3073 1716 3164 disputationum,
1757 3102 1942 3171 nunquam
1975 3079 2285 3150 deliberationibus

1301 3177 1385 3247 ullis
1401 3175 1622 3266 gravioribus
1637 3178 1682 3246 de
1695 3180 1802 3248 tantis
1819 3182 1925 3251 rebus
1945 3181 2203 3266 interfuerunt,
2227 3182 2285 3248 de-

1301 3280 1410 3372 nique
1424 3277 1486 3372 qui
1506 3291 1652 3368 repente
1673 3293 1757 3350 sunt
1771 3277 1939 3352 Cadmaei
1962 3285 2105 3366 fratres,
2126 3307 2216 3376 quos
2229 3305 2285 3350 su-

1301 3382 1377 3452 bito
1398 3392 1563 3450 armatos*
1579 3392 1672 3450 terra
1693 3382 1821 3470 edidit,
1854 3385 2016 3454 doctores
2038 3385 2192 3455 existunt
2212 3385 2284 3452 sine

1301 3481 1497 3572 magistris,
1529 3481 1606 3552 sine
1636 3506 1721 3564 usu,
1761 3486 1838 3554 sine
1869 3487 2104 3578 experientia,
2136 3482 2284 3578 denique

1301 3582 1395 3655 nihil
1421 3585 1574 3654 afferunt
1595 3586 1638 3653 ad
1661 3586 1914 3673 ministerium,
1943 3591 2041 3682 quod
2065 3589 2104 3656 in
2128 3590 2285 3657 11111111

1302 3711 1479 3765 summum
1500 3699 1534 3756 et
1557 3686 1891 3777 periculosissimum
1917 3705 1985 3773 111,
2019 3690 2089 3760 nisi
2114 3689 2284 3760 inscitiam

1302 3813 1383 3860 curn
1423 3787 1622 3877 arrogantia
1661 3801 1767 3882 atque
1802 3791 2022 3884 impudentia
2054 3792 2284 3862 coniunctam.

1302 3889 1518 3962 Huiusmodi
1532 3903 1626 3969 suut,
1651 3891 1714 3983 qui
1728 3895 1855 3982 passim
1873 3895 2022 3983 gignunt
2036 3918 2128 3964 nova
2146 3895 2285 3983 dogma-

1302 4008 1358 4078 ta,
1385 4015 1424 4062 ac
1437 3992 1568 4064 multos
1583 3993 1769 4064 nominare
1784 4019 1931 4086 possem.
1982 3997 2031 4066 At
2045 3994 2179 4068 Paulus
2193 3995 2284 4064 iubet

1302 4095 1485 4187 explorare
1499 4119 1570 4179 eos,
1594 4095 1655 4188 qui
1670 4097 1712 4165 ad
1730 4099 1906 4167 docendas
1921 4094 2096 4168 Ecclesiae
2109 4111 2283 4175 vocantur,

1303 4211 1337 4269 et
1359 4191 1588 4269 Timotheum
1613 4198 1718 4267 nobis
1738 4202 1935 4290 praedicat,
1960 4223 2035 4272 non
2057 4200 2174 4270 solum
2193 4195 2283 4290 quod

1303 4298 1459 4370 nutritus
1480 4299 1524 4368 sit
1545 4298 1663 4368 studio
1686 4323 1864 4372 sacrarum
1880 4301 2063 4373 literarum
2079 4303 2164 4372 inde
2179 4319 2282 4390 usque

1303 4425 1322 4471 a
1341 4402 1488 4481 teneris,
1514 4401 1575 4469 sed
1598 4401 1703 4470 etiam
1720 4405 1816 4495 quod
1840 4427 1957 4474 comes
1974 4403 2176 4474 interfuerit
2192 4399 2283 4490 Apo-

1302 4505 1474 4574 stolorum
1490 4503 1754 4589 certaminibus,
1777 4506 1954 4597 periculis‚
1980 4504 2282 4598 disputationibus,

1304 4604 1632 4676 deliberationibus.
1685 4603 1792 4676 llunc
1814 4631 1918 4678 usum
1934 4633 2009 4677 non
2030 4609 2149 4678 minus
2171 4601 2282 4696 requi-

1303 4709 1455 4776 rendum
1486 4727 1629 4791 censeo,
1667 4731 1773 4801 quam
1802 4711 1986 4799 ingenium
2018 4723 2053 4780 et
2083 4709 2281 4779 doctrinam.

1303 4807 1446 4880 Etenim
1461 4809 1490 4877 si
1505 4809 1544 4876 in
1558 4809 1638 4879 aliia
1653 4810 1847 4882 levioribus
1862 4813 1998 4882 artibus
2014 4810 2188 4896 doctrina,
2213 4807 2282 4877 sine

1303 4935 1371 4981 usu
1403 4925 1507 5005 atque
1533 4913 1746 5002 experientia
1770 4939 1845 4984 non
1871 4916 1955 4984 satis
1985 4927 2096 4998 certa,
2129 4936 2167 4982 ac
2189 4912 2280 4979 firma

1304 5027 1374 5098 est,
1400 5027 1533 5106 quanto
1548 5014 1659 5105 magis
1674 5015 1712 5084 id
1729 5017 1856 5088 accidit
1871 5017 1909 5084 in
1927 5011 1994 5087 hoc
2016 5039 2141 5107 genere
2159 5008 2282 5084 doctri-

1304 5139 1387 5200 nae,
1413 5118 1508 5208 quod
1525 5117 1601 5184 sine
1616 5117 1778 5187 maximis
1792 5120 2044 5188 certaminibus
2064 5117 2164 5186 nullo
2184 5111 2281 5182 modo

1303 5231 1416 5308 potest
1434 5218 1596 5306 intelligi.
1645 5217 1955 5308 Quemadmodum
1972 5233 2006 5290 et
2019 5220 2149 5290 Paulus
2163 5219 2282 5306 fatetur

1303 5343 1339 5388 se
1353 5321 1513 5388 nondum
1530 5333 1725 5390 assecutum
1741 5345 1826 5407 esse,
1851 5321 1911 5392 sed
1926 5347 2062 5392 summa
2079 5317 2188 5391 animi
2203 5335 2281 5384 con-

1302 5423 1460 5494 tentione
1477 5420 1584 5510 eniti,
1609 5435 1649 5494 ut
1664 5439 1882 5520 assequatur,
1909 5427 1968 5494 sed
1986 5437 2105 5496 tamen
2120 5422 2279 5492 11111111
