4704 5826
114 263 193 343 sta
378 333 381 350 ,
541 257 702 338 nucu.
735 255 810 332 nn
842 251 1052 332 ancora
1085 251 1388 358 rorrraus
1421 252 1496 330 ar
1530 254 1752 378 esusrs.
2082 233 2169 344 'sss

111 439 221 531 cipua
246 435 316 510 fnit
347 433 583 506 consideratio
613 429 831 504 difficultatis
859 423 1115 513 honestissimi,
1165 428 1300 520 pientia
1319 429 1394 500 eius
1415 429 1489 500 frui
1505 434 1697 514 concessit,
1723 447 1758 506 et
1773 459 1870 508 nunc
1893 462 1974 512 enm
2000 438 2040 508 in
2056 433 2166 514 buius

111 556 151 613 et
165 563 256 634 pene
272 539 402 609 summi
419 538 515 608 inter
531 531 696 607 homines
711 533 839 626 operis.
881 530 929 604 Ut
944 531 1039 602 enirn
1058 529 1114 600 lex
1164 531 1300 602 laboris
1322 531 1426 604 initio
1450 557 1653 621 censorem,
1688 551 1860 610 rectorem
1888 554 1923 612 et
1949 543 2165 614 monitorem
2195 545 2196 550 ’

110 655 168 714 est
188 641 310 714 radius
330 640 524 732 sapientiae
548 639 692 708 divinae
715 637 855 726 fulgens
882 626 1013 716 inhac
1030 633 1114 718 vita,
1163 627 1467 728 haberepnssum.
1521 635 1642 726 Quare
1656 639 1761 710 etiam
1779 641 1818 710 in
1836 637 1904 712 hnc
1918 644 2063 714 exordio
2080 669 2167 736 pro-

111 770 161 816 ne
175 767 286 837 genus
301 739 499 814 humanum
515 741 727 833 dissipatum
741 739 902 822 intereat,
928 737 987 804 sed
1004 747 1044 804 ut
1057 734 1115 804 iu·
1164 735 1284 820 liteor,
1310 762 1367 806 me
1393 737 1505 828 ipsius
1527 737 1662 810 indicio
1685 765 1817 814 omnes¹
1832 767 1927 814 areas
1951 745 2165 838 interpreta-

112 849 212 922 stitia
233 846 474 930 consociatum
501 845 546 914 ad
573 841 789 932 agnitionem
807 837 895 923 Dei,
920 837 965 908 ad
982 851 1114 908 certam
1165 838 1280 909 tiones
1295 856 1329 910 et
1344 839 1618 912 diiudicationes
1631 843 1815 916 subiicere.
1849 844 1984 938 Turpis
2000 847 2164 920 estenina

109 949 364 1040 coniugiorum
382 949 535 1018 formam
561 957 597 1016 et
622 946 666 1014 ad
690 942 851 1014 omnium
868 940 1041 1012 virtutum
1056 937 1114 1008 in-
1163 939 1378 1030 arrogantia,
1404 941 1442 1010 in
1460 955 1557 1013 tanta
1574 945 1810 1036 amplitudine
1823 948 2006 1020 doctrinae
2022 951 2111 1022 iuris
2127 963 2164 1024 et

110 1053 294 1124 tellectum
319 1061 354 1122 et
375 1048 490 1120 officia
512 1046 692 1132 assuebat,
724 1057 759 1114 et
781 1043 854 1114 sint
876 1067 916 1112 ac
945 1053 1113 1110 maneant
1165 1041 1457 1113 difficillimarum
1473 1048 1813 1134 controversiarum,
1837 1049 1995 1122 iuniores
2013 1076 2086 1124 sese
2103 1077 2163 1124 so-

109 1149 258 1225 honesti
279 1147 467 1222 hominum
491 1163 631 1234 coctus,
657 1148 695 1218 in
719 1146 849 1240 quibus
873 1144 1031 1226 luceant,
1056 1166 1113 1212 sa·
1163 1143 1217 1226 los
1233 1146 1346 1215 facere
1361 1145 1517 1232 indices,
1547 1171 1612 1218 nec
1634 1149 1815 1220 seniorum
1832 1165 1866 1222 et
1887 1154 2083 1244 peritorum
2104 1155 2163 1225 iu·

110 1256 270 1350 pientia,
295 1253 451 1340 iustitia,
475 1252 627 1337 castitas,
653 1247 903 1332 beneficentia,
930 1259 964 1316 et
979 1245 1039 1316 fiat
1055 1269 1113 1314 re·
1163 1247 1257 1316 dicia
1283 1249 1475 1339 requirere.
1537 1247 1687 1320 Adferre
1710 1265 1828 1322 autem
1848 1256 1893 1324 ad
1917 1251 1986 1325 hoc
2007 1243 2162 1328 docendi

109 1383 194 1430 rum
209 1354 483 1428 communicatio
500 1353 667 1442 legitimis
682 1349 935 1433 contractibus,
963 1359 998 1417 et
1014 1347 1112 1417 iudi·
1164 1342 1296 1420 chunus
1313 1348 1407 1447 (Deo
1430 1349 1596 1450 iuvante)
1613 1355 1758 1440 studeo,
1784 1374 1860 1424 uon
1877 1358 1991 1428 solum
2008 1359 2162 1450 diligen-

109 1484 195 1532 cum
210 1482 296 1529 voce
310 1459 355 1530 de
371 1457 505 1528 iustitia
523 1457 676 1548 populus
693 1453 894 1536 erudiatur,
920 1464 955 1522 et
972 1449 1112 1520 soboles
1163 1452 1262 1538 tiam,
1287 1455 1348 1522 sed
1366 1453 1471 1523 etiam
1486 1453 1606 1540 fidem,
1633 1481 1789 1526 aurorem
1806 1457 1961 1542 iustitiae
1979 1475 2014 1532 et
2033 1461 2162 1532 verita-

109 1561 275 1648 educari‚
301 1559 489 1644 sclaveni,
513 1555 862 1629 acdoctrinaercoli
880 1553 1002 1646 possit.
1059 1551 1110 1622 lta
1162 1553 1229 1638 tis,
1258 1577 1299 1624 ac
1323 1555 1546 1628 modestiam.
1608 1554 1661 1626 Ac
1683 1555 1798 1629 Deum
1821 1577 2002 1633 aeternum
2027 1577 2161 1655 patrem

109 1665 233 1755 legum
248 1661 505 1755 interpretatio,
532 1683 612 1730 cum
626 1661 725 1728 illam
741 1655 950 1748 sapientiam
965 1651 1034 1724 Dei
1050 1677 1112 1722 ru·
1162 1652 1310 1726 Domini
1339 1657 1452 1727 nostri
1476 1655 1555 1728 lesu
1579 1653 1731 1742 Christi,
1766 1664 1987 1735 conditorem
2012 1667 2100 1736 coeli
2126 1679 2162 1738 et

110 1766 278 1837 diorihus
301 1777 476 1856 exponat,
502 1785 558 1832 res
583 1761 794 1832 difficillima
820 1772 890 1838 est,
917 1770 952 1828 et
974 1779 1111 1826 summa
1162 1769 1277 1829 terrae
1303 1771 1339 1830 et
1363 1756 1511 1828 humani
1532 1762 1685 1850 generis,
1714 1775 1748 1835 et
1769 1757 1877 1836 buius
1895 1767 2006 1858 ipsius
2021 1769 2161 1840 ordinis

109 1867 311 1938 reverentia
336 1865 571 1956 suscipienda.
623 1861 763 1954 Deinde
786 1858 912 1930 videtis
936 1871 1109 1952 quantum
1163 1848 1199 1929 et'
1219 1860 1429 1952 sapientiae,
1456 1885 1547 1954 quae
1568 1865 1725 1932 ostendit
1742 1865 1933 1937 discrimen
1953 1869 2108 1941 iustitiae
2123 1859 2162 1944 ¹et

110 1993 206 2042 onus
233 1968 272 2038 in
293 1965 493 2059 Republica
525 1969 614 2038 ordo
637 1963 975 2034 lurisconsultorum
1005 1957 1111 2028 susti·
1162 1961 1376 2047 iniustitiae,
1402 1973 1436 2032 et
1454 1966 1544 2034 iusta
1565 1967 1759 2058 praecipit,
1785 1982 1819 2038 et
1836 1965 2002 2060 probibet
2018 1972 2162 2058 iniusta,

109 2085 206 2142 neat.
235 2068 446 2141 Consulitur
463 2069 557 2138 enim
574 2071 618 2138 de
635 2065 833 2158 praecipuis
847 2064 954 2132 rebus
971 2062 1010 2130 in
1026 2061 1111 2143 vita,
1162 2076 1197 2134 et
1219 2064 1410 2136 denunciat
1433 2059 1625 2138 horribiles
1650 2091 1782 2159 poenas
1806 2070 2025 2144 violantibus
2056 2075 2160 2146 iusti-

110 2177 159 2244 de
183 2172 376 2262 religione,
409 2173 454 2240 de
477 2170 645 2242 omnibus
668 2167 821 2238 vinculis
839 2165 934 2256 pacis
950 2177 981 2233 ct
1006 2161 1110 2232 iusti·
1162 2163 1266 2249 tiam,
1289 2190 1372 2252 oro,
1398 2180 1438 2237 nt
1463 2193 1518 2236 me
1542 2183 1640 2260 regat
1665 2169 1702 2240 in
1730 2172 1894 2248 docendo¹
1915 2188 1950 2244 et
1974 2175 2012 2243 in
2030 2177 2160 2248 dandis

109 2277 201 2356 tiae,
230 2277 275 2346 de
298 2273 491 2364 coniugiis,
526 2270 706 2344 decausis
734 2269 932 2351 bellorum,
966 2267 1009 2334 de
1033 2264 1111 2334 iure
1161 2268 1339 2356 consiliis,
1364 2293 1476 2338 acme
1500 2271 1981 2374 faciatvasxmiscricordiae,
2007 2279 2160 2352 salutare

108 2377 348 2460 defensionis,
377 2378 422 2446 de
451 2375 664 2446 dirimendis
696 2370 816 2454 bellis,
850 2371 894 2438 de
926 2369 1109 2438 foederum
1160 2365 1249 2440 mihi
1277 2384 1311 2440 et
1329 2367 1574 2462 Reipublicae.

109 2478 406 2572 interpretatione
420 2472 454 2548 e't
470 2477 669 2560 autoritate,
696 2476 740 2544 de
758 2472 980 2562 singulorum
998 2467 1109 2561 patri·
1263 2469 1454 2566 Postquam
1482 2469 1568 2544 haec
1596 2477 1642 2544 de
1667 2499 1747 2548 mea
1773 2477 1958 2550 voluntate
1983 2483 2160 2574 praefatus

109 2581 246 2652 moniis
261 2593 296 2652 et
309 2579 500 2650 domiciliis
514 2578 667 2650 tuendis.
719 2571 774 2645 Ac
790 2574 985 2644 multorum
1002 2593 1110 2640 even·
1161 2597 1259 2660 sum,
1285 2598 1382 2644 nunc
1396 2590 1540 2667 propter
1555 2576 1737 2650 iuniorum
1756 2581 1946 2652 utilitatem
1962 2584 2098 2680 aliquid
2115 2590 2159 2660 de

110 2697 171 2758 tus
186 2685 393 2767 ostendunt,
419 2707 525 2775 quam
548 2682 594 2752 sit
614 2677 762 2750 infoelix
777 2674 957 2746 temeritas
969 2673 1008 2742 in
1024 2696 1110 2742 con·
1161 2675 1218 2746 his
1234 2675 1319 2767 ipsis
1336 2675 1473 2766 legibus
1488 2691 1522 2748 et
1536 2681 1581 2748 de
1597 2703 1718 2748 earum
1734 2683 1853 2752 studio
1867 2683 1995 2754 dicam.
2030 2684 2159 2764 Annos

111 2785 203 2858 siliis
226 2784 354 2858 dandis
375 2773 554 2854 discedere
574 2808 594 2852 a
614 2805 740 2850 norma
758 2777 876 2868 legum
894 2787 1110 2848 nostrarum.
1162 2777 1232 2847 iam
1257 2777 1384 2868 viginti
1412 2793 1590 2872 spectator
1616 2781 1670 2851 fui
1693 2784 1913 2858 tumultuum
1930 2782 2160 2882 Germaniae,

111 2887 236 2980 Quare
259 2887 324 2960 etsi
347 2885 419 2956 scio
443 2879 732 2955 honestissimum
755 2901 845 2972 opus
861 2901 953 2962 esse,
978 2891 1013 2949 et
1034 2875 1109 2947 Deo
1161 2879 1346 2980 inquibus
1366 2905 1445 2951 cum
1469 2878 1575 2952 initio
1594 2906 1651 2952 res
1665 2885 1883 2958 necessariae
1896 2880 2087 2978 patefactae
2104 2917 2160 2964 es-

112 3005 256 3081 gratum
272 2991 394 3060 iuvare
415 2987 630 3060 discentium
653 2983 793 3067 studia,
825 2992 944 3051 tamen
966 2991 1111 3070 propter
1161 2995 1258 3066 sent,
1288 2996 1407 3073 postea
1442 3007 1462 3052 a
1493 2983 1710 3056 turbulentis
1733 3000 1768 3060 et
1796 2987 1972 3062 seditiosis
1996 2993 2161 3086 ingeniis,

110 3091 332 3163 difficultatis
346 3089 646 3180 magnitudinem,
666 3085 840 3180 quaedam
863 3105 921 3151 me
935 3081 991 3150 vel
1012 3078 1111 3151 timi·
1161 3083 1266 3155 etiam
1288 3085 1420 3156 multae
1440 3085 1547 3156 falsae
1570 3087 1760 3180 opiniones
1786 3104 1906 3166 motae
1933 3108 2038 3181 sont,
2071 3121 2162 3194 quas

110 3195 217 3279 ditas,
239 3193 296 3263 vel
312 3191 507 3262 reverentia
523 3203 697 3260 remorata
715 3200 777 3272 est,
796 3209 867 3276 qno
885 3183 1005 3252 minus
1018 3177 1110 3251 hanc
1159 3199 1280 3256 tamen
1296 3181 1393 3257 Deus
1410 3187 1603 3259 clementer
1617 3193 1802 3282 repressit,
1827 3217 2003 3266 arearum
2025 3199 2160 3272 refuta·

109 3295 295 3390 publicam
311 3292 574 3364 enarrationem
591 3285 809 3358 inchoarem.
845 3284 916 3358 Sed
935 3279 1111 3354 hancdu-
1161 3287 1212 3357 tio
1228 3287 1411 3357 veritatem
1433 3289 1637 3362 illustravit.
1688 3291 1843 3364 Memini
1866 3295 2004 3370 furores
2026 3303 2159 3374 multo·
2235 3319 2240 3324 '

109 3397 321 3468 bitationem
347 3395 432 3466 vicit
453 3395 594 3464 tandem
618 3391 788 3462 autoritas
802 3385 1001 3459 Clarissimi
1019 3383 1111 3471 Viri,
1161 3395 1256 3472 rum,
1270 3389 1331 3483 qui
1346 3413 1490 3481 prorsus
1504 3407 1618 3464 totum
1633 3395 1796 3464 ordinem
1813 3398 1998 3488 politicum
2010 3403 2159 3474 damna-

109 3497 262 3571 Domini
292 3495 458 3568 Doctoris
486 3493 699 3588 Hieronymi
733 3486 898 3570 Schurff,
937 3511 1042 3582 quem
1077 3499 1111 3556 et
1162 3493 1261 3574 hant,
1287 3491 1447 3580 imperia,
1471 3495 1707 3582 magistratus,
1734 3497 1838 3586 leges,
1864 3514 2075 3592 contractus,
2101 3506 2160 3578 in-

110 3615 260 3694 propter
290 3599 516 3691 sapientiam,
562 3597 732 3666 virtutem
765 3605 799 3664 et
829 3590 1036 3682 gravitatem
1071 3590 1111 3658 in
1162 3593 1273 3676 dicia,
1299 3615 1439 3684 poenas.
1475 3592 1547 3663 Nec
1563 3607 1702 3666 tantum
1719 3622 1819 3668 error
1835 3595 2013 3674 humanus
2029 3599 2159 3679 horum

110 3703 283 3775 omnibus
298 3701 435 3785 officiis,
461 3721 584 3770 ornnes
601 3697 690 3768 boni
704 3695 774 3764 viri
788 3696 922 3788 ubique
938 3715 1111 3762 veneran-
1163 3707 1297 3764 mentes
1311 3708 1507 3786 occuparat,
1524 3696 1585 3788 qui
1601 3692 1687 3767 haec
1704 3715 1905 3792 portentosa
1922 3705 2156 3781 deliramenta

111 3819 193 3887 ru„
218 3819 251 3874 et
270 3827 334 3892 ego
351 3816 494 3894 propter
512 3815 694 3894 paternam
717 3821 797 3888 erga
815 3821 872 3864 me
895 3795 1111 3865 benevolen-
1161 3797 1390 3888 spargebant,
1428 3799 1489 3866 sed
1513 3798 1709 3870 diabolicae
1737 3803 1851 3876 furiae
1886 3829 1944 3876 eos
1968 3809 2159 3899 agitabant,

111 3909 201 3979 tiam
229 3921 262 3978 et
285 3906 441 3996 ingentia
464 3903 633 3973 beneficia
661 3901 828 3994 tanquam
848 3911 982 3989 patrem
999 3896 1110 3986 diligo
1161 3910 1200 3968 ut
1223 3899 1295 3967 vita
1318 3893 1503 3968 hominum
1529 3901 1640 3992 magis
1670 3905 1895 3996 turbaretur,
1928 3923 1962 3980 et
1993 3901 2157 3984 tenebrae

113 4024 151 4082 ct
166 4009 265 4089 colo,
291 4005 439 4100 Deoque
456 4005 586 4096 gratias
601 4026 679 4094 ago,
705 4003 801 4096 quod
819 3997 915 4070 hunc
931 3988 1021 4067 mihi
1037 4021 1112 4066 non
1162 3999 1312 4070 maiores
1328 4001 1536 4091 religionem
1554 4004 1807 4096 opprimerent.
1859 4005 2158 4102 Proponebantur
2191 4063 2197 4070 -

112 4113 231 4182 solum
256 4105 364 4179 buius
386 4109 566 4178 doctrinae
596 4119 885 4186 monstratorem,
916 4103 977 4170 sed
1004 4101 1112 4170 totius
1162 4101 1257 4172 enim
1283 4126 1418 4172 errores
1440 4104 1496 4206 illi
1516 4120 1698 4195 praetextu
1719 4109 2034 4202 eximiacpietatis.
2084 4118 2156 4189 Sed

112 4215 209 4286 vitae
226 4227 397 4284 rectorem
414 4210 525 4280 dedit.
563 4204 634 4278 Nec
652 4203 1111 4276 enimtanturnindiscen-
1162 4203 1245 4273 vicit
1270 4219 1388 4274 tamen
1405 4205 1534 4276 veritas
1556 4207 1731 4280 illustrata
1751 4212 1947 4284 multorum
1965 4241 2067 4303 voce,
2094 4221 2175 4312 qni·

112 4319 161 4387 do
179 4315 255 4386 eius
275 4313 419 4403 vestigia
434 4334 584 4405 sequor,
609 4323 644 4381 et
659 4307 784 4378 iudicii
802 4305 1050 4376 rectitudinem
1079 4315 1113 4374 et
1161 4307 1393 4378 ostenderunt
1407 4307 1577 4380 fanaticos
1595 4309 1688 4395 illos,
1703 4335 1777 4382 non
1792 4315 1907 4386 solum
1925 4331 2073 4390 naturae
2089 4316 2157 4392 ho-

113 4417 377 4491 dexteritatcm.
415 4429 450 4484 et
473 4411 632 4482 veritatis
653 4411 807 4480 tuendae
832 4419 961 4478 curam
977 4406 1112 4476 imitari
1161 4408 1318 4492 minum,
1343 4410 1526 4480 sedetiam
1547 4409 1626 4482 Deo
1644 4413 1778 4484 bellum
1802 4416 1981 4504 intulisse,
2006 4423 2158 4496 acrelut

113 4522 261 4604 studeo,
296 4519 355 4586 sed
380 4515 418 4584 in
443 4515 515 4602 rita
543 4513 649 4584 etiarn
671 4512 711 4580 in
741 4511 905 4606 eligenda
929 4509 1112 4598 religionis
1162 4509 1335 4599 Gigantes
1364 4513 1513 4601 aggestis
1546 4514 1747 4602 montibus,
1782 4518 1922 4588 coelum
1952 4545 2158 4614 oppugnare

103 4623 288 4714 puritate,
313 4631 347 4688 et
369 4617 406 4686 in
431 4615 595 4706 regendis
618 4613 778 4684 moribus
805 4614 844 4682 in
868 4613 1005 4702 ipsum,
1031 4624 1111 4680 tan·
1161 4625 1307 4682 conatos
1325 4636 1410 4685 esse.
1460 4611 1540 4684 Etsi
1562 4627 1677 4684 autern
1696 4632 1820 4688 natura
1844 4620 1921 4712 ipsa
1934 4647 2000 4694 nus
2017 4629 2155 4720 perspi-

114 4747 222 4818 quam
239 4723 277 4790 in
292 4720 474 4812 speculum
494 4718 647 4788 intucor.
698 4713 862 4784 Hiccum
879 4707 967 4802 mihi
990 4708 1113 4782 horta-
1162 4739 1226 4784 cue
1239 4715 1352 4800 docet,
1378 4715 1475 4784 nasci
1491 4709 1654 4787 homines
1669 4721 1713 4788 ad
1730 4720 1870 4790 civilem
1888 4726 2100 4810 societatem,
2124 4745 2158 4802 et

114 4838 278 4898 torasset
294 4819 470 4891 subeundi
487 4815 675 4905 boronus,
701 4829 904 4886 reverenter
920 4815 1030 4906 ipsius
1047 4817 1112 4884 ad·
1161 4815 1305 4884 vincula
1335 4817 1511 4887 societatis
1542 4841 1616 4915 esse
1648 4820 1818 4912 imperia,
1860 4826 1971 4915 leges,
2015 4831 2158 4917 indicia,
2287 4815 2293 4825 ¹

114 4924 313 4998 hortationi
331 4924 617 5015 parendumesse
635 4919 768 4988 censui.
822 4915 1111 5010 ldqueeoetiam
1161 4935 1309 5009 poenas:
1337 4933 1455 4988 tamen
1481 4943 1556 4988 non
1579 4931 1718 4992 tantm
1736 4925 1917 4996 videamus
1930 4931 2016 5022 quid
2036 4957 2158 5006 neres-

114 5030 183 5100 feci
198 5026 380 5111 libentius,
405 5025 503 5120 quod
518 5017 606 5091 mihi
624 5021 799 5090 ineadem
817 5015 1022 5101 Academia,
1049 5018 1112 5089 ubi
1162 5020 1247 5088 sitas
1264 5021 1446 5105 docuerit,
1470 5023 1528 5091 scd
1548 5022 1648 5093 initia
1665 5025 1782 5114 legum
1799 5028 1905 5116 altius
1924 5049 2132 5123 repetamus.

115 5129 223 5202 huius
239 5129 370 5200 summi
385 5127 453 5196 viri
469 5139 627 5209 censura,
655 5145 740 5192 voce
767 5135 802 5191 et
828 5121 976 5190 consilio
997 5116 1113 5190 adhuc
1265 5121 1434 5194 Summae
1453 5136 1488 5194 et
1504 5125 1659 5214 optimae
1673 5150 1729 5196 res
1746 5127 1783 5196 in
1797 5144 1916 5202 mente
1931 5135 2053 5205 divina
2069 5161 2157 5212 con-

115 5232 233 5306 iurati
268 5253 430 5322 possum,
465 5226 617 5298 docendi
644 5248 776 5294 munus
807 5223 1017 5293 attributum
1050 5235 1112 5304 est,
1162 5223 1288 5294 ditrice
1313 5225 1451 5313 generis
1481 5219 1630 5298 humani
1659 5245 1763 5314 sunt,
1797 5235 1992 5324 sapientia,
2025 5241 2160 5312 discer-

116 5356 359 5426 magnumque
373 5329 440 5402 Dei
456 5327 665 5400 beneficium
682 5349 756 5396 csse
774 5326 876 5404 duco,
900 5325 997 5417 quod
1013 5337 1048 5394 et
1062 5337 1115 5394 tot
1163 5348 1252 5396 nens
1269 5321 1416 5399 honesta
1433 5341 1467 5398 et
1483 5329 1622 5426 turpia,
1647 5344 1681 5398 et
1698 5331 1851 5418 iustitia,
1878 5340 2023 5422 veritas,
2051 5345 2159 5414 bene-
2284 5413 2286 5418 .

116 5460 233 5509 annos
255 5434 380 5506 audire
402 5427 501 5504 hunc
522 5431 659 5514 virum,
686 5441 723 5498 et
747 5451 819 5499 una
837 5427 973 5508 vivere,
1008 5441 1109 5498 etsa-
1163 5429 1325 5516 licentia,
1350 5429 1556 5512 clementia,
1583 5432 1735 5507 castitas.
1786 5432 1924 5507 Harum
1942 5443 2160 5532 optimarum

1474 5527 1559 5604 aa*
