4704 5826
103 267 187 344 ’885
587 261 746 341 DECL.
781 261 855 338 DE
888 257 1052 344 MOSE
1087 257 1397 337 FERIEN'I'E
1430 255 1690 384 PETRAM.
2086 263 2162 340 886

213 437 296 510 Non
318 449 402 509 sunt
423 437 566 528 ignotae
590 459 734 520 causae,
768 461 879 530 quare
904 433 1003 507 Deus
1024 460 1110 528 pro-
1236 431 1367 530 ‚Hanc
1387 433 1643 526 amplissimam
1662 447 1696 504 et
1712 434 1938 508 utilissimam
1962 436 2161 508 doctrinam

106 537 266 636 pbanam
283 541 551 612 multitudinem
564 531 703 632 puniat.
739 537 827 610 Vult
841 539 936 609 enim
951 538 1110 630 conspici
1159 537 1314 630 proponi
1340 537 1381 606 in
1411 531 1478 607 hac
1508 530 1660 608 historia
1683 561 1758 608 non
1783 538 1934 610 dubium
1958 551 2027 608 est:
2070 563 2161 634 quae

107 667 210 715 suam
231 642 419 714 iusticiam.
477 641 563 713 ldeo
587 641 718 712 atmcia
742 642 873 711 scelera
895 641 1110 712 comitantur
1159 641 1305 735 quidem
1322 663 1363 710 eo
1379 639 1596 731 scriptaad,
1620 652 1661 710 ut
1685 641 1730 708 de
1755 635 1813 710 bis
1834 641 1941 712 tantis
1963 643 2070 712 rebus
2093 665 2160 713 nos

106 760 244 818 atmces
260 769 407 839 poenae.
460 742 530 815 Sed
547 767 612 814 cur
627 744 666 812 in
680 739 838 814 Ecclesia
858 765 920 812 sua
947 738 1110 812 homines
1159 742 1309 814 erudiat.
1368 739 1438 814 Sed
1464 755 1583 812 tamen
1613 755 1648 814 et
1676 765 1909 834 personarum
1932 747 2157 838 quarundam
2239 733 2244 746 ⁸

105 850 207 940 pios,
233 848 453 938 inculpatos,
478 859 627 931 matres,
662 845 840 928 infantes,
874 859 947 915 tam
972 844 1125 914 duriter·
1158 839 1219 916 bic
1236 845 1277 916 fit
1297 843 1535 918 adumbratio.
1587 840 1692 913 Petra
1718 843 1892 934 significat
1914 846 2159 934 mediatorem,

106 949 305 1022 excruciari
334 948 445 1018 sinit?
503 945 602 1036 Quid
630 947 747 1018 simile
783 945 986 1017 crudelitati
1017 945 1110 1036 regis
1159 947 1271 1041 quiet
1286 946 1326 1016 in
1340 945 1403 1014 illa
1419 946 1494 1037 ipsa
1517 968 1607 1036 rupe
1628 959 1715 1016 tunc
1739 947 1894 1034 adstitit,
1925 961 1960 1018 et
1983 949 2157 1042 populum

105 1053 278 1148 Aegyptii
302 1050 451 1142 legitur,
485 1049 549 1144 qui
571 1051 717 1120 mandat
748 1049 903 1120 infantes
932 1049 1110 1119 masculos
1159 1048 1349 1120 comitatus
1380 1061 1448 1132 est,
1490 1059 1531 1117 ut
1552 1047 1671 1140 inquit
1694 1046 1844 1120 Paulus:
1888 1045 2026 1120 Omnes
2054 1051 2158 1122 bibe·

105 1179 234 1226 recens
249 1154 366 1225 editos
380 1151 527 1224 necari?
1158 1163 1245 1222 runt
1271 1151 1314 1220 de
1345 1149 1536 1220 comitante
1568 1171 1628 1219 eos
1656 1156 1774 1242 petra,
1815 1163 1914 1244 petra
1939 1166 2056 1222 autem
2083 1167 2158 1226 erat

194 1271 286 1346 Cum
302 1285 420 1344 autem
433 1270 553 1344 sciatis
567 1291 690 1342 causas
704 1250 779 1340 esse
794 1269 937 1352 multas,
962 1281 1109 1362 propter
1158 1248 1333 1325 chrislus
1440 1350 1449 1368 .

106 1401 199 1473 quas
215 1374 373 1446 Ecclesia
387 1373 483 1444 cruci
501 1372 742 1457 subiectam,
768 1395 843 1440 non
857 1395 917 1442 ero
933 1370 1108 1464 prolixior
1261 1353 1405 1448 M0y⁸0⁸
1420 1351 1595 1441 &gnificat
1612 1367 1646 1426 el
1662 1353 1793 1444 legem,
1819 1367 1855 1426 et
1870 1351 1963 1426 hant
1981 1357 2157 1448 politiam

105 1481 147 1550 in
166 1475 274 1550 buius
288 1476 397 1570 partis
415 1475 648 1548 enarratione.
701 1471 860 1544 Tantum
877 1468 946 1544 hoc
968 1495 1110 1558 moneo,
1158 1455 1322 1526 Primum
1349 1453 1445 1522 essim
1474 1455 1602 1526 feritur
1630 1456 1725 1526 filius
1754 1454 1822 1526 Dei
1850 1471 1999 1550 propter
2032 1461 2157 1551 legem,

106 1596 150 1653 ut
167 1580 300 1672 singuli
314 1593 472 1649 nostram
490 1577 684 1647 molliciem
709 1590 742 1646 et
763 1597 966 1645 accusemus
992 1591 1026 1646 et
1047 1577 1108 1644 de·
1159 1558 1345 1650 sicutipse
1369 1555 1502 1648 inquit:
1541 1555 1623 1627 Non
1642 1558 1726 1627 veni
1749 1559 1903 1646 solvere,
1928 1565 1989 1632 sed
2006 1562 2157 1654 implere

108 1686 310 1776 ploremus:
337 1683 433 1774 quod
458 1702 538 1749 cum
563 1677 788 1768 gravioribus
813 1677 1005 1748 sceleribus
1029 1677 1108 1768 pol.
1159 1662 1284 1751 legem.
1334 1655 1477 1747 Recipit
1496 1659 1641 1751 quidem
1666 1661 1836 1732 divinitas
1856 1661 2028 1734 immensa
2051 1666 2159 1736 mise-

107 1787 179 1856 luti
196 1786 322 1868 simus,
349 1783 500 1852 leviores
515 1781 704 1852 aerumnas
721 1780 841 1850 minus
863 1779 1000 1872 placide
1022 1779 1108 1849 feri·
1158 1761 1312 1833 ricotdia
1328 1781 1439 1850 genus
1455 1753 1665 1833 humanum.
1724 1759 1793 1833 Sed
1818 1775 1936 1833 tamen
1962 1790 2043 1836 curn
2066 1767 2158 1838 iusta

107 1911 207 1958 mus:
243 1909 283 1956 ὃς
305 1885 486 1956 flectamus
511 1883 650 1952 animos
674 1883 719 1952 ad
740 1881 1004 1952 invocationem
1024 1882 1108 1961 Dei,
1159 1865 1223 1950 sit,
1249 1877 1284 1934 et
1299 1861 1368 1952 legi
1383 1858 1451 1930 Dei
1465 1861 1626 1932 satisfieri
1642 1886 1782 1934 necesse
1798 1864 1854 1948 sit,
1880 1867 1937 1935 vel
1952 1865 2157 1940 obedientia

107 2015 156 2060 ne
180 1989 322 2081 penitus
344 1985 455 2055 deleri
472 1981 667 2055 Ecclesiam
689 1983 793 2053 sinat.
846 1983 966 2053 Venio
990 1997 1107 2054 autern
1159 1968 1217 2040 vel
1232 1988 1357 2058 Poenas
1380 1976 1527 2056 Pr⁰Pl²r
1542 1965 1706 2034 “dinem
1721 1965 1875 2038 iss⁸llll³⁰
1891 1970 2072 2060 demtum
2090 1987 2154 2056 0⁸1,

107 2095 153 2161 ad
173 2093 321 2160 alteram
335 2082 506 2158 historiae
525 2099 674 2178 partem.
721 2081 974 2156 Exaudiuntur
990 2085 1108 2179 Moysi
1158 2083 1200 2140 Ul
1231 2067 1361 2162 ³liq¹¹l⁸
1393 2065 1432 2134 5¹¹
1464 2088 1591 2156 8²⁰²st
1621 2061 1780 2138 h⁰ffl³¹¹⁰
1805 2091 1951 2159 Pr⁰f⁸¹¹⁸
1973 2071 2158 2158 lssss⁰0⁰¹¹⁸s

109 2208 144 2264 et
159 2193 357 2263 multorum
375 2189 518 2284 piorum
535 2202 615 2258 vota
633 2201 667 2258 ct
681 2186 842 2278 gemitus.

170 2389 174 2396 ι
216 2308 320 2380 Talia
338 2308 496 2398 exempla
518 2307 727 2390 ostendunt,
756 2329 830 2375 non
854 2285 970 2373 deseri
986 2299 1109 2374 Eccle-

109 2416 212 2488 siam.
263 2409 346 2480 Non
363 2412 573 2498 frangantur
588 2408 699 2477 animi
715 2407 755 2474 in
769 2407 967 2490 aerumnis,
992 2419 1032 2476 ut
1047 2417 1110 2475 aut

109 2516 283 2610 dubitent¹
293 2534 367 2582 esse
376 2509 503 2591 Deum,
530 2523 591 2580 aut
605 2509 638 2578 ei
653 2510 867 2580 irascantur:
894 2509 956 2576 scd
972 2507 1109 2578 discant

109 2621 143 2689 ei
160 2615 403 2688 obediendum
419 2633 505 2696 esse,
531 2625 566 2682 et
583 2613 777 2704 petendum
787 2635 835 2680 ac
851 2612 1109 2702 expectandum

107 2721 292 2792 auxilium.
345 2711 405 2786 Ad
421 2710 518 2784 hunc
540 2737 646 2784 usum
671 2726 706 2784 et
729 2707 797 2782 hoc
824 2712 1042 2803 exemplum,
1075 2725 1109 2781 et

108 2823 181 2894 alia
199 2817 330 2891 similia
347 2817 453 2888 nobis
473 2815 603 2888 tradita
626 2826 722 2886 sunt.
777 2811 819 2884 ld
845 2814 950 2884 initio
973 2837 1016 2882 ex
1043 2808 1110 2882 bac

108 2923 323 2996 liberatione
346 2920 557 2990 discendum
582 2928 645 2990 est.
708 2913 835 2986 Postea
858 2915 1019 3009 sequitur
1039 2915 1109 2984 alia

109 3021 366 3106 consideratio,
392 3021 481 3116 quid
495 3014 582 3088 baec
597 3019 674 3111 ipsa
696 3017 814 3108 imago
838 3017 1031 3108 significet,
1064 3017 1109 3086 de

109 3152 181 3224 qua
197 3139 318 3222 postca
338 3123 466 3196 dicam.
518 3119 623 3191 Prius
640 3121 735 3190 enim
751 3143 863 3212 pauca
879 3121 923 3189 dc
939 3119 1025 3192 facti
1040 3117 1110 3190 cir-

109 3227 333 3301 cumstantiis
347 3225 489 3296 addam.

212 3345 313 3418 Nova
331 3357 383 3414 est
398 3342 438 3411 in
453 3339 580 3436 Moyse
602 3341 813 3434 trepidatio,
839 3339 903 3434 qui
921 3338 1110 3410 confinna-

110 3465 168 3522 tus
184 3449 300 3519 iuerat
321 3459 425 3516 antea
450 3457 522 3514 tam
547 3443 672 3514 multis
694 3443 876 3535 prioribus
897 3441 1110 3512 testimoniis

110 3545 422 3645 praesentiaeDei.
474 3544 547 3618 Sed
566 3540 626 3615 hic
646 3545 845 3630 cernimus,
872 3557 1005 3637 quanta
1029 3543 1111 3614 vul-

110 3677 197 3724 nera
211 3654 252 3722 in
268 3650 398 3720 animis
412 3648 692 3738 gubernatorum
709 3647 842 3718 iaciant
864 3645 1111 3732 contumeliae,

109 3779 192 3826 cum
215 3753 361 3850 quidem
383 3774 459 3822 non
482 3749 551 3842 ipsi
573 3761 712 3820 tantum
736 3749 1010 3830 conculcantur,
1048 3748 1110 3818 sed

108 3857 214 3928 etiam
230 3853 454 3926 sermonibus
468 3847 654 3944 Epicureis
669 3851 824 3922 laeditur
836 3850 949 3941 gloria
965 3847 1053 3936 Dei,
1076 3861 1111 3922 et

110 3957 290 4030 sauciatur
301 3953 460 4028 Ecclesia
477 3953 609 4024 talibus
626 3953 852 4026 clamoribus.
894 3949 1000 4022 Fides
1018 3949 1111 4022 alio·

111 4062 174 4156 qui
190 4063 318 4132 ardens
328 4049 376 4127 ‘in
392 4054 538 4152 Moyse,
562 4055 635 4126 iam
660 4079 822 4126 moerore
848 4067 882 4124 et
905 4067 1110 4140 consterna-

108 4165 208 4234 tione
222 4161 443 4252 languefacta
461 4173 522 4231 est.
556 4157 611 4228 Ac
626 4156 799 4228 similium
815 4156 982 4228 dolorum
999 4155 1110 4246 signi-

109 4264 292 4335 ficationes
308 4276 392 4334 sunt
409 4261 448 4330 in
462 4257 625 4330 Ieremia.

200 4381 416 4476 Quanquam
432 4393 549 4452 autem
566 4389 706 4449 accusat
714 4374 811 4448 Deus
826 4376 1108 4448 imbecillitatem

110 4483 244 4580 Moysi,
260 4499 295 4556 et
308 4507 459 4576 poenam
477 4482 509 4551 ei
525 4479 732 4551 denunciat:
760 4492 882 4548 tamen
899 4492 933 4550 et
946 4478 1109 4558 rabiosae

109 4585 336 4660 multitudini
370 4584 550 4668 irascitur,
602 4581 704 4652 cuius
739 4581 956 4652 clamoribus
987 4593 1109 4672 pectus

110 4687 231 4784 Moysi
247 4687 443 4758 sauciatum
459 4687 585 4754 iuerat.
621 4681 795 4752 Videmus
811 4697 928 4756 autem
945 4681 1053 4754 etiam
1069 4681 1109 4750 in

110 4790 259 4862 summis
282 4789 371 4860 viris
394 4788 533 4882 aliquos
556 4809 688 4856 naevos
713 4806 807 4866 esse,
848 4785 979 4879 quibus
1011 4807 1109 4854 com-

110 4893 311 4964 monebunt
328 4893 372 4978 de
388 4914 450 4960 sua
465 4887 692 4972 infirmitate,
718 4911 764 4956 ne
778 4909 853 4956 sese
871 4886 1031 4957 efferant.

212 5025 376 5100 Audistis
390 5027 428 5094 in
451 5026 543 5094 facto
568 5022 724 5115 proponi
748 5021 906 5111 exempla
932 5022 977 5090 de
1003 5043 1108 5112 prae-

109 5237 153 5306 de
176 5233 424 5314 invocatione,
449 5229 493 5298 de
516 5225 753 5320 reprimendis
776 5225 953 5297 seditiosis
974 5226 1108 5296 clamo-

1159 2195 1224 2263 pro
1244 2165 1390 2240 cacteris
1410 2167 1573 2238 sontibus
1588 2193 1740 2261 poenam
1759 2171 1922 2244 solveret.

1263 2267 1342 2340 Etsi
1372 2281 1489 2338 autem
1524 2265 1631 2340 huius
1661 2271 1818 2341 mirandi
1850 2275 1993 2344 consilii
2026 2301 2158 2366 causas,

1160 2375 1340 2468 quomodo
1362 2371 1628 2442 misericordiae
1647 2373 1781 2444 iustitia
1807 2387 1998 2466 temperata
2021 2379 2087 2466 sit,
2119 2381 2159 2450 in
2265 2383 2267 2390 ’

1159 2471 1227 2546 hac
1251 2471 1403 2564 caligine
1429 2475 1592 2543 nondum
1629 2473 1772 2566 penitus
1800 2476 2054 2568 intelligimus,
2097 2485 2159 2554 sed

1160 2591 1266 2649 erunt
1283 2571 1370 2648 haec
1393 2575 1511 2646 studia
1536 2577 1633 2662 illius
1658 2590 1821 2648 aeternae
1838 2577 2051 2654 Academiae
2074 2608 2160 2676 pro-

1159 2681 1255 2770 pria:
1274 2691 1394 2748 tamen
1405 2671 1464 2746 hic
1480 2671 1680 2750 inchoanda
1702 2693 1797 2752 sunt.
1850 2675 2086 2772 Agnoscenda
2107 2702 2160 2762 est

1160 2783 1212 2851 ira
1227 2779 1296 2850 Dei
1311 2780 1404 2848 iusta
1421 2779 1590 2850 adversus
1607 2794 1767 2872 peccata,
1790 2783 1920 2854 deinde
1936 2791 2160 2876 agnoscenda

1159 2880 1420 2952 misericordia:
1461 2903 1527 2950 nec
1550 2877 1823 2954 existimandum
1849 2897 1918 2972 est,
1950 2890 2090 2962 decreta
2115 2893 2160 2962 de

1160 2985 1266 3055 rebus
1286 2981 1413 3068 tantis,
1438 2982 1482 3051 de
1503 2983 1712 3054 remissione
1735 2999 1979 3077 peccatorum,
2005 2993 2050 3062 de
2074 2994 2160 3066 mit-

1159 3088 1269 3158 tendo
1294 3085 1386 3170 filio,
1425 3085 1468 3154 de
1491 3084 1716 3158 restitutione
1738 3089 1877 3178 generis
1901 3085 2075 3180 humani,
2116 3097 2161 3168 de

1160 3191 1267 3260 modo
1282 3187 1499 3276 colligendae
1513 3183 1692 3258 Ecclesiae
1709 3189 1785 3260 sine
1808 3191 2079 3286 sapientissimis
2096 3199 2161 3270 de-

1160 3287 1435 3362 liberationibus
1451 3287 1542 3359 facta
1559 3312 1644 3360 esse.

1262 3391 1336 3462 Lex
1358 3389 1469 3480 igitur
1494 3414 1584 3482 quae
1608 3392 1803 3465 iustissimo
1835 3396 1972 3468 iudicio
1999 3424 2066 3472 nos
2094 3429 2161 3496 op-

1161 3517 1323 3586 pressura
1348 3504 1445 3582 erat,
1485 3491 1601 3560 lilium
1626 3494 1727 3580 serit,
1766 3521 1812 3566 ne
1842 3522 1907 3568 nos
1939 3500 2052 3577 feriat.
2111 3501 2161 3578 Et

1159 3597 1278 3668 lluunt
1293 3617 1333 3664 ex
1351 3617 1440 3686 rupe
1456 3591 1606 3662 flumina
1616 3591 1815 3688 Evangelii,
1841 3600 1974 3694 quibus
1988 3598 2074 3676 hacc
2091 3608 2161 3678 mi-

1159 3721 1235 3768 sera
1255 3709 1404 3782 natura,
1431 3694 1489 3765 siti
1507 3696 1713 3784 torrefacta,
1736 3715 1926 3778 recreatur.

1261 3797 1316 3870 De
1331 3792 1390 3868 his
1404 3796 1513 3868 tantis
1533 3797 1639 3868 rebus
1665 3802 1852 3873 admoueri
1875 3818 1909 3875 te
1936 3806 2067 3896 cogites
2092 3803 2159 3882 hac

1160 3901 1235 3993 ipsa
1255 3899 1409 3990 imagine
1426 3897 1565 3994 Moysi,
1587 3899 1726 3992 ingenti
1751 3918 1785 3976 et
1807 3907 1947 3980 ardenti
1975 3922 2076 3982 motu
2097 3936 2159 3982 ex·

1160 4004 1287 4072 celsam
1304 4025 1428 4093 rupem
1444 4000 1615 4074 ferientis.

1261 4102 1380 4176 Simul
1404 4103 1510 4173 etiam
1533 4117 1647 4174 astare
1663 4105 1701 4174 in
1718 4107 1901 4179 cacumine
1916 4112 2016 4204 rupis
2032 4113 2160 4188 Domi-

1160 4229 1246 4277 num
1266 4205 1374 4290 scias,
1401 4200 1509 4274 buius
1524 4206 1617 4278 tanti
1634 4207 1758 4297 agonis
1774 4211 2068 4299 gubernatorem,
2094 4214 2159 4291 καὶ

1158 4301 1496 4406 πρωταγωνιστὴν,
1540 4320 1574 4377 ct
1607 4309 1814 4400 sapientiam
1839 4327 1874 4384 et
1896 4314 2069 4388 iustitiam
2089 4317 2159 4391 Dei
2199 4351 2205 4366 ,

1159 4410 1379 4496 consideres,
1404 4431 1495 4502 quae
1510 4409 1587 4478 sine
1604 4409 1894 4504 compensatione
1918 4441 1985 4488 nos
2006 4419 2159 4494 liberare

1159 4511 1283 4604 poenis
1299 4511 1434 4581 noluit:
1462 4512 1579 4580 sedin
1594 4513 1843 4604 magnitudine
1864 4542 2000 4610 poenae
2021 4537 2055 4593 et
2078 4549 2159 4616 per-

1159 4629 1265 4685 sonae
1286 4608 1405 4709 λύτρα
1419 4614 1673 4703 persolventis,
1699 4617 1815 4690 voluit
1830 4618 2002 4692 iustitiam
2020 4639 2054 4696 et
2067 4625 2157 4696 iram

1158 4740 1258 4787 suam
1273 4715 1431 4807 conspici
1446 4727 1481 4786 et
1498 4715 1621 4789 metui.

1259 4814 1340 4886 Etsi
1368 4829 1487 4886 autem
1511 4817 1612 4886 nulla
1640 4818 1749 4889 ullius
1773 4824 1891 4912 angeli
1916 4840 1977 4895 aut
2001 4822 2159 4900 bominis

1157 4919 1358 5012 eloquentia
1385 4939 1451 5009 par
1475 4939 1549 4986 esse
1576 4931 1692 5010 potest
1712 4925 1956 5012 magnitudini
1979 4941 2158 5002 tantamm

1157 5043 1275 5091 rerum
1301 5021 1545 5112 exponendae:
1589 5034 1709 5092 tamen
1734 5018 1820 5096 baec
1844 5031 2159 5128 quantulacunque

108 5133 234 5204 standa
252 5129 454 5200 obedientia
469 5127 508 5195 in
525 5125 668 5217 poenis,
703 5126 748 5192 de
766 5145 827 5214 spe
842 5122 966 5194 auxilii
982 5122 1108 5208 divini,
1156 5121 1452 5192 consideratio'in
1469 5123 1651 5194 mentibus
1667 5129 1798 5196 nostris
1815 5132 2000 5201 excitanda
2020 5148 2089 5218 est,
2126 5149 2161 5206 et
2287 5142 2292 5155 '

1157 5224 1369 5295 celebranda
1385 5247 1493 5316 opera
1510 5225 1651 5294 divina:
1677 5232 1867 5298 metuenda
1892 5247 1945 5304 est
1967 5235 2158 5307 iustissima

106 5337 228 5420 ribus,
269 5336 312 5404 de
341 5329 584 5403 imbecillitate
607 5323 764 5397 bumana
790 5329 949 5422 reliqua,
988 5329 1028 5396 in
1051 5321 1108 5397 his
1156 5325 1222 5410 ira,
1245 5327 1413 5417 fugienda
1428 5325 1592 5408 offensio,
1619 5323 1738 5398 etDeo
1757 5331 1890 5418 gratiae
1908 5338 2064 5424 agendae
2079 5355 2161 5412 sunt

111 5438 240 5518 etiam,
264 5459 417 5530 quorum
432 5431 547 5504 virtus
561 5444 614 5504 est
629 5429 817 5501 excellens.
1086 5487 1089 5494 .

1157 5451 1222 5522 pro
1239 5427 1436 5514 beneficiis,
1465 5432 1560 5522 quod
1581 5443 1725 5522 propter
1743 5431 1855 5504 lilium
1873 5431 2000 5531 ἱκέτην
2017 5463 2083 5512 nos
2104 5465 2160 5512 re·

1466 5527 1552 5601 56*
