4688 5826
214 260 289 337 sca
698 245 859 326 naen
892 242 968 321 on
1000 241 1332 324 aurneurco
1356 239 1767 325 nannenossa.
2181 247 2255 322 su
2329 219 2330 248 ³

217 447 297 506 rent
313 455 412 503 suam
426 427 655 521 impietatem.
694 419 833 494 Deinde
848 434 1021 516 qsrantum
1036 421 1143 488 decru
1158 429 1211 488 cst
1234 428 1239 486 t
1261 443 1341 492 cum
1356 418 1396 490 iu
1410 421 1518 491 armis
1532 422 1639 492 foelix
1657 422 1762 492 etism
1778 417 1895 506 inerit,
1918 431 1953 492 ct
1969 416 2162 510 profligatis
2177 417 2256 490 hel.
2329 419 2330 426 ’

218 535 423 628 magnitudo
446 529 572 612 animi,
598 510 694 618 qumi
719 547 825 595 ausus
844 537 896 593 est
923 521 1046 614 procul
1070 521 1108 589 iu
1125 518 1211 588 Asia
1234 489 1240 642 1
1262 523 1324 608 lis,
1349 523 1539 594 diuturnae
1557 523 1654 615 pacis
1668 538 1702 593 et
1720 522 1847 614 optimi
1861 534 1975 594 status
1988 535 2092 594 autor
2108 520 2148 590 iu
2164 518 2257 590 Ger-

221 659 389 733 quaerere
418 630 577 718 bostem,
611 641 646 698 et
676 649 814 696 sumere
845 623 1092 694 difficillimam
1124 618 1212 690 belli
1236 645 1240 716 Ι
1262 624 1429 692 maniaet
1446 622 1546 694 ltalie
1562 624 1681 702 fuerit,
1707 623 1862 716 denique
1875 647 1955 694 eum
1972 621 2257 712 eepmricsa.

221 755 375 833 partem,
401 736 496 828 quod
521 753 596 799 nou
618 728 790 798 deterruit
813 749 892 796 eum
913 724 1084 794 foelicitas
1110 719 1211 792 Sala-
1236 717 1240 777 l
1263 726 1436 808 tudinum,
1454 725 1530 794 iure
1546 725 1652 796 bonis
1668 723 1955 816 imperatoribus,
1973 737 2009 794 et
2025 717 2166 794 heroica
2184 722 2259 792 vir..

221 843 310 913 diui.
329 911 331 916 .
348 837 467 926 Quare
485 830 706 903 Fridericum
722 851 796 898 uon
813 825 1060 896 existimabitis
1076 824 1214 892 medio·
1265 839 1338 897 tute
1354 826 1614 916 praestantibus
1629 825 1852 897 Fridcricum
1866 847 2152 900 annumeremus.
2187 822 2259 894 Po·

222 965 315 1014 crem
331 940 485 1030 aliquem
499 932 633 1004 Ducem
650 930 769 1005 fuisse.
812 924 997 998 Excellens
1013 924 1124 1018 ipsius
1140 925 1214 992 vir·
1265 923 1622 1013 stulabathiclocus,
1647 941 1687 998 ut
1706 923 2260 998 eciamdeeameuicaetmvtcs

225 1061 300 1126 tus,
326 1055 360 1108 et
375 1035 537 1118 inarmis
556 1031 745 1116 foelicitas,
769 1030 854 1100 satis
871 1029 1082 1109 ostendunt,
1106 1026 1213 1094 luisse
1265 1042 1300 1098 et
1318 1029 1478 1098 morihus
1492 1030 1706 1114 diceremus,
1732 1052 1821 1122 «pros
1844 1027 1982 1117 egregie
2005 1027 2183 1119 praedicat
2194 1023 2262 1096 Li-

224 1139 425 1218 Achilleam
450 1151 624 1206 naturam.
677 1130 729 1200 lta
753 1132 848 1200 cuim
866 1129 1027 1202 Saladiui
1046 1127 1213 1196 virtutem
1266 1130 1426 1219 guriuus.
1479 1126 1528 1201 Et
1546 1132 1753 1219 magnitudo
1776 1154 1895 1200 rerum
1916 1141 2065 1200 testatur
2078 1151 2159 1198 cum
2183 1150 2262 1196 non
2330 1155 2331 1166 ¹

225 1265 258 1317 et
280 1243 506 1313 foelicitatem
532 1235 727 1305 conterruit
748 1231 968 1314 Fridcricus,
992 1243 1033 1300 ut
1056 1252 1129 1298 nou
1154 1251 1214 1296 so·
1265 1231 1373 1302 luisse
1392 1230 1552 1300 deditum
1573 1232 1690 1315 lusui,
1725 1245 1786 1302 aut
1809 1229 2065 1320 voluptatibus:
2098 1227 2207 1300 inisse
2221 1227 2263 1296 iu

225 1350 302 1418 lum
320 1347 544 1432 languescere
565 1335 681 1405 statim
698 1333 860 1405 Saladini
883 1332 1024 1400 animus
1049 1328 1216 1420 coeperit,
1266 1357 1308 1400 en
1325 1333 1553 1424 praecipuum
1568 1335 1724 1402 studium
1739 1331 1940 1422 religionis,
1965 1333 2159 1404 ostunluut
2183 1353 2263 1400 ma.
2330 1321 2331 1326 ’

227 1451 288 1519 sed
312 1446 417 1515 etiam
446 1451 565 1532 postea
587 1437 651 1506 diu
672 1457 729 1504 res
743 1431 1029 1504 Christianorum
1055 1431 1093 1498 iu
1111 1428 1216 1523 Syria
1266 1446 1436 1503 numeuta
1456 1433 1620 1523 plurima.
1672 1431 1789 1502 Multa
1817 1433 1915 1502 euim
1937 1431 2083 1520 collegia
2102 1427 2266 1518 Regale.

227 1541 585 1634 iueriutsirpcriores.
621 1535 891 1628 potuissentque
905 1549 980 1604 turn
999 1532 1139 1622 penitus
1153 1533 1217 1600 de·
1268 1537 1380 1612 rium,
1406 1548 1608 1617 utvocant,
1632 1534 1820 1616 condidit,
1838 1546 1879 1604 ut
1898 1533 1937 1602 iu
1963 1533 2034 1602 illie
2057 1531 2265 1602 :alermum

228 1651 313 1734 leri,
338 1657 398 1717 aut
412 1657 504 1712 certe
521 1663 561 1710 cx
577 1637 680 1732 Syria
696 1649 731 1708 et
746 1635 907 1731 Aegypto
927 1635 1010 1725 pelli
1030 1627 1217 1702 Mahome-
1268 1634 1385 1706 studia
1413 1635 1594 1704 doctrinae
1617 1630 1860 1718 Christianae,
1890 1656 1981 1726 quae
2009 1645 2094 1706 tuuc
2118 1631 2266 1702 videbat

229 1754 332 1826 tistae
350 1771 389 1818 ac
403 1743 436 1815 T
438 1741 532 1823 urci,
557 1763 710 1832 quorum
726 1761 857 1807 nomeu
875 1752 961 1808 tuuc
981 1735 1135 1825 primum
1152 1756 1218 1802 au-
1269 1736 1399 1824 negligi
1416 1735 1454 1804 iu
1470 1736 1542 1806 illis
1558 1736 1736 1806 veleribus
1750 1750 1784 1806 ct
1804 1734 2089 1825 opulentioribus
2102 1731 2266 1822 collegiis

231 1856 346 1925 ditum
369 1859 440 1930 est,
467 1844 496 1914 si
512 1839 714 1912 Fridcricns
736 1839 870 1908 diutius
892 1849 1067 1928 superstes
1084 1835 1218 1907 luisset.
1269 1849 1303 1908 et
1319 1836 1551 1908 nsouastcriis.
1591 1836 1677 1906 'l'ria
1692 1836 1840 1905 memini
1853 1835 1999 1924 collegia
2016 1837 2063 1906 ab
2080 1835 2159 1925 ipso'
2174 1857 2268 1904 ron-

230 1955 301 2028 Sed
324 1953 412 2032 lata,
445 1959 484 2015 ut
505 1942 743 2034 ‘sequidem
774 1939 1004 2029 interpretor,
1042 1937 1218 2025 urgebant
1269 1939 1362 2022 dita,
1390 1934 1676 2028 Adelburgense,
1710 1935 1921 2026 llagonense
1944 1949 1980 2008 et
2003 1931 2269 2018 Gelbussnum,

231 2057 374 2136 Asiam,
397 2045 540 2118 etDeus
563 2065 711 2134 poenam
728 2039 870 2110 differre
892 2037 1119 2132 aliquandiu,
1143 2057 1219 2104 non
1269 2052 1493 2110 caeterauon
1509 2040 1667 2112 memini.
1716 2035 1849 2110 Curam
1870 2037 1988 2124 legum
2006 2035 2269 2127 ecdtsctptinae
2331 2029 2332 2120 J

231 2177 375 2250 prorsus
400 2148 576 2219 remittere
599 2143 724 2214 voluit.
775 2139 865 2212 Cum
889 2140 997 2229 igitur
1016 2148 1219 2228 recuperata
1269 2139 1434 2233 publicae
1448 2161 1623 2210 summam
1638 2140 1677 2208 iu
1694 2163 1735 2208 co
1756 2139 1914 2211 trenaee
1930 2137 2023 2226 leges
2038 2138 2269 2210 eiustestan-
2331 2123 2332 2196 l

231 2255 357 2330 Cilicia
380 2247 581 2321 Fridericus
607 2265 829 2334 progressus,
863 2239 1024 2312 saladini
1047 2237 1220 2308 exercitus
1271 2255 1348 2322 tur,
1373 2253 1408 2312 et
1423 2243 1596 2334 quaedam
1613 2240 1783 2330 exempla.
1833 2235 2035 2311 Palatinum
2052 2238 2270 2330 principem,

232 2385 272 2429 ex
296 2351 467 2427 Areneuia
493 2346 626 2417 minori
646 2345 853 2436 expulisset,
878 2367 959 2411 cum
983 2342 1073 2410 lorte
1091 2339 1219 2408 delati·
1272 2356 1455 2434 propterea
1476 2343 1573 2434 quod
1595 2364 1632 2411 se
1655 2342 1800 2412 absente
1816 2341 1990 2433 quaedem
2010 2352 2202 2430 occuparat
2227 2340 2269 2410 in

123 2518 126 2524 .
232 2473 332 2551 gatus
352 2455 473 2524 labore
494 2463 598 2541 atque
620 2461 717 2515 aestu
730 2467 835 2534 quem
853 2440 1024 2512 Germani
1041 2464 1114 2508 non
1136 2438 1220 2510 satis
1273 2441 1524 2514 Wormacensi
1538 2439 1775 2534 Episcopatu.
1802 2463 1921 2512 severe
1942 2440 2084 2531 punivit
2105 2454 2141 2514 ec
2152 2439 2271 2510 veteri

232 2565 324 2631 serre
347 2565 500 2634 norunt,
526 2547 707 2617 descendit
730 2546 769 2614 iu
792 2545 946 2623 llumen,
980 2540 1123 2612 lavandi
1144 2553 1221 2610 stu·
1271 2567 1370 2614 more
1383 2543 1497 2633 coegit
1514 2567 1578 2634 per
1596 2556 1707 2614 totam
1723 2541 1970 2612 Wormatiasn
1991 2565 2113 2614 canem
2131 2543 2172 2612 in
2195 2535 2272 2612 bu.

232 2662 306 2732 dia.
360 2655 413 2725 lhi
435 2651 728 2722 aliilcruutcum
745 2647 928 2736 abreptum
945 2643 1078 2714 vortice
1094 2641 1134 2710 iu
1150 2640 1220 2709 flu·
1272 2644 1379 2714 meris
1405 2657 1559 2734 gestare,
1597 2645 1777 2735 prioribus
1809 2637 2068 2733 apprehensum
2098 2643 2272 2734 pedibus.

235 2763 331 2833 cuiue
354 2755 515 2850 periisse3
550 2749 613 2819 alii
636 2750 754 2818 ierunt
775 2744 938 2816 redeunti
959 2768 1001 2814 er
1023 2767 1114 2836 aqua
1137 2763 1221 2832 epar
1272 2745 1409 2816 Literas
1434 2745 1562 2816 latinas
1578 2745 1724 2814 sicsatis
1739 2745 1880 2828 calluit,
1904 2765 1946 2814 ac
1967 2765 2100 2814 anasse
2114 2767 2156 2816 ec
2179 2767 2272 2835 pro-

234 2863 327 2933 male
356 2858 518 2928 affectum
543 2873 638 2934 esse,
669 2863 708 2919 ut
738 2849 790 2932 fic3
828 2845 1038 2916 meministis
1061 2843 1158 2912 enim
1181 2841 1221 2910 in
1272 2847 1406 2918 vexisse
1420 2869 1501 2916 eum
1514 2857 1689 2918 tutantur
1703 2841 1804 2916 Otho
1820 2843 2056 2934 Frisiugcnsis
2069 2856 2105 2914 ct
2117 2843 2273 2936 Liguri.

233 2960 358 3037 Cilicia
386 2959 560 3026 lavantem
587 2951 624 3024 in
646 2950 813 3032 llumiue,
837 2945 1002 3017 incidisse
1024 2945 1063 3013 iu
1080 2944 1221 3014 letalem
1273 2972 1353 3020 nus.
1410 2945 1500 3018 Nam
1532 2941 1634 3016 Otho
1661 2943 1860 3038 Episcopus
1889 2944 2149 3035 Frisingcnsis',
2182 2969 2273 3016 cum
2332 2943 2333 2952 ’

235 3066 413 3135 morbum.
447 3055 588 3127 Dicitur
602 3053 730 3144 itaque,
751 3049 954 3119 Fridericns
973 3047 1081 3138 epatis
1098 3045 1222 3112 morbo
1273 3050 1417 3143 quidem
1432 3047 1539 3118 fuerit
1556 3048 1632 3118 eius
1647 3062 1825 3137 cognatus,
1841 3045 1985 3124 aiteum
1999 3071 2018 3116 e
2034 3047 2275 3137 repetivisse,

236 3167 329 3235 intra
345 3181 475 3252 paucos
490 3153 853 3225 dics'ertinctusesse.
894 3146 963 3217 llic
979 3148 1046 3217 brit
1058 3144 1223 3214 interitus
1274 3163 1314 3220 ut
1327 3145 1511 3220 historiam
1526 3149 1706 3223 scriberet.
1756 3147 1805 3220 Et
1818 3148 2013 3237 Ligurinas
2030 3147 2137 3224 Poeta
2151 3149 2274 3238 signi.

236 3262 410 3338 friderici
424 3253 598 3349 imprimis
613 3255 786 3342 lugendus
799 3249 953 3340 Reipub.
989 3247 1071 3336 Quo
1087 3247 1125 3314 in
1143 3247 1223 3314 loco
1274 3253 1353 3320 licat
1368 3247 1588 3322 Fridcricum
1604 3273 1679 3320 non
1696 3250 1813 3320 solum
1828 3250 1957 3320 fovisse
1980 3249 2099 3320 literas
2113 3260 2149 3318 et
2164 3248 2275 3339 iuge·

236 3368 332 3438 subit
349 3358 528 3434 recordari
544 3358 612 3426 fata
630 3355 821 3424 multorum
846 3352 1098 3442 praestantium
1113 3347 1225 3418 bella-
1273 3353 1355 3437 nia,
1381 3352 1440 3420 sed
1459 3347 1562 3422 etiam
1580 3374 1737 3434 curasse,
1761 3363 1803 3424 ut
1817 3351 1892 3420 lilio
1912 3351 2025 3441 probe
2040 3351 2275 3424 traderentur

181 3513 187 3522 ·
236 3485 375 3550 torum,
413 3461 475 3557 qui
500 3481 581 3529 cum
605 3455 736 3525 virtute
759 3475 897 3523 namma
926 3450 1076 3556 praediti
1099 3461 1225 3531 essem,
1274 3455 1414 3538 literae3
1441 3452 1490 3522 sic
1505 3452 1600 3520 euim
1620 3452 1755 3546 inquit:

234 3585 355 3643 tamen
371 3560 559 3635 levissimis
574 3558 715 3627 casibus
730 3555 862 3639 afflicti,
879 3553 1072 3645 perierunt.
1099 3544 1225 3620 Achil·
1378 3575 1410 3641 0
1425 3580 1501 3638 bene
1515 3579 1598 3661 qum,
1614 3581 1706 3639 „pm
1722 3576 1823 3637 dm„
1838 3579 1972 3658 pomp,
1987 3573 2104 3657 fflgm

236 3673 287 3742 1⁸³
309 3673 396 3740 dum
418 3674 564 3756 apparat
585 3658 745 3750 11111)Ῑίθῆ
773 3679 835 3747 1)ετ
857 3653 1004 3723 ln⁸ldl⁸⁸
1020 3654 1065 3722 ab
1079 3645 1225 3720 lmine
1378 3679 1528 3755 lustitult,
1556 3683 1609 3760 qni
1624 3683 1667 3740 slo
1683 3679 1789 3740 studiis
1804 3680 1938 3739 imbutus
1954 3679 2099 3757 honestis,

236 3774 367 3863 ignavo
402 3762 623 3834 interficitur.
688 3757 851 3848 Denique
884 3752 1051 3824 Aeaudae
1083 3751 1224 3868 caeteri,
1376 3778 1471 3843 Nm,
1485 3783 1521 3839 ,b
1536 3782 1669 3862 insipido
1684 3781 1807 3842 domu„
1820 3799 1970 3841 mm„
1982 3784 2087 3861 vulgo,

236 3870 346 3952 Alista
370 3861 548 3963 pyrrhon,
571 3873 666 3952 1)οῧὶῐ
669 3881 747 3928 ⁰¹⁰⁰
766 3852 968 3927 minander
988 3853 1102 3923 511111ῑό
1117 3865 1152 3922 ‘l
1167 3874 1224 3918 ¹¹¹·
1376 3878 1501 3964 Iamque
1516 3881 1569 3942 diu
1583 3895 1699 3960 mutes,
1723 3885 1885 3965 solitusque
1899 3885 1986 3942 silere
1999 3879 2166 3944 Csmoenes

237 3976 344 4063 digna
369 3981 482 4039 morte
505 3963 697 4055 perierunt.
757 3957 854 4047 Quid
880 3956 994 4026 dicam
1017 3953 1223 4070 samsonem
1377 3979 1518 4058 Excitet,
1544 3984 1725 4046 astruerem
1744 3985 1834 4062 ἀίξῃ.
1851 3984 1986 4045 mercede
2002 3985 2148 4046 mom

238 4075 376 4166 ipsum,
407 4083 444 4139 et
474 4067 562 4135 alios
586 4063 736 4145 multos,
768 4081 922 4152 quorum
952 4056 1064 4126 esitus
1083 4055 1225 4142 indagas
1700 4077 1794 4148 Dixi·

238 4187 335 4247 tauta
351 4173 481 4242 virtute
493 4170 651 4238 luerunt.
705 4159 826 4250 Quare
844 4171 987 4250 propter
1001 4179 1112 4247 genus
1127 4177 1225 4223 mor-

238 4277 302 4361 tis,
330 4269 423 4362 nihil
437 4274 481 4340 de
503 4267 609 4337 la'ude
624 4264 766 4334 virtutis
779 4259 951 4330 Friderici
968 4253 1225 4328 detrahendum

239 4378 316 4448 erit.
370 4373 439 4444 Sed
456 4369 501 4440 sit
515 4369 551 4436 id
569 4389 709 4459 quoque
725 4361 944 4453 exemplum,
971 4361 1065 4453 quod
1083 4356 1225 4427 uosad-
2142 4427 2149 4442 ι

237 4489 380 4549 moueat
398 4469 572 4543 humanae
589 4467 767 4548 miseriae,
791 4465 886 4555 quod
902 4457 1037 4530 heroici
1051 4472 1088 4529 ct
1106 4457 1226 4528 touis-
1284 4413 1455 4541 Q
1878 4419 1944 4504 iffi·
1962 4423 2057 4488 ¹⁵3⁰·
2071 4435 2106 4484 ¹¹²
2120 4421 2277 4504 radetur.)

237 4581 321 4650 simi
342 4576 429 4660 viri,
457 4595 560 4661 saepe
588 4569 726 4636 levibus
750 4563 940 4633 momentis
962 4559 1138 4652 oppressi,
1168 4558 1226 4626 iu·
1591 4625 1600 4644 ι
1646 4627 1656 4646 ⁹
1945 4591 1948 4597 .
2036 4599 2043 4616 ‚
2093 4621 2096 4630 ι

239 4681 346 4769 digus
361 4687 474 4745 morte
494 4681 652 4763 pereunt.
696 4667 760 4736 llla
778 4688 861 4733 vero
876 4661 1060 4733 foelicitati
1072 4660 1148 4730 eius
1160 4657 1226 4728 tri·
1452 4623 1528 4708 De
1544 4621 1632 4734 Slg
1637 4621 1846 4718 remeando
1865 4621 2089 4736 Imperat.

104 4795 110 4806 .
239 4785 408 4862 huamus,
436 4773 529 4868 quod
552 4793 626 4840 nou
642 4783 723 4840 ante
741 4767 915 4835 extinctus
936 4777 1006 4847 est,
1031 4786 1136 4855 quam
1154 4761 1225 4830 fra·
1346 4781 1428 4850 Apud
1443 4779 1557 4838 curan.
1577 4780 1650 4849 Myt.
1668 4797 1696 4850 Ρ,
1707 4780 1760 4836 335
1771 4798 1846 4853 sqq..
1864 4779 1893 4836 ἰ,
1904 4780 2029 4838 Dm·
2047 4782 2083 4837 Τ.
2096 4779 2131 4838 n·
2147 4796 2175 4853 p.
2191 4781 2280 4853 Μ’

240 4897 316 4954 ctus
345 4891 434 4950 esset
460 4873 667 4955 Saladiuus,
699 4883 733 4940 et
761 4865 845 4936 Asia
878 4865 1026 4936 liberata
1057 4861 1227 4954 periculo.
1380 4850 1409 4906 ⁵¹¹
1421 4851 1543 4910 serven.
1553 4849 1588 4908 Τ·
1600 4851 1636 4906 ¹¹·
1650 4849 1746 4922 t·⁵¹⁵·
1762 4860 1790 4904 ²¹
1804 4851 1875 4922 ⁸9⁰⁶
1890 4849 2020 4906 nichae.
2032 4847 2066 4906 Τ·
2079 4849 2114 4906 ¹¹·
2131 4866 2157 4920 Ρ·
2172 4849 2238 4908 827.

238 4981 348 5055 Domi
371 4981 475 5050 ctiam
489 4971 646 5065 Respub.
664 4967 854 5061 tranquilla
875 4967 961 5050 luit,
985 4965 1228 5054 designaverat

240 5086 336 5154 enirn
359 5099 591 5151 successorem
611 5071 743 5155 lilium,
771 5090 815 5137 ue
839 5068 927 5161 quid
946 5065 1069 5136 electio
1094 5063 1228 5136 tumul-

239 5199 317 5258 tum
342 5193 478 5274 pareret
502 5179 578 5269 ipso
608 5173 745 5244 anrisso.
808 5167 930 5260 ltaque
953 5189 1033 5237 cum
1060 5164 1229 5236 fueritin

136 5349 140 5365 ,
240 5284 420 5357 Fridcrico
436 5281 609 5350 fortitudo
629 5289 663 5344 et
677 5272 824 5342 scientia
844 5270 896 5339 rei
911 5267 1075 5338 militaris
1090 5265 1228 5344 eximia,
1279 5253 1364 5334 Etsi
1379 5261 1485 5330 laudo
1503 5259 1661 5330 studium
1679 5285 1822 5347 eorum,
1846 5261 1909 5356 qui
1924 5255 1994 5332 huc
2008 5275 2147 5332 veteres
2156 5275 2193 5332 ct
2209 5286 2281 5352 pe-

240 5401 275 5458 et
289 5405 492 5480 quanquam
508 5381 582 5471 ipse
597 5373 705 5448 variis
721 5374 870 5444 iactatus
880 5382 934 5440 est
947 5369 1095 5455 casibus,
1112 5381 1230 5440 tamen
1280 5362 1438 5453 regrinas
1453 5355 1620 5434 historias
1635 5361 1802 5450 afferunt,
1827 5387 1909 5434 nam
1924 5363 2008 5450 illac
2022 5363 2127 5434 etiarn
2143 5382 2212 5434 nos
2226 5366 2281 5436 de

1278 5003 2178 5107 DeSipismesndo'lmpcrntorcdeclamatio,
2205 5031 2280 5082 rc·

1278 5115 1399 5184 citato
1422 5135 1446 5183 o
1469 5109 1678 5183 Iohanne
1700 5107 1960 5206 Ocllsefcn,
1985 5109 2281 5209 Norilerpenss'.
