4614 5820
86 271 168 346 eos
230 245 232 250 ’
521 263 681 348 naon
713 263 788 342 nn
819 257 1272 344 couruucrroua
1304 257 1686 386 senontnun.
2038 281 2115 356 e1o

82 440 175 532 legis
202 434 462 533 Prophetarum
496 451 530 510 et
557 433 826 531 Apostolorum,
868 462 959 532 quos
983 438 1079 512 Deus
1128 435 1188 504 dia
1203 435 1345 506 virtutis
1360 448 1395 508 et
1417 436 1598 510 doetrinae
1620 439 1733 512 lucem
1756 441 1794 514 in
1818 439 1885 520 hac
1896 445 2014 522 schola
2029 479 2113 528 rur·

84 539 268 612 Ecclesiae
282 541 447 620 tradidit,
472 553 691 630 utperpetuo
707 541 915 612 eiusaocem
930 541 1078 610 audiret.
1118 557 1188 608 sus
1210 537 1379 608 accendit.
1438 534 1600 631 Denique
1623 543 1703 634 quia
1726 547 1933 635 promiserat
1955 551 2051 626 Deus
2073 579 2110 628 gg

82 641 193 712 Nunc
210 642 318 732 igitur
333 643 376 712 ad
400 641 454 724 id,
476 643 582 734 ⁸quod
599 641 755 719 institui,
788 643 927 714 accedo.
986 638 1077 710 Cum
1128 632 1212 707 huic
1235 638 1351 708 coetui
1373 639 1578 708 adfuturum
1603 664 1693 728 esse,
1726 667 1863 738 semper
1885 654 1995 746 aliqui
2011 673 2111 730 erant

80 740 186 814 Deus
210 744 248 810 in
269 739 427 812 Ecclesia
452 761 589 832 semper
609 753 725 810 extare
742 741 872 812 librum
895 736 1078 833 propheti-
1127 738 1178 828 pii
1195 750 1229 808 et
1238 739 1407 808 salutares
1420 741 1597 826 doctores,
1622 743 1818 833 quillorem
1834 755 2111 842 populiemdie,

80 867 165 912 cum
184 855 218 912 et
234 841 466 935 apostolicum
482 841 584 926 velit,
617 855 649 911 et
664 835 731 910 hoc
745 843 875 931 scripto
888 843 960 930 regi
978 863 1077 912 men·
1125 838 1223 912 hant.
1280 837 1400 932 Atque
1422 834 1488 909 hac
1511 841 1549 910 in
1573 866 1611 910 re
1632 845 1738 932 digua
1759 863 1810 919 cst
1832 854 2111 932 consideratione

80 957 136 1012 tes
162 957 319 1027 nostras,
358 956 392 1013 et
417 942 559 1012 accendi
584 941 750 1012 noticiam
778 942 905 1032 ipsius,
939 965 1077 1033 semper
1125 937 1296 1008 successio
1327 961 1534 1029 magnorum
1564 943 1733 1016 virorum.
1794 947 1887 1024 Pane
1910 969 1949 1026 ut
1975 959 2110 1034 inscie

79 1065 226 1116 necesse
240 1057 293 1114 est
307 1038 444 1114 scholas
457 1042 595 1114 additas
610 1065 683 1112 esse
695 1039 882 1126 Ecclesiis,
907 1067 996 1135 quac
1010 1046 1075 1112 do-
1124 1040 1279 1110 succedit
1297 1038 1399 1108 miles
1413 1041 1593 1130 proximus
1614 1043 1651 1112 in
1669 1046 1799 1134 prioris
1813 1051 1987 1128 interlecti
2004 1065 2111 1133 vesti-

80 1158 189 1214 ceaut
210 1144 345 1225 literas,
378 1157 411 1212 et
433 1165 631 1212 sermonem
659 1143 823 1212 divinum
845 1157 1008 1214 enarrent
1035 1167 1075 1212 ac
1125 1141 1242 1228 glum:
1274 1140 1322 1212 ita
1354 1141 1392 1208 in
1424 1135 1489 1210 hac
1513 1137 1631 1214 schola
1660 1168 1733 1214 non
1755 1151 1869 1222 solum
1893 1161 2111 1251 pontificum,

79 1244 372 1336 interpretentur.
432 1239 510 1312 Etsi
527 1245 570 1312 de
588 1267 626 1310 re
644 1243 790 1312 minime
812 1245 920 1314 dubia
936 1245 1075 1338 loquor,
1125 1241 1184 1310 sed
1214 1241 1318 1310 etiam
1353 1237 1609 1331 Prophetarum
1643 1250 1813 1319 succcessio
1840 1258 2006 1330 continua
2030 1261 2109 1338 luit.

77 1357 204 1414 tamen
229 1369 309 1414 cum
329 1344 367 1412 in
388 1357 485 1414 tanto
509 1355 711 1437 contemptu
736 1344 807 1414 sint
826 1345 966 1430 literae,
991 1367 1075 1435 pro-
1125 1337 1209 1408 Post
1232 1339 1429 1410 Samuelem
1451 1343 1573 1413 flomait
1594 1341 1754 1428 Nathan,
1781 1354 1909 1423 deinde
1924 1353 2035 1432 Abies
2051 1363 2110 1436 Si.

79 1439 668 1516 lixiushacderedicendumest.
720 1443 943 1534 Acprimum
962 1440 1073 1516 histo·
1125 1440 1252 1508 lonites
1278 1443 1343 1510 sub
1365 1439 1574 1522 Salomone,
1609 1459 1642 1516 ct
1667 1445 1863 1529 lcroboam.
1921 1455 2029 1532 Hunc
2053 1487 2110 1536 se.

23 1534 27 1543 ’
78 1545 136 1616 ria
159 1546 324 1616 omnium
346 1556 499 1616 aetatum
524 1557 560 1614 et
583 1545 689 1612 series
713 1545 874 1616 omnium
897 1542 1075 1616 Ecclesiae
1124 1539 1803 1638 quntusestHananiasAsaetempore.
1856 1552 1996 1630 Deinde
2016 1568 2110 1636 exci-

79 1659 289 1737 temporum
316 1646 567 1722 consideretur.
628 1642 671 1713 In
694 1645 816 1734 politia
837 1645 956 1738 Moysi
978 1645 1073 1716 scitis
1124 1653 1217 1710 tatus
1231 1654 1281 1710 est
1296 1637 1410 1726 Elias,
1437 1644 1498 1734 qui
1512 1667 1591 1714 cum
1608 1647 1669 1716 diu
1686 1671 1742 1718 res
1754 1655 1923 1726 maximas
1939 1664 2109 1755 gessisset,
2152 1717 2155 1724 .

78 1748 126 1816 ad
152 1747 440 1832 tabernaculum,
471 1758 512 1816 ut
534 1745 745 1828 vocabatur,
770 1747 894 1816 classes
911 1747 1073 1816 sacerdo·
1124 1755 1311 1834 antequam
1325 1739 1427 1812 aDeo
1445 1744 1481 1812 in
1497 1745 1635 1816 coelum
1650 1763 1768 1820 vectus
1782 1768 1850 1840 est,
1876 1781 2108 1836 successorem

81 1859 160 1916 lum
182 1861 217 1920 et
237 1847 441 1917 Levitarnm
468 1847 674 1916 constitutas
699 1847 824 1925 luisse,
859 1870 932 1914 non
958 1848 1071 1918 solnm
1124 1838 1281 1912 Eliseum
1305 1845 1443 1932 delegit.
1501 1844 1569 1914 Hic
1593 1871 1705 1918 annos
1729 1852 1866 1926 circiter
1891 1866 2109 1954 septuaginta

77 1960 120 2016 ut
154 1945 208 2014 ibi
232 1959 423 2018 mactarent
446 1949 615 2034 ‹pectides,
646 1946 706 2014 sed
731 1947 845 2016 multo
872 1947 999 2036 magis,
1033 1961 1074 2018 ut
1123 1944 1337 2014 nouaclum
1365 1945 1510 2015 consilia
1545 1950 1730 2041 praecipua
1764 1958 1861 2045 regni
1887 1963 2110 2054 gubernarit,

80 2049 197 2135 legem
217 2049 349 2138 populo
372 2059 593 2129 enarrarent,
619 2047 873 2135 responderent
890 2048 1071 2135 ambigen—
1123 2043 1303 2112 sedetiam
1327 2039 1548 2116 scholasticas
1570 2071 1693 2139 operas
1713 2056 1899 2143 sustinuit,
1926 2085 2004 2134 cum
2026 2090 2107 2140 eum

78 2149 182 2218 tilnss
205 2149 352 2228 animis,
382 2147 618 2218 diiudicarent
642 2149 842 2234 dogmatum
867 2161 1073 2216 controver-
1123 2165 1247 2232 magna
1264 2144 1456 2236 frequentia
1473 2161 1506 2218 et
1516 2148 1718 2220 assiduitate
1734 2155 1986 2246 discipulorum
1997 2171 2109 2256 agmi-

77 2250 171 2318 sias:
199 2261 240 2318 ut
258 2249 351 2318 clare
367 2261 512 2318 testatur
528 2260 631 2336 caput
649 2246 707 2318 17.
732 2245 1074 2331 inDeuterunomio,
1122 2267 1167 2312 na
1184 2244 1312 2335 passim
1336 2259 1562 2318 sectarentur.
1616 2247 1715 2322 Vidit
1737 2249 1831 2328 branc
1851 2284 1968 2334 senem
1986 2270 2108 2340 adole-

82 2351 183 2440 quod
216 2348 311 2420 iubet
340 2349 468 2418 deferri
505 2347 760 2416 controversias
785 2350 829 2416 nd
865 2352 1073 2432 sacerdotes,
1123 2343 1382 2428 scenslesaias,
1406 2345 1747 2436 lesaiamlercmias,
1773 2354 1953 2434 Ieremiam
1966 2363 2108 2454 Daniel,

81 2447 283 2528 Leviticae,
309 2463 343 2518 et
355 2451 398 2518 ad
414 2449 529 2520 locum
546 2448 783 2529 tabernaculi,
809 2461 843 2518 et
853 2449 1002 2518 iudicari
1018 2473 1073 2518 res
1122 2442 1306 2514 Danielem
1327 2441 1533 2531 Zacharias,
1564 2445 1771 2521 Zachariam
1785 2452 1917 2531 Esdras
1936 2479 1969 2535 et
1991 2465 2108 2542 Nehe-

81 2573 157 2618 non
177 2574 217 2618 ex
235 2549 601 2639 arbitriispotentum,
626 2550 685 2618 sed
704 2548 979 2636 exlegedivina.
1020 2548 1072 2626 Ne
1122 2545 1230 2626 miae,
1263 2539 1467 2616 Nehemiam
1493 2543 1626 2632 Ouiae,
1660 2553 1852 2627 celebratus
1874 2562 1909 2631 in
1932 2560 2109 2640 Ecclesia-

80 2649 193 2738 igitur
228 2649 422 2719 existimate
455 2649 514 2716 illa
541 2651 759 2718 sacerdotum
791 2649 931 2736 agmina
965 2648 1072 2717 fuisse
1123 2646 1221 2718 stico.
1272 2641 1468 2736 Aliquanto
1483 2661 1562 2738 post
1577 2666 1693 2720 secuta
1710 2668 1791 2724 sum
1808 2656 2108 2740 Machabaeorurn

79 2751 213 2832 otiosa,
251 2764 312 2820 aut
337 2763 476 2822 tantum
502 2749 679 2818 sacrificiis
711 2765 887 2839 occupata.
954 2747 1073 2818 Maior
1122 2746 1234 2824 bella,
1262 2769 1332 2836 quo
1346 2757 1502 2838 tempore
1516 2752 1711 2822 sacerdotes
1726 2755 1785 2822 diu
1801 2757 1871 2828 iam
1887 2760 2108 2842 ethnicorum

80 2851 234 2920 omnino
250 2873 352 2935 cetra,
377 2851 491 2920 maior
517 2850 566 2918 eis
588 2849 699 2918 moles
715 2849 877 2938 imposita
896 2863 991 2935 erat,
1017 2848 1071 2916 vi·
1122 2868 1220 2914 more
1244 2859 1462 2917 cenaverunt
1480 2851 1674 2920 ambitione
1690 2855 1734 2922 de
1750 2858 1968 2953 principatu,
1994 2884 2028 2939 et
2043 2876 2109 2942 do-

80 2952 212 3021 delicet
235 2966 274 3022 ut
297 2965 411 3021 essent
433 2948 614 3021 doctrinae
636 2951 814 3032 custodes,
839 2963 944 3042 atque
961 2950 1072 3018 inter.
1121 2945 1270 3015 ctrinam
1284 2969 1324 3014 ac
1342 2946 1563 3038 disciplinam
1579 2951 1995 3046 flagitiosenegtexerant,
2035 2955 2108 3043 s‘ed

81 3065 219 3141 pretes,
243 3065 277 3120 et
294 3051 577 3140 gravissimarum
594 3049 911 3120 controversiarum
928 3049 1072 3134 iudices,
1122 3059 1262 3142 exortus
1285 3059 1334 3116 est
1355 3060 1472 3116 tamen
1492 3045 1683 3142 Matathias
1704 3063 1882 3141 sacerdos,
1915 3066 2000 3155 legis
2014 3073 2108 3142 divi-

79 3176 119 3220 ac
137 3153 438 3242 complectebatur
455 3173 577 3234 corum
604 3149 771 3238 professio
794 3151 932 3233 literas,
959 3151 1071 3238 legem
1122 3169 1188 3214 nae
1212 3161 1372 3216 assertor.
1427 3144 1476 3219 Et
1501 3143 1583 3220 huic
1605 3175 1642 3222 se
1660 3156 1762 3226 multi
1789 3161 1838 3246 pii
1859 3165 2107 3249 adiunxerant,

80 3253 263 3332 divinam,
295 3241 480 3334 historias,
507 3249 768 3320 distinctionem
791 3263 1009 3339 temporum,
1036 3262 1072 3320 et
1121 3242 1316 3338 Aliquanto
1331 3261 1409 3337 post
1424 3249 1569 3319 scierunt
1582 3250 1726 3324 Simeon
1742 3257 1992 3354 etZacharias,
2017 3299 2109 3365 quo.

79 3352 170 3420 anni
201 3352 374 3422 rationem
406 3349 605 3436 constitutis
630 3350 733 3422 metis
758 3373 799 3420 ex
825 3350 1070 3421 observatione
1121 3365 1200 3416 rum
1225 3348 1357 3416 mentio
1378 3347 1416 3416 lit
1441 3347 1477 3416 in
1500 3347 1607 3422 Luca.
1665 3355 1802 3426 Deinde
1826 3359 2002 3455 Baptista,
2029 3389 2108 3462 post

81 3466 245 3521 mutuum
277 3451 497 3532 coelestium,
538 3464 684 3522 naturae
710 3450 996 3542 inquisitionem,
1037 3463 1072 3521 et
1121 3471 1225 3540 quem
1250 3447 1373 3516 docere
1395 3443 1557 3519 Christus
1585 3456 1717 3544 coepit,
1750 3459 1811 3550 qui
1835 3459 1989 3536 scholam
2008 3469 2107 3563 Apo.

80 3567 195 3624 artem
215 3552 405 3635 medicam,
428 3549 824 3644 deniqueetmusicam.
875 3547 961 3620 Erat
977 3551 1071 3620 inter
1121 3548 1291 3616 stolorum
1316 3541 1441 3616 habuit
1464 3550 1653 3622 assiduam.
1712 3554 1886 3630 Recensui
1905 3567 1999 3657 longi
2016 3569 2107 3642 tein-

82 3653 271 3744 praecipua
296 3673 459 3735 munera,
491 3663 527 3720 ct
554 3672 609 3720 res
631 3663 743 3740 gestas
764 3651 802 3718 in
833 3652 966 3742 populo
989 3648 1070 3736 Dei,
1112 3647 1216 3738 'poris
1231 3647 1376 3734 seriem,
1402 3647 1438 3716 in
1456 3673 1524 3742 qua
1539 3674 1610 3720 nnn
1626 3655 1739 3724 soleam
1758 3657 1909 3733 iucunda
1926 3683 2106 3744 estreeor.

81 3755 179 3824 bona
194 3753 263 3822 lide
278 3752 315 3822 in
331 3751 472 3843 publica
487 3751 873 3836 monumentarelcrre,
894 3765 934 3824 ut
947 3751 985 3820 in
998 3748 1069 3820 Ec·
1120 3747 1216 3818 datio
1241 3761 1294 3818 tot
1319 3747 1561 3819 excellentium
1589 3753 1764 3842 virorum,
1802 3766 1860 3830 scd
1898 3769 2002 3840 etiam
2035 3775 2106 3845 atta

81 3853 187 3924 clesia
219 3867 349 3923 extaret
379 3852 547 3922 continua
580 3852 686 3922 series
711 3848 888 3922 historiae.
946 3849 1070 3922 Voluit
1120 3849 1232 3918 multa
1260 3848 1431 3918 delectare
1462 3853 1536 3942 pias
1559 3869 1692 3924 mentes
1719 3878 1876 3948 possunt,
1936 3867 2105 3944 Videam„

81 3956 178 4024 enim
201 3949 297 4023 Dens
318 3953 465 4045 posteris
489 3961 832 4044 retroacta'tempora
852 3953 1069 4022 ornnianota
1119 3945 1196 4018 Deo
1211 3973 1314 4018 curae
1326 3973 1398 4019 esse
1413 3947 1604 4022 Ecclesiam
1619 3979 1734 4044 suam,
1756 3963 1836 4050 quia
1854 3967 2004 4040 subinde
2019 3977 2105 4045 tales
2117 3990 2127 4037 ·.

82 4078 178 4138 esse,
203 4067 243 4124 ut
259 4054 438 4124 doctrinae
451 4053 651 4122 testimonia
665 4067 757 4124 certa
773 4048 955 4129 haberent.
993 4051 1070 4122 No·
1120 4049 1153 4118 ei
1173 4051 1423 4140 gubernatores
1445 4054 1598 4134 addidit,
1626 4069 1661 4126 et
1683 4063 1873 4132 manifestis
1892 4072 2103 4144 testimoniis

83 4155 148 4225 luit
173 4155 265 4226 enim
281 4153 378 4224 Dens
394 4153 510 4242 vagari
526 4153 664 4222 animos
686 4167 841 4238 nostros,
869 4155 1069 4244 ignorantes
1119 4150 1308 4224 declaravit
1333 4173 1370 4218 se
1394 4152 1522 4220 adesse.
1574 4153 1745 4258 Videmus
1762 4177 1795 4235 et
1810 4165 1988 4240 doctrinae
2002 4191 2103 4246 arato.

82 4255 209 4326 mundi
244 4255 407 4338 initium,
440 4253 620 4342 religionis
652 4255 814 4337 exordia,
845 4254 1069 4345 propagatio·
1118 4250 1257 4320 ritatem
1273 4250 1481 4320 coelestibus
1497 4255 1597 4323 factis
1613 4258 1851 4332 confirmatam
1869 4289 1952 4340 esso.
2006 4273 2104 4346 Haec

84 4379 189 4439 nem,
210 4355 476 4446 depravationes
500 4367 535 4424 et
557 4355 804 4424 restitutiones.
856 4351 1069 4424 ldeobisto-
1119 4349 1340 4420 considerare
1361 4351 1554 4443 plurimum
1581 4355 1688 4430 iuvat.
1739 4362 2102 4461 Acsummiilliviri,

83 4457 172 4526 riam
191 4456 351 4526 omnium
368 4469 566 4546 temporum
583 4454 724 4522 brevem
747 4455 910 4547 quidem,
936 4453 996 4524 sed
1013 4477 1067 4522 res
1119 4475 1208 4544 quos
1223 4452 1402 4540 recensui,
1428 4477 1499 4520 non
1516 4467 1653 4524 tantum
1670 4459 1707 4526 in
1729 4463 1824 4532 curia
1842 4467 2003 4542 dicebant
2021 4500 2103 4547 sen.
2195 4539 2198 4546 ,

84 4579 237 4626 summas
252 4557 486 4648 complexam,
505 4576 643 4646 semper
656 4555 692 4622 in
704 4551 858 4624 Ecclesia
873 4569 989 4626 extare
1003 4579 1068 4624 vo-
1120 4551 1264 4636 tentiae,
1295 4557 1353 4622 sed
1382 4554 1540 4648 plerique.
1564 4558 1721 4628 assiduos
1755 4580 1873 4662 ccietsrs
1900 4576 2102 4648 auditorum

21 4665 30 4678 “
84 4657 151 4730 luit
177 4670 210 4727 et
233 4656 465 4734 consecravit.
523 4652 622 4742 Quid
644 4655 752 4744 igitur
767 4655 836 4726 fuit
855 4656 943 4726 illud
962 4651 1068 4724 colle·
1120 4649 1317 4738 habebant,
1342 4655 1471 4745 quibus
1487 4661 1697 4728 enarrabant
1712 4662 1821 4752 legem
1848 4682 1881 4738 et
1896 4679 2101 4760 promissio.

84 4758 178 4846 gium
197 4757 312 4842 aliud,
336 4756 406 4826 nisi
421 4750 541 4824 scbola
556 4778 616 4825 seu
630 4751 820 4825 Academia
835 4756 966 4844 optime
982 4778 1066 4824 con·
1118 4776 1181 4822 nes
1197 4753 1352 4822 divinas:
1379 4753 1415 4822 id
1433 4749 1653 4847 quodEliae,
1675 4756 1805 4846 Elisei,
1828 4766 2101 4870 loannisBapsi.

86 4857 229 4928 stituta?
268 4881 357 4950 quae
382 4856 524 4950 quidem
544 4878 656 4949 usque
683 4856 727 4924 ad
749 4850 931 4928 Christum
955 4877 1068 4926 annos
1118 4867 1191 4926 stae
1224 4866 1256 4922 et
1284 4849 1416 4924 Christi
1447 4851 1613 4928 historiae
1644 4863 1759 4951 palam
1787 4874 1989 4946 ostendunt.
2030 4877 2101 4953 .Et
2199 4953 2204 4963 Ι

85 4957 222 5030 circiter
244 4957 343 5028 mille
365 4957 575 5050 quingentos
597 4955 778 5027 doctrinae
798 4955 940 5026 divinae
956 4957 1067 5026 inter-
1118 4951 1248 5024 Ebraei
1270 4955 1456 5026 adfirmant
1478 4955 1613 5052 Moysis
1635 4961 1855 5054 institutum,
1880 4974 1941 5064 qui
1959 4991 2100 5068 septua-

86 5081 162 5148 pres
187 5071 222 5128 et
246 5073 362 5128 custos
382 5058 462 5132 tuis.
514 5053 728 5150 Quanquam
743 5057 836 5146 enim
855 5079 956 5148 saepe
972 5056 1066 5126 Pon·
1118 5055 1214 5144 ginta
1229 5054 1383 5124 seniores
1407 5055 1507 5146 legit,
1531 5073 1571 5130 ut
1596 5062 1761 5136 scribitur
1775 5067 1813 5136 in
1829 5073 1939 5161 capite
1954 5081 2107 5152 undeet.x

88 5159 193 5228 tilitas
211 5170 439 5230 exercuerunt
460 5157 702 5251 tyrannidem,
742 5171 776 5231 et
801 5179 946 5246 magnae
968 5171 1066 5226 tene-
1119 5180 1177 5229 mo
1198 5153 1451 5240 Numerorum,
1484 5162 1653 5230 mansisse
1682 5165 1725 5234 ad
1754 5193 1894 5240 omnem
1916 5183 2100 5263 posterita-

88 5259 168 5328 brae
191 5261 374 5332 doctrinae
396 5271 538 5350 propter
559 5258 735 5348 ignaviam
756 5261 974 5329 sacerdotum
991 5259 1065 5328 sue-
1118 5269 1207 5340 tem,
1232 5256 1340 5349 idque
1355 5258 1600 5330 deindeluisse
1618 5263 1801 5356 collegium
1817 5273 2099 5354 doctissimorum

90 5373 187 5430 runt:
214 5373 332 5434 minen
348 5359 499 5430 subinde
513 5355 609 5428 Deus
623 5359 779 5434 excitatis
792 5356 979 5452 Prophetis
993 5371 1067 5430 stu·
1120 5352 1323 5444 hominum,
1357 5359 1460 5452 ,quod
1495 5362 1723 5437 nominarunt
1748 5365 1969 5464 Sanbedrin‚
2004 5390 2100 5476 quod

139 5466 314 5536 blsaarru.
333 5467 436 5532 Orsa.
464 5463 545 5528 voc.
563 5463 628 5534 xl.
1011 5525 1014 5530 ,
1421 5457 1471 5530 59
