<?xml version="1.0" encoding="UTF-8"?>
<!DOCTYPE html PUBLIC "-//W3C//DTD XHTML 1.0 Transitional//EN"
    "http://www.w3.org/TR/xhtml1/DTD/xhtml1-transitional.dtd">
<html xmlns="http://www.w3.org/1999/xhtml" xml:lang="en" lang="en">
 <head>
  <title>
</title>
<meta http-equiv="Content-Type" content="text/html;charset=utf-8" />
  <meta name='ocr-system' content='tesseract 3.04.00' />
  <meta name='ocr-capabilities' content='ocr_page ocr_carea ocr_par ocr_line ocrx_word'/>
</head>
<body>
  <div class='ocr_page' id='page_1' title='image "./corpusreformato23melagoog/corpusreformato23melagoog_0345.png"; bbox 0 0 4614 5820; ppageno 0'>
   <div class='ocr_carea' id='block_1_1' title="bbox 221 231 2245 328">
    <p class='ocr_par' dir='ltr' id='par_1_1' title="bbox 221 231 2245 328">
     <span class='ocr_line' id='line_1_1' title="bbox 221 231 2245 328; baseline 0.005 -11"><span class='ocrx_word' id='word_1_1' title='bbox 221 243 297 318; x_wconf 85' lang='grc'><strong>667</strong></span> <span class='ocrx_word' id='word_1_2' title='bbox 808 236 970 316; x_wconf 82' lang='lat' dir='ltr'><strong>DECL.</strong></span> <span class='ocrx_word' id='word_1_3' title='bbox 1001 231 1078 316; x_wconf 88' lang='lat' dir='ltr'><strong>DE</strong></span> <span class='ocrx_word' id='word_1_4' title='bbox 1109 238 1209 318; x_wconf 90' lang='lat' dir='ltr'><strong>DEl</strong></span> <span class='ocrx_word' id='word_1_5' title='bbox 1243 243 1672 326; x_wconf 77' lang='lat' dir='ltr'><strong>lNVOCATlONE.</strong></span> <span class='ocrx_word' id='word_1_6' title='bbox 2177 255 2245 328; x_wconf 85' lang='grc'><strong>666</strong></span> 
     </span>
    </p>
   </div>
   <div class='ocr_carea' id='block_1_2' title="bbox 223 401 2252 913">
    <p class='ocr_par' dir='ltr' id='par_1_2' title="bbox 223 401 2252 913">
     <span class='ocr_line' id='line_1_2' title="bbox 223 401 2249 508; baseline 0.005 -23"><span class='ocrx_word' id='word_1_7' title='bbox 223 411 428 496; x_wconf 70' lang='lat' dir='ltr'><strong>missiones,</strong></span> <span class='ocrx_word' id='word_1_8' title='bbox 447 405 629 481; x_wconf 81' lang='lat' dir='ltr'><strong>etlilium</strong></span> <span class='ocrx_word' id='word_1_9' title='bbox 642 401 768 502; x_wconf 74' lang='grc'><strong>161661</strong></span> <span class='ocrx_word' id='word_1_10' title='bbox 777 409 973 485; x_wconf 85' lang='lat' dir='ltr'><strong>constitnit.</strong></span> <span class='ocrx_word' id='word_1_11' title='bbox 1024 405 1073 484; x_wconf 84' lang='lat' dir='ltr'><strong>Et</strong></span> <span class='ocrx_word' id='word_1_12' title='bbox 1094 425 1214 483; x_wconf 92' lang='lat' dir='ltr'><strong>osten-</strong></span> <span class='ocrx_word' id='word_1_13' title='bbox 1267 417 1390 508; x_wconf 88' lang='lat' dir='ltr'><strong>pulsus</strong></span> <span class='ocrx_word' id='word_1_14' title='bbox 1414 416 1550 508; x_wconf 78' lang='lat' dir='ltr'>ingenti</span> <span class='ocrx_word' id='word_1_15' title='bbox 1570 420 1687 490; x_wconf 88' lang='lat' dir='ltr'><strong>cordis</strong></span> <span class='ocrx_word' id='word_1_16' title='bbox 1708 433 1807 492; x_wconf 92' lang='lat' dir='ltr'><strong>motu</strong></span> <span class='ocrx_word' id='word_1_17' title='bbox 1829 437 1863 496; x_wconf 94' lang='lat' dir='ltr'><strong>et</strong></span> <span class='ocrx_word' id='word_1_18' title='bbox 1884 423 2087 499; x_wconf 87' lang='lat' dir='ltr'><strong>certamine.</strong></span> <span class='ocrx_word' id='word_1_19' title='bbox 2138 421 2249 496; x_wconf 89' lang='lat' dir='ltr'><strong>Huius</strong></span> 
     </span>
     <span class='ocr_line' id='line_1_3' title="bbox 223 510 2249 618; baseline 0.003 -31"><span class='ocrx_word' id='word_1_20' title='bbox 223 513 399 588; x_wconf 78' lang='grc'><strong>1111661616</strong></span> <span class='ocrx_word' id='word_1_21' title='bbox 412 510 611 584; x_wconf 86' lang='lat' dir='ltr'><strong>tristissima</strong></span> <span class='ocrx_word' id='word_1_22' title='bbox 630 510 790 602; x_wconf 84' lang='lat' dir='ltr'><strong>exempla</strong></span> <span class='ocrx_word' id='word_1_23' title='bbox 809 511 882 580; x_wconf 88' lang='lat' dir='ltr'><strong>irae</strong></span> <span class='ocrx_word' id='word_1_24' title='bbox 901 534 1002 598; x_wconf 89' lang='lat' dir='ltr'><strong>suae,</strong></span> <span class='ocrx_word' id='word_1_25' title='bbox 1029 535 1118 605; x_wconf 88' lang='lat' dir='ltr'><strong>quae</strong></span> <span class='ocrx_word' id='word_1_26' title='bbox 1137 515 1219 584; x_wconf 85' lang='lat' dir='ltr'><strong>vult</strong></span> <span class='ocrx_word' id='word_1_27' title='bbox 1267 517 1440 606; x_wconf 86' lang='lat' dir='ltr'><strong>gemitus,</strong></span> <span class='ocrx_word' id='word_1_28' title='bbox 1478 515 1696 615; x_wconf 77' lang='lat' dir='ltr'><strong>lachrymas,</strong></span> <span class='ocrx_word' id='word_1_29' title='bbox 1737 547 1918 610; x_wconf 89' lang='lat' dir='ltr'><strong>cruorem,</strong></span> <span class='ocrx_word' id='word_1_30' title='bbox 1950 548 2024 594; x_wconf 91' lang='lat' dir='ltr'><strong>non</strong></span> <span class='ocrx_word' id='word_1_31' title='bbox 2046 539 2249 618; x_wconf 83' lang='lat' dir='ltr'><strong>aspernatur</strong></span> 
     </span>
     <span class='ocr_line' id='line_1_4' title="bbox 229 611 2250 723; baseline 0.002 -35"><span class='ocrx_word' id='word_1_32' title='bbox 229 611 583 688; x_wconf 82' lang='lat' dir='ltr'><strong>commonefactiones</strong></span> <span class='ocrx_word' id='word_1_33' title='bbox 604 633 700 698; x_wconf 85' lang='lat' dir='ltr'><strong>esse,</strong></span> <span class='ocrx_word' id='word_1_34' title='bbox 730 625 773 682; x_wconf 90' lang='lat' dir='ltr'><strong>nt</strong></span> <span class='ocrx_word' id='word_1_35' title='bbox 799 625 959 703; x_wconf 75' lang='lat' dir='ltr'><strong>pessmus</strong></span> <span class='ocrx_word' id='word_1_36' title='bbox 987 615 1219 704; x_wconf 88' lang='lat' dir='ltr'><strong>gubernatio·</strong></span> <span class='ocrx_word' id='word_1_37' title='bbox 1268 631 1429 686; x_wconf 88' lang='lat' dir='ltr'><strong>aeternus</strong></span> <span class='ocrx_word' id='word_1_38' title='bbox 1458 615 1578 703; x_wconf 88' lang='lat' dir='ltr'><strong>Pater,</strong></span> <span class='ocrx_word' id='word_1_39' title='bbox 1618 645 1700 692; x_wconf 87' lang='lat' dir='ltr'><strong>vere</strong></span> <span class='ocrx_word' id='word_1_40' title='bbox 1732 619 1977 723; x_wconf 74' lang='grc' dir='ltr'><strong><em>φιλόστοργος</em></strong></span> <span class='ocrx_word' id='word_1_41' title='bbox 2006 649 2085 716; x_wconf 86' lang='lat' dir='ltr'><strong>erga</strong></span> <span class='ocrx_word' id='word_1_42' title='bbox 2110 623 2250 708; x_wconf 85' lang='lat' dir='ltr'><strong>Filium,</strong></span> 
     </span>
     <span class='ocr_line' id='line_1_5' title="bbox 229 711 2251 816; baseline 0.002 -29"><span class='ocrx_word' id='word_1_43' title='bbox 229 740 311 788; x_wconf 91' lang='lat' dir='ltr'><strong>nem</strong></span> <span class='ocrx_word' id='word_1_44' title='bbox 327 727 360 785; x_wconf 89' lang='lat' dir='ltr'><strong>et</strong></span> <span class='ocrx_word' id='word_1_45' title='bbox 373 711 624 782; x_wconf 76' lang='lat' dir='ltr'><strong>defensionem.</strong></span> <span class='ocrx_word' id='word_1_46' title='bbox 1269 719 1380 786; x_wconf 86' lang='lat' dir='ltr'><strong>sedet</strong></span> <span class='ocrx_word' id='word_1_47' title='bbox 1404 717 1519 808; x_wconf 91' lang='lat' dir='ltr'><strong>ipsum</strong></span> <span class='ocrx_word' id='word_1_48' title='bbox 1548 722 1710 807; x_wconf 79' lang='lat' dir='ltr'>exaudit,</span> <span class='ocrx_word' id='word_1_49' title='bbox 1736 737 1771 793; x_wconf 91' lang='lat' dir='ltr'><strong>et</strong></span> <span class='ocrx_word' id='word_1_50' title='bbox 1791 725 1896 794; x_wconf 90' lang='lat' dir='ltr'><strong>nobis</strong></span> <span class='ocrx_word' id='word_1_51' title='bbox 1918 739 2063 816; x_wconf 88' lang='lat' dir='ltr'><strong>propter</strong></span> <span class='ocrx_word' id='word_1_52' title='bbox 2081 750 2163 794; x_wconf 90' lang='lat' dir='ltr'><strong>enm</strong></span> <span class='ocrx_word' id='word_1_53' title='bbox 2179 725 2251 814; x_wconf 90' lang='lat' dir='ltr'><strong>opi-</strong></span> 
     </span>
     <span class='ocr_line' id='line_1_6' title="bbox 1268 817 2252 913; baseline 0.008 -27"><span class='ocrx_word' id='word_1_54' title='bbox 1268 818 1413 888; x_wconf 91' lang='lat' dir='ltr'><strong>tulatur.</strong></span> <span class='ocrx_word' id='word_1_55' title='bbox 1464 817 1561 888; x_wconf 88' lang='lat' dir='ltr'><strong>Haec</strong></span> <span class='ocrx_word' id='word_1_56' title='bbox 1583 822 1722 892; x_wconf 75' lang='lat' dir='ltr'><strong>assidue</strong></span> <span class='ocrx_word' id='word_1_57' title='bbox 1739 824 1926 913; x_wconf 84' lang='lat' dir='ltr'><strong>cogitanda</strong></span> <span class='ocrx_word' id='word_1_58' title='bbox 1942 839 2044 911; x_wconf 90' lang='lat' dir='ltr'><strong>sunt,</strong></span> <span class='ocrx_word' id='word_1_59' title='bbox 2068 838 2110 896; x_wconf 91' lang='lat' dir='ltr'><strong>nt</strong></span> <span class='ocrx_word' id='word_1_60' title='bbox 2132 827 2177 895; x_wconf 87' lang='grc'><strong>66</strong></span> <span class='ocrx_word' id='word_1_61' title='bbox 2201 825 2252 894; x_wconf 87' lang='grc'><strong>16-</strong></span> 
     </span>
    </p>
   </div>
   <div class='ocr_carea' id='block_1_3' title="bbox 329 861 1891 1000">
    <p class='ocr_par' dir='ltr' id='par_1_3' title="bbox 329 861 1891 1000">
     <span class='ocr_line' id='line_1_7' title="bbox 329 861 1891 1000; baseline 0.036 -56"><span class='ocrx_word' id='word_1_62' title='bbox 329 865 405 938; x_wconf 78' lang='lat' dir='ltr'><strong>Tol</strong></span> <span class='ocrx_word' id='word_1_63' title='bbox 429 863 559 935; x_wconf 62' lang='lat' dir='ltr'><strong>fflmffll</strong></span> <span class='ocrx_word' id='word_1_64' title='bbox 580 863 664 950; x_wconf 85' lang='lat' dir='ltr'><strong>viri,</strong></span> <span class='ocrx_word' id='word_1_65' title='bbox 687 861 751 956; x_wconf 88' lang='lat' dir='ltr'><strong>qni</strong></span> <span class='ocrx_word' id='word_1_66' title='bbox 777 861 911 934; x_wconf 52' lang='lat' dir='ltr'><strong>‘illul‘</strong></span> <span class='ocrx_word' id='word_1_67' title='bbox 937 864 1219 934; x_wconf 49' lang='lat' dir='ltr'><strong>”memmerunt</strong></span> <span class='ocrx_word' id='word_1_68' title='bbox 1268 918 1488 988; x_wconf 85' lang='lat' dir='ltr'><strong>vocationem</strong></span> <span class='ocrx_word' id='word_1_69' title='bbox 1512 923 1619 991; x_wconf 87' lang='lat' dir='ltr'><strong>corda</strong></span> <span class='ocrx_word' id='word_1_70' title='bbox 1643 925 1891 1000; x_wconf 84' lang='lat' dir='ltr'><strong>accendantur.</strong></span> 
     </span>
    </p>
   </div>
   <div class='ocr_carea' id='block_1_4' title="bbox 228 959 2255 2754">
    <p class='ocr_par' dir='ltr' id='par_1_4' title="bbox 228 959 2255 1964">
     <span class='ocr_line' id='line_1_8' title="bbox 228 959 1220 1056; baseline -0.011 -13"><span class='ocrx_word' id='word_1_71' title='bbox 228 969 398 1044; x_wconf 88' lang='lat' dir='ltr'><strong>omnibus</strong></span> <span class='ocrx_word' id='word_1_72' title='bbox 409 962 627 1050; x_wconf 89' lang='lat' dir='ltr'><strong>hominibus,</strong></span> <span class='ocrx_word' id='word_1_73' title='bbox 641 959 860 1032; x_wconf 82' lang='lat' dir='ltr'><strong>horribiliter</strong></span> <span class='ocrx_word' id='word_1_74' title='bbox 874 963 1071 1056; x_wconf 81' lang='lat' dir='ltr'><strong>perierunt,</strong></span> <span class='ocrx_word' id='word_1_75' title='bbox 1082 977 1117 1036; x_wconf 90' lang='lat' dir='ltr'><strong>et</strong></span> <span class='ocrx_word' id='word_1_76' title='bbox 1128 987 1220 1056; x_wconf 91' lang='lat' dir='ltr'><strong>quo·</strong></span> 
     </span>
     <span class='ocr_line' id='line_1_9' title="bbox 232 1061 2254 1162; baseline -0.006 -20"><span class='ocrx_word' id='word_1_77' title='bbox 232 1071 320 1146; x_wconf 89' lang='lat' dir='ltr'><strong>tidie</strong></span> <span class='ocrx_word' id='word_1_78' title='bbox 334 1078 494 1161; x_wconf 83' lang='lat' dir='ltr'><strong>pereunt.</strong></span> <span class='ocrx_word' id='word_1_79' title='bbox 543 1061 637 1134; x_wconf 85' lang='lat' dir='ltr'><strong>Tam</strong></span> <span class='ocrx_word' id='word_1_80' title='bbox 654 1063 784 1134; x_wconf 89' lang='lat' dir='ltr'><strong>multae</strong></span> <span class='ocrx_word' id='word_1_81' title='bbox 800 1065 904 1134; x_wconf 89' lang='lat' dir='ltr'><strong>urbes</strong></span> <span class='ocrx_word' id='word_1_82' title='bbox 921 1078 954 1136; x_wconf 92' lang='lat' dir='ltr'><strong>et</strong></span> <span class='ocrx_word' id='word_1_83' title='bbox 970 1081 1108 1154; x_wconf 87' lang='lat' dir='ltr'><strong>gentes,</strong></span> <span class='ocrx_word' id='word_1_84' title='bbox 1132 1063 1217 1132; x_wconf 90' lang='lat' dir='ltr'><strong>inde</strong></span> <span class='ocrx_word' id='word_1_85' title='bbox 1371 1062 1419 1138; x_wconf 89' lang='lat' dir='ltr'><strong>Et</strong></span> <span class='ocrx_word' id='word_1_86' title='bbox 1439 1065 1521 1162; x_wconf 90' lang='lat' dir='ltr'><strong>quia</strong></span> <span class='ocrx_word' id='word_1_87' title='bbox 1544 1063 1636 1140; x_wconf 88' lang='lat' dir='ltr'><strong>hanc</strong></span> <span class='ocrx_word' id='word_1_88' title='bbox 1659 1072 2034 1143; x_wconf 56' lang='lat' dir='ltr'><strong>communerationem</strong></span> <span class='ocrx_word' id='word_1_89' title='bbox 2058 1074 2129 1142; x_wconf 67' lang='lat' dir='ltr'><strong>tam</strong></span> <span class='ocrx_word' id='word_1_90' title='bbox 2157 1073 2254 1143; x_wconf 69' lang='lat' dir='ltr'><strong>audi.</strong></span> 
     </span>
     <span class='ocr_line' id='line_1_10' title="bbox 231 1161 2254 1264; baseline 0 -22"><span class='ocrx_word' id='word_1_91' title='bbox 231 1161 346 1264; x_wconf 72' lang='lat' dir='ltr'><strong>usquc</strong></span> <span class='ocrx_word' id='word_1_92' title='bbox 370 1194 391 1239; x_wconf 87' lang='lat' dir='ltr'><strong>a</strong></span> <span class='ocrx_word' id='word_1_93' title='bbox 411 1165 539 1237; x_wconf 91' lang='lat' dir='ltr'><strong>mnndi</strong></span> <span class='ocrx_word' id='word_1_94' title='bbox 558 1165 661 1234; x_wconf 87' lang='lat' dir='ltr'><strong>initio</strong></span> <span class='ocrx_word' id='word_1_95' title='bbox 685 1163 819 1234; x_wconf 87' lang='lat' dir='ltr'><strong>deletae</strong></span> <span class='ocrx_word' id='word_1_96' title='bbox 841 1179 934 1236; x_wconf 91' lang='lat' dir='ltr'><strong>sunt.</strong></span> <span class='ocrx_word' id='word_1_97' title='bbox 986 1163 1059 1235; x_wconf 91' lang='lat' dir='ltr'><strong>Nec</strong></span> <span class='ocrx_word' id='word_1_98' title='bbox 1080 1177 1219 1234; x_wconf 90' lang='lat' dir='ltr'><strong>tantum</strong></span> <span class='ocrx_word' id='word_1_99' title='bbox 1269 1165 1387 1252; x_wconf 85' lang='lat' dir='ltr'><strong>vistis,</strong></span> <span class='ocrx_word' id='word_1_100' title='bbox 1419 1168 1456 1236; x_wconf 93' lang='lat' dir='ltr'><strong>in</strong></span> <span class='ocrx_word' id='word_1_101' title='bbox 1478 1163 1543 1237; x_wconf 90' lang='lat' dir='ltr'><strong>hac</strong></span> <span class='ocrx_word' id='word_1_102' title='bbox 1568 1169 1641 1260; x_wconf 89' lang='lat' dir='ltr'><strong>ipsa</strong></span> <span class='ocrx_word' id='word_1_103' title='bbox 1664 1173 1934 1262; x_wconf 79' lang='lat' dir='ltr'><strong>congregatione</strong></span> <span class='ocrx_word' id='word_1_104' title='bbox 1956 1187 2037 1243; x_wconf 90' lang='lat' dir='ltr'><strong>vota</strong></span> <span class='ocrx_word' id='word_1_105' title='bbox 2065 1175 2254 1262; x_wconf 83' lang='lat' dir='ltr'><strong>coniunga-</strong></span> 
     </span>
     <span class='ocr_line' id='line_1_11' title="bbox 234 1265 2254 1366; baseline -0.002 -22"><span class='ocrx_word' id='word_1_106' title='bbox 234 1269 375 1344; x_wconf 86' lang='lat' dir='ltr'><strong>moenia</strong></span> <span class='ocrx_word' id='word_1_107' title='bbox 388 1290 509 1338; x_wconf 89' lang='lat' dir='ltr'><strong>eversa</strong></span> <span class='ocrx_word' id='word_1_108' title='bbox 524 1279 619 1350; x_wconf 86' lang='lat' dir='ltr'><strong>sunt,</strong></span> <span class='ocrx_word' id='word_1_109' title='bbox 643 1277 704 1334; x_wconf 91' lang='lat' dir='ltr'><strong>aut</strong></span> <span class='ocrx_word' id='word_1_110' title='bbox 718 1277 837 1353; x_wconf 78' lang='lat' dir='ltr'><strong>gentes</strong></span> <span class='ocrx_word' id='word_1_111' title='bbox 853 1266 1051 1355; x_wconf 76' lang='lat' dir='ltr'><strong>dissipatae,</strong></span> <span class='ocrx_word' id='word_1_112' title='bbox 1074 1267 1135 1334; x_wconf 90' lang='lat' dir='ltr'><strong>sed</strong></span> <span class='ocrx_word' id='word_1_113' title='bbox 1153 1265 1219 1332; x_wconf 91' lang='lat' dir='ltr'><strong>do-</strong></span> <span class='ocrx_word' id='word_1_114' title='bbox 1270 1291 1364 1336; x_wconf 89' lang='lat' dir='ltr'><strong>mus:</strong></span> <span class='ocrx_word' id='word_1_115' title='bbox 1391 1269 1517 1358; x_wconf 89' lang='lat' dir='ltr'><strong>probat</strong></span> <span class='ocrx_word' id='word_1_116' title='bbox 1537 1270 1632 1338; x_wconf 87' lang='lat' dir='ltr'><strong>enirn</strong></span> <span class='ocrx_word' id='word_1_117' title='bbox 1646 1265 1743 1340; x_wconf 90' lang='lat' dir='ltr'><strong>Deus</strong></span> <span class='ocrx_word' id='word_1_118' title='bbox 1767 1297 1990 1343; x_wconf 90' lang='lat' dir='ltr'><strong>communem</strong></span> <span class='ocrx_word' id='word_1_119' title='bbox 2010 1275 2254 1366; x_wconf 86' lang='lat' dir='ltr'><strong>precationem,</strong></span> 
     </span>
     <span class='ocr_line' id='line_1_12' title="bbox 234 1365 2253 1460; baseline -0.002 -16"><span class='ocrx_word' id='word_1_120' title='bbox 234 1373 371 1444; x_wconf 89' lang='lat' dir='ltr'><strong>ctrinae</strong></span> <span class='ocrx_word' id='word_1_121' title='bbox 387 1371 448 1438; x_wconf 85' lang='lat' dir='ltr'><strong>lux</strong></span> <span class='ocrx_word' id='word_1_122' title='bbox 465 1367 567 1438; x_wconf 88' lang='lat' dir='ltr'><strong>etism</strong></span> <span class='ocrx_word' id='word_1_123' title='bbox 583 1365 734 1436; x_wconf 81' lang='lat' dir='ltr'><strong>extincta</strong></span> <span class='ocrx_word' id='word_1_124' title='bbox 750 1378 818 1444; x_wconf 89' lang='lat' dir='ltr'><strong>est,</strong></span> <span class='ocrx_word' id='word_1_125' title='bbox 845 1389 890 1434; x_wconf 92' lang='lat' dir='ltr'><strong>ne</strong></span> <span class='ocrx_word' id='word_1_126' title='bbox 904 1367 947 1435; x_wconf 91' lang='lat' dir='ltr'><strong>ad</strong></span> <span class='ocrx_word' id='word_1_127' title='bbox 967 1380 1123 1456; x_wconf 90' lang='lat' dir='ltr'><strong>posteros</strong></span> <span class='ocrx_word' id='word_1_128' title='bbox 1139 1387 1220 1454; x_wconf 87' lang='lat' dir='ltr'><strong>per·</strong></span> <span class='ocrx_word' id='word_1_129' title='bbox 1270 1381 1306 1438; x_wconf 89' lang='lat' dir='ltr'><strong>et</strong></span> <span class='ocrx_word' id='word_1_130' title='bbox 1328 1367 1496 1458; x_wconf 87' lang='lat' dir='ltr'><strong>peculiari</strong></span> <span class='ocrx_word' id='word_1_131' title='bbox 1514 1371 1746 1460; x_wconf 83' lang='lat' dir='ltr'><strong>promissione</strong></span> <span class='ocrx_word' id='word_1_132' title='bbox 1763 1397 1839 1441; x_wconf 91' lang='lat' dir='ltr'><strong>eam</strong></span> <span class='ocrx_word' id='word_1_133' title='bbox 1862 1375 2021 1458; x_wconf 86' lang='lat' dir='ltr'><strong>ornavit,</strong></span> <span class='ocrx_word' id='word_1_134' title='bbox 2045 1387 2087 1444; x_wconf 93' lang='lat' dir='ltr'><strong>ut</strong></span> <span class='ocrx_word' id='word_1_135' title='bbox 2101 1369 2253 1444; x_wconf 84' lang='lat' dir='ltr'><strong>Ecclesia</strong></span> 
     </span>
     <span class='ocr_line' id='line_1_13' title="bbox 237 1465 2254 1555; baseline -0.001 -10"><span class='ocrx_word' id='word_1_136' title='bbox 237 1473 391 1555; x_wconf 79' lang='grc'><strong>6661661,</strong></span> <span class='ocrx_word' id='word_1_137' title='bbox 415 1481 451 1538; x_wconf 89' lang='grc'><strong>61</strong></span> <span class='ocrx_word' id='word_1_138' title='bbox 475 1480 599 1536; x_wconf 88' lang='grc'><strong>661666</strong></span> <span class='ocrx_word' id='word_1_139' title='bbox 616 1465 820 1553; x_wconf 85' lang='lat' dir='ltr'><strong>languidior</strong></span> <span class='ocrx_word' id='word_1_140' title='bbox 840 1467 930 1537; x_wconf 88' lang='lat' dir='ltr'><strong>lacta</strong></span> <span class='ocrx_word' id='word_1_141' title='bbox 954 1479 1021 1550; x_wconf 89' lang='lat' dir='ltr'><strong>est,</strong></span> <span class='ocrx_word' id='word_1_142' title='bbox 1046 1490 1091 1534; x_wconf 90' lang='grc'><strong>66</strong></span> <span class='ocrx_word' id='word_1_143' title='bbox 1108 1466 1220 1534; x_wconf 88' lang='lat' dir='ltr'><strong>virtus</strong></span> <span class='ocrx_word' id='word_1_144' title='bbox 1271 1468 1317 1536; x_wconf 92' lang='lat' dir='ltr'><strong>sit</strong></span> <span class='ocrx_word' id='word_1_145' title='bbox 1338 1468 1580 1553; x_wconf 88' lang='lat' dir='ltr'><strong>coniunctior,</strong></span> <span class='ocrx_word' id='word_1_146' title='bbox 1611 1483 1646 1540; x_wconf 89' lang='lat' dir='ltr'><strong>et</strong></span> <span class='ocrx_word' id='word_1_147' title='bbox 1672 1471 1841 1542; x_wconf 88' lang='lat' dir='ltr'><strong>libentius</strong></span> <span class='ocrx_word' id='word_1_148' title='bbox 1863 1475 2068 1555; x_wconf 89' lang='lat' dir='ltr'><strong>conveniat,</strong></span> <span class='ocrx_word' id='word_1_149' title='bbox 2103 1487 2146 1544; x_wconf 92' lang='lat' dir='ltr'><strong>ut</strong></span> <span class='ocrx_word' id='word_1_150' title='bbox 2165 1471 2254 1542; x_wconf 92' lang='lat' dir='ltr'><strong>Deus</strong></span> 
     </span>
     <span class='ocr_line' id='line_1_14' title="bbox 238 1565 2254 1668; baseline 0 -28"><span class='ocrx_word' id='word_1_151' title='bbox 238 1583 510 1668; x_wconf 88' lang='lat' dir='ltr'><strong>propagaretur,</strong></span> <span class='ocrx_word' id='word_1_152' title='bbox 542 1580 577 1637; x_wconf 88' lang='lat' dir='ltr'><strong>et</strong></span> <span class='ocrx_word' id='word_1_153' title='bbox 605 1565 769 1636; x_wconf 81' lang='lat' dir='ltr'><strong>exercitia</strong></span> <span class='ocrx_word' id='word_1_154' title='bbox 803 1566 943 1638; x_wconf 89' lang='lat' dir='ltr'><strong>virtutis</strong></span> <span class='ocrx_word' id='word_1_155' title='bbox 968 1566 1100 1636; x_wconf 89' lang='lat' dir='ltr'><strong>abolita</strong></span> <span class='ocrx_word' id='word_1_156' title='bbox 1125 1577 1218 1634; x_wconf 90' lang='lat' dir='ltr'><strong>sunt.</strong></span> <span class='ocrx_word' id='word_1_157' title='bbox 1271 1569 1413 1660; x_wconf 89' lang='lat' dir='ltr'><strong>publica</strong></span> <span class='ocrx_word' id='word_1_158' title='bbox 1426 1569 1645 1638; x_wconf 84' lang='lat' dir='ltr'><strong>confessione</strong></span> <span class='ocrx_word' id='word_1_159' title='bbox 1672 1573 1868 1642; x_wconf 86' lang='lat' dir='ltr'><strong>celebretur</strong></span> <span class='ocrx_word' id='word_1_160' title='bbox 1893 1588 1928 1644; x_wconf 89' lang='lat' dir='ltr'><strong>et</strong></span> <span class='ocrx_word' id='word_1_161' title='bbox 1950 1573 2111 1644; x_wconf 86' lang='lat' dir='ltr'><strong>doctrina</strong></span> <span class='ocrx_word' id='word_1_162' title='bbox 2130 1597 2254 1664; x_wconf 88' lang='lat' dir='ltr'><strong>propa-</strong></span> 
     </span>
     <span class='ocr_line' id='line_1_15' title="bbox 240 1662 2254 1760; baseline -0.003 -13"><span class='ocrx_word' id='word_1_163' title='bbox 240 1662 931 1748; x_wconf 73' lang='grc'><strong>1116666161161661666661666116</strong></span> <span class='ocrx_word' id='word_1_164' title='bbox 958 1678 1220 1736; x_wconf 89' lang='lat' dir='ltr'><strong>suntvetustae</strong></span> <span class='ocrx_word' id='word_1_165' title='bbox 1270 1681 1384 1759; x_wconf 87' lang='lat' dir='ltr'><strong>getur.</strong></span> <span class='ocrx_word' id='word_1_166' title='bbox 1430 1667 2254 1760; x_wconf 63' lang='grc'><strong>1616661661311666666611666,6666166161</strong></span> 
     </span>
     <span class='ocr_line' id='line_1_16' title="bbox 239 1761 2255 1862; baseline -0.003 -16"><span class='ocrx_word' id='word_1_167' title='bbox 239 1773 437 1854; x_wconf 89' lang='lat' dir='ltr'><strong>doctrinae,</strong></span> <span class='ocrx_word' id='word_1_168' title='bbox 461 1781 522 1840; x_wconf 88' lang='lat' dir='ltr'><strong>aut</strong></span> <span class='ocrx_word' id='word_1_169' title='bbox 541 1767 683 1837; x_wconf 89' lang='lat' dir='ltr'><strong>virtutis</strong></span> <span class='ocrx_word' id='word_1_170' title='bbox 698 1765 859 1855; x_wconf 88' lang='lat' dir='ltr'><strong>vestigia,</strong></span> <span class='ocrx_word' id='word_1_171' title='bbox 884 1767 1020 1860; x_wconf 87' lang='lat' dir='ltr'><strong>quoties</strong></span> <span class='ocrx_word' id='word_1_172' title='bbox 1043 1761 1219 1834; x_wconf 82' lang='grc'><strong>16666661·</strong></span> <span class='ocrx_word' id='word_1_173' title='bbox 1269 1769 1347 1838; x_wconf 89' lang='lat' dir='ltr'><strong>eius</strong></span> <span class='ocrx_word' id='word_1_174' title='bbox 1360 1766 1506 1838; x_wconf 88' lang='lat' dir='ltr'><strong>Domini</strong></span> <span class='ocrx_word' id='word_1_175' title='bbox 1524 1763 1734 1840; x_wconf 86' lang='grc'><strong>6661611666</strong></span> <span class='ocrx_word' id='word_1_176' title='bbox 1750 1769 1896 1858; x_wconf 85' lang='lat' dir='ltr'><strong>Christi,</strong></span> <span class='ocrx_word' id='word_1_177' title='bbox 1921 1797 2058 1842; x_wconf 87' lang='lat' dir='ltr'><strong>mecum</strong></span> <span class='ocrx_word' id='word_1_178' title='bbox 2077 1787 2111 1842; x_wconf 93' lang='lat' dir='ltr'><strong>et</strong></span> <span class='ocrx_word' id='word_1_179' title='bbox 2129 1773 2255 1862; x_wconf 88' lang='lat' dir='ltr'><strong>linguis</strong></span> 
     </span>
     <span class='ocr_line' id='line_1_17' title="bbox 240 1861 2141 1964; baseline -0.003 -18"><span class='ocrx_word' id='word_1_180' title='bbox 240 1875 313 1961; x_wconf 92' lang='lat' dir='ltr'><strong>dit,</strong></span> <span class='ocrx_word' id='word_1_181' title='bbox 343 1886 384 1946; x_wconf 89' lang='lat' dir='ltr'><strong>nt</strong></span> <span class='ocrx_word' id='word_1_182' title='bbox 407 1871 445 1938; x_wconf 92' lang='lat' dir='ltr'><strong>in</strong></span> <span class='ocrx_word' id='word_1_183' title='bbox 471 1867 716 1938; x_wconf 86' lang='lat' dir='ltr'><strong>obsidionibus</strong></span> <span class='ocrx_word' id='word_1_184' title='bbox 731 1861 892 1934; x_wconf 90' lang='lat' dir='ltr'><strong>homines</strong></span> <span class='ocrx_word' id='word_1_185' title='bbox 913 1868 990 1936; x_wconf 90' lang='lat' dir='ltr'><strong>susi</strong></span> <span class='ocrx_word' id='word_1_186' title='bbox 1005 1868 1076 1936; x_wconf 89' lang='lat' dir='ltr'><strong>sint</strong></span> <span class='ocrx_word' id='word_1_187' title='bbox 1094 1861 1222 1935; x_wconf 89' lang='lat' dir='ltr'><strong>huma-</strong></span> <span class='ocrx_word' id='word_1_188' title='bbox 1272 1883 1307 1938; x_wconf 91' lang='lat' dir='ltr'><strong>et</strong></span> <span class='ocrx_word' id='word_1_189' title='bbox 1321 1881 1504 1960; x_wconf 90' lang='lat' dir='ltr'><strong>pectorum</strong></span> <span class='ocrx_word' id='word_1_190' title='bbox 1520 1871 1649 1961; x_wconf 90' lang='lat' dir='ltr'><strong>pietate</strong></span> <span class='ocrx_word' id='word_1_191' title='bbox 1666 1866 1751 1942; x_wconf 92' lang='lat' dir='ltr'><strong>haec</strong></span> <span class='ocrx_word' id='word_1_192' title='bbox 1767 1874 1875 1942; x_wconf 88' lang='lat' dir='ltr'><strong>verba</strong></span> <span class='ocrx_word' id='word_1_193' title='bbox 1893 1874 2141 1964; x_wconf 80' lang='lat' dir='ltr'><strong>pronunciata.</strong></span> 
     </span>
    </p>

    <p class='ocr_par' dir='ltr' id='par_1_5' title="bbox 238 1967 1223 2754">
     <span class='ocr_line' id='line_1_18' title="bbox 239 1967 1221 2050; baseline -0.014 -4"><span class='ocrx_word' id='word_1_194' title='bbox 239 1999 324 2046; x_wconf 92' lang='lat' dir='ltr'><strong>nam</strong></span> <span class='ocrx_word' id='word_1_195' title='bbox 339 1995 480 2043; x_wconf 88' lang='lat' dir='ltr'><strong>carnem</strong></span> <span class='ocrx_word' id='word_1_196' title='bbox 495 1967 660 2038; x_wconf 89' lang='lat' dir='ltr'><strong>dentibus</strong></span> <span class='ocrx_word' id='word_1_197' title='bbox 674 1967 834 2050; x_wconf 88' lang='lat' dir='ltr'><strong>lacerare,</strong></span> <span class='ocrx_word' id='word_1_198' title='bbox 859 1980 892 2036; x_wconf 91' lang='lat' dir='ltr'><strong>et</strong></span> <span class='ocrx_word' id='word_1_199' title='bbox 908 1967 1040 2036; x_wconf 87' lang='lat' dir='ltr'><strong>viscera</strong></span> <span class='ocrx_word' id='word_1_200' title='bbox 1055 1978 1221 2036; x_wconf 85' lang='lat' dir='ltr'><strong>natorum</strong></span> 
     </span>
     <span class='ocr_line' id='line_1_19' title="bbox 240 2063 1222 2166; baseline -0.015 -18"><span class='ocrx_word' id='word_1_201' title='bbox 240 2078 314 2148; x_wconf 87' lang='lat' dir='ltr'><strong>suis</strong></span> <span class='ocrx_word' id='word_1_202' title='bbox 337 2069 526 2166; x_wconf 70' lang='lat' dir='ltr'><strong>visceribus</strong></span> <span class='ocrx_word' id='word_1_203' title='bbox 549 2067 722 2137; x_wconf 84' lang='lat' dir='ltr'><strong>condere?</strong></span> <span class='ocrx_word' id='word_1_204' title='bbox 754 2081 793 2136; x_wconf 93' lang='lat' dir='ltr'><strong>ut</strong></span> <span class='ocrx_word' id='word_1_205' title='bbox 815 2065 1098 2161; x_wconf 87' lang='lat' dir='ltr'><strong>Hierosolymae,</strong></span> <span class='ocrx_word' id='word_1_206' title='bbox 1123 2063 1222 2135; x_wconf 90' lang='lat' dir='ltr'><strong>Poti-</strong></span> 
     </span>
     <span class='ocr_line' id='line_1_20' title="bbox 240 2163 1222 2260; baseline -0.013 -14"><span class='ocrx_word' id='word_1_207' title='bbox 240 2178 344 2260; x_wconf 90' lang='lat' dir='ltr'><strong>deae,</strong></span> <span class='ocrx_word' id='word_1_208' title='bbox 369 2170 491 2242; x_wconf 90' lang='lat' dir='ltr'><strong>Uticae</strong></span> <span class='ocrx_word' id='word_1_209' title='bbox 506 2182 540 2238; x_wconf 92' lang='grc'><strong>61</strong></span> <span class='ocrx_word' id='word_1_210' title='bbox 555 2167 653 2240; x_wconf 82' lang='lat' dir='ltr'><strong>alibi.</strong></span> <span class='ocrx_word' id='word_1_211' title='bbox 704 2165 776 2238; x_wconf 87' lang='lat' dir='ltr'><strong>Tot</strong></span> <span class='ocrx_word' id='word_1_212' title='bbox 796 2163 1021 2238; x_wconf 88' lang='lat' dir='ltr'><strong>horribilium</strong></span> <span class='ocrx_word' id='word_1_213' title='bbox 1042 2167 1222 2258; x_wconf 85' lang='lat' dir='ltr'><strong>exemplo-</strong></span> 
     </span>
     <span class='ocr_line' id='line_1_21' title="bbox 240 2267 1221 2356; baseline -0.015 -8"><span class='ocrx_word' id='word_1_214' title='bbox 240 2301 320 2348; x_wconf 87' lang='lat' dir='ltr'><strong>rum</strong></span> <span class='ocrx_word' id='word_1_215' title='bbox 337 2269 569 2344; x_wconf 88' lang='lat' dir='ltr'><strong>consideratio</strong></span> <span class='ocrx_word' id='word_1_216' title='bbox 584 2269 770 2338; x_wconf 87' lang='lat' dir='ltr'><strong>admoneat</strong></span> <span class='ocrx_word' id='word_1_217' title='bbox 784 2292 850 2338; x_wconf 92' lang='lat' dir='ltr'><strong>nos</strong></span> <span class='ocrx_word' id='word_1_218' title='bbox 863 2271 907 2338; x_wconf 94' lang='grc'><strong>66</strong></span> <span class='ocrx_word' id='word_1_219' title='bbox 923 2268 975 2338; x_wconf 89' lang='grc'><strong>166</strong></span> <span class='ocrx_word' id='word_1_220' title='bbox 991 2267 1069 2352; x_wconf 86' lang='grc'><strong>1161,</strong></span> <span class='ocrx_word' id='word_1_221' title='bbox 1095 2280 1129 2337; x_wconf 91' lang='grc'><strong>61</strong></span> <span class='ocrx_word' id='word_1_222' title='bbox 1142 2290 1221 2356; x_wconf 90' lang='lat' dir='ltr'><strong>per-</strong></span> 
     </span>
     <span class='ocr_line' id='line_1_22' title="bbox 241 2367 1222 2460; baseline -0.013 -14"><span class='ocrx_word' id='word_1_223' title='bbox 241 2387 393 2457; x_wconf 82' lang='lat' dir='ltr'><strong>moveat,</strong></span> <span class='ocrx_word' id='word_1_224' title='bbox 419 2385 459 2442; x_wconf 89' lang='lat' dir='ltr'><strong>ut</strong></span> <span class='ocrx_word' id='word_1_225' title='bbox 472 2393 554 2440; x_wconf 84' lang='lat' dir='ltr'><strong>vera</strong></span> <span class='ocrx_word' id='word_1_226' title='bbox 568 2368 783 2460; x_wconf 90' lang='lat' dir='ltr'><strong>poenitentia</strong></span> <span class='ocrx_word' id='word_1_227' title='bbox 799 2383 833 2440; x_wconf 90' lang='grc'><strong>61</strong></span> <span class='ocrx_word' id='word_1_228' title='bbox 846 2369 984 2439; x_wconf 86' lang='lat' dir='ltr'><strong>ardenti</strong></span> <span class='ocrx_word' id='word_1_229' title='bbox 999 2367 1222 2437; x_wconf 84' lang='lat' dir='ltr'><strong>invocatione</strong></span> 
     </span>
     <span class='ocr_line' id='line_1_23' title="bbox 238 2461 1223 2549; baseline -0.016 0"><span class='ocrx_word' id='word_1_230' title='bbox 238 2475 354 2548; x_wconf 88' lang='lat' dir='ltr'><strong>Deum</strong></span> <span class='ocrx_word' id='word_1_231' title='bbox 377 2474 568 2543; x_wconf 83' lang='lat' dir='ltr'><strong>flectamus.</strong></span> <span class='ocrx_word' id='word_1_232' title='bbox 623 2461 745 2538; x_wconf 70' lang='lat' dir='ltr'><strong>Bo&#39;nus</strong></span> <span class='ocrx_word' id='word_1_233' title='bbox 768 2483 818 2540; x_wconf 91' lang='lat' dir='ltr'><strong>est</strong></span> <span class='ocrx_word' id='word_1_234' title='bbox 842 2470 936 2538; x_wconf 89' lang='lat' dir='ltr'><strong>enim</strong></span> <span class='ocrx_word' id='word_1_235' title='bbox 958 2483 992 2540; x_wconf 92' lang='lat' dir='ltr'><strong>et</strong></span> <span class='ocrx_word' id='word_1_236' title='bbox 1015 2467 1223 2549; x_wconf 88' lang='lat' dir='ltr'><strong>misericors,</strong></span> 
     </span>
     <span class='ocr_line' id='line_1_24' title="bbox 241 2566 1223 2658; baseline -0.01 -12"><span class='ocrx_word' id='word_1_237' title='bbox 241 2593 277 2648; x_wconf 92' lang='grc'><strong>61</strong></span> <span class='ocrx_word' id='word_1_238' title='bbox 302 2599 376 2645; x_wconf 89' lang='lat' dir='ltr'><strong>non</strong></span> <span class='ocrx_word' id='word_1_239' title='bbox 404 2573 597 2642; x_wconf 86' lang='lat' dir='ltr'><strong>delectatur</strong></span> <span class='ocrx_word' id='word_1_240' title='bbox 626 2569 823 2658; x_wconf 86' lang='lat' dir='ltr'><strong>perditione</strong></span> <span class='ocrx_word' id='word_1_241' title='bbox 849 2570 972 2642; x_wconf 90' lang='lat' dir='ltr'><strong>nostri.</strong></span> <span class='ocrx_word' id='word_1_242' title='bbox 1024 2566 1096 2638; x_wconf 86' lang='lat' dir='ltr'><strong>Nec</strong></span> <span class='ocrx_word' id='word_1_243' title='bbox 1123 2566 1223 2636; x_wconf 86' lang='lat' dir='ltr'><strong>irrita</strong></span> 
     </span>
     <span class='ocr_line' id='line_1_25' title="bbox 240 2665 1222 2754; baseline -0.015 -6"><span class='ocrx_word' id='word_1_244' title='bbox 240 2693 322 2748; x_wconf 90' lang='lat' dir='ltr'><strong>sunt</strong></span> <span class='ocrx_word' id='word_1_245' title='bbox 340 2688 419 2744; x_wconf 91' lang='lat' dir='ltr'><strong>vota</strong></span> <span class='ocrx_word' id='word_1_246' title='bbox 441 2684 581 2754; x_wconf 88' lang='lat' dir='ltr'><strong>nostra,</strong></span> <span class='ocrx_word' id='word_1_247' title='bbox 605 2693 669 2738; x_wconf 90' lang='lat' dir='ltr'><strong>nec</strong></span> <span class='ocrx_word' id='word_1_248' title='bbox 693 2669 821 2738; x_wconf 88' lang='lat' dir='ltr'><strong>surdus</strong></span> <span class='ocrx_word' id='word_1_249' title='bbox 843 2683 893 2738; x_wconf 86' lang='lat' dir='ltr'><strong>est</strong></span> <span class='ocrx_word' id='word_1_250' title='bbox 914 2666 1021 2738; x_wconf 89' lang='lat' dir='ltr'><strong>Deus.</strong></span> <span class='ocrx_word' id='word_1_251' title='bbox 1074 2665 1143 2738; x_wconf 85' lang='lat' dir='ltr'><strong>Sed</strong></span> <span class='ocrx_word' id='word_1_252' title='bbox 1166 2689 1222 2734; x_wconf 90' lang='grc'><strong>66-</strong></span> 
     </span>
    </p>
   </div>
   <div class='ocr_carea' id='block_1_5' title="bbox 240 2767 2253 2971">
    <p class='ocr_par' dir='ltr' id='par_1_6' title="bbox 240 2767 2253 2971">
     <span class='ocr_line' id='line_1_26' title="bbox 240 2767 2253 2913; baseline -0.003 -15"><span class='ocrx_word' id='word_1_253' title='bbox 240 2773 538 2912; x_wconf 50' lang='grc' dir='ltr'><strong>ῩθηΡωῑὶὴω</strong></span> <span class='ocrx_word' id='word_1_254' title='bbox 548 2793 654 2912; x_wconf 46' lang='lat' dir='ltr'><strong>,wem</strong></span> <span class='ocrx_word' id='word_1_255' title='bbox 670 2769 736 2838; x_wconf 60' lang='lat' dir='ltr'><strong>sm</strong></span> <span class='ocrx_word' id='word_1_256' title='bbox 750 2769 787 2836; x_wconf 63' lang='lat' dir='ltr'><strong>in</strong></span> <span class='ocrx_word' id='word_1_257' title='bbox 802 2769 969 2887; x_wconf 63' lang='lat' dir='ltr'><strong>⁰m¹libu⁸</strong></span> <span class='ocrx_word' id='word_1_258' title='bbox 984 2767 1223 2886; x_wconf 55' lang='lat' dir='ltr'><strong>perilu¹i⁵’.ul</strong></span> <span class='ocrx_word' id='word_1_259' title='bbox 1257 2818 1394 2890; x_wconf 67' lang='lat' dir='ltr'><strong>sancto</strong></span> <span class='ocrx_word' id='word_1_260' title='bbox 1410 2821 1585 2910; x_wconf 87' lang='lat' dir='ltr'><strong>paracleto</strong></span> <span class='ocrx_word' id='word_1_261' title='bbox 1601 2821 1711 2890; x_wconf 84' lang='lat' dir='ltr'><strong>effuso</strong></span> <span class='ocrx_word' id='word_1_262' title='bbox 1726 2822 1764 2890; x_wconf 92' lang='lat' dir='ltr'><strong>in</strong></span> <span class='ocrx_word' id='word_1_263' title='bbox 1779 2819 1987 2913; x_wconf 88' lang='lat' dir='ltr'><strong>Apostolos,</strong></span> <span class='ocrx_word' id='word_1_264' title='bbox 2008 2823 2169 2913; x_wconf 88' lang='lat' dir='ltr'><strong>sapiens,</strong></span> <span class='ocrx_word' id='word_1_265' title='bbox 2193 2823 2253 2891; x_wconf 87' lang='lat' dir='ltr'><strong>bo·</strong></span> 
     </span>
     <span class='ocr_line' id='line_1_27' title="bbox 240 2865 1222 2971; baseline -0.015 -23"><span class='ocrx_word' id='word_1_266' title='bbox 240 2890 358 2971; x_wconf 86' lang='lat' dir='ltr'><strong>soqust</strong></span> <span class='ocrx_word' id='word_1_267' title='bbox 379 2873 555 2944; x_wconf 89' lang='lat' dir='ltr'><strong>Psalmus.</strong></span> <span class='ocrx_word' id='word_1_268' title='bbox 580 2868 695 2960; x_wconf 84' lang='lat' dir='ltr'><strong>Prope</strong></span> <span class='ocrx_word' id='word_1_269' title='bbox 714 2881 764 2938; x_wconf 88' lang='lat' dir='ltr'><strong>est</strong></span> <span class='ocrx_word' id='word_1_270' title='bbox 780 2865 956 2938; x_wconf 77' lang='lat' dir='ltr'><strong>Dominus</strong></span> <span class='ocrx_word' id='word_1_271' title='bbox 979 2869 1222 2938; x_wconf 80' lang='grc'><strong>6666166666-</strong></span> 
     </span>
    </p>
   </div>
   <div class='ocr_carea' id='block_1_6' title="bbox 239 2921 2252 3108">
    <p class='ocr_par' dir='ltr' id='par_1_7' title="bbox 239 2921 2252 3108">
     <span class='ocr_line' id='line_1_28' title="bbox 239 2921 2252 3086; baseline -0.016 -40"><span class='ocrx_word' id='word_1_272' title='bbox 239 2976 543 3048; x_wconf 84' lang='lat' dir='ltr'><strong>vocantibuseum</strong></span> <span class='ocrx_word' id='word_1_273' title='bbox 560 2970 768 3041; x_wconf 86' lang='lat' dir='ltr'><strong>inveritate.</strong></span> <span class='ocrx_word' id='word_1_274' title='bbox 818 2967 891 3038; x_wconf 88' lang='lat' dir='ltr'><strong>Nec</strong></span> <span class='ocrx_word' id='word_1_275' title='bbox 904 2970 995 3038; x_wconf 91' lang='lat' dir='ltr'><strong>t&#39;allit</strong></span> <span class='ocrx_word' id='word_1_276' title='bbox 1010 2967 1078 3038; x_wconf 91' lang='lat' dir='ltr'><strong>Dei</strong></span> <span class='ocrx_word' id='word_1_277' title='bbox 1096 2966 1222 3048; x_wconf 79' lang='lat' dir='ltr'><strong>Filius,</strong></span> <span class='ocrx_word' id='word_1_278' title='bbox 1272 2921 1851 3086; x_wconf 53' lang='grc' dir='ltr'><strong>ῃε’1“”.“’ωἰ”ἶῑ“0“’1,ΰᾲθῇ</strong></span> <span class='ocrx_word' id='word_1_279' title='bbox 1877 2923 2128 3007; x_wconf 61' lang='lat' dir='ltr'><strong>‘lllbffllmfls</strong></span> <span class='ocrx_word' id='word_1_280' title='bbox 2161 2921 2252 3016; x_wconf 75' lang='lat' dir='ltr'><strong>(luod</strong></span> 
     </span>
     <span class='ocr_line' id='line_1_29' title="bbox 1165 3021 2252 3108; baseline -0.006 -16"><span class='ocrx_word' id='word_1_281' title='bbox 1165 3067 1174 3084; x_wconf 88' lang='lat'><strong>·</strong></span> <span class='ocrx_word' id='word_1_282' title='bbox 1273 3043 1354 3089; x_wconf 86' lang='lat' dir='ltr'><strong>reve</strong></span> <span class='ocrx_word' id='word_1_283' title='bbox 1370 3035 1434 3090; x_wconf 80' lang='lat' dir='ltr'><strong>asts</strong></span> <span class='ocrx_word' id='word_1_284' title='bbox 1457 3033 1491 3088; x_wconf 93' lang='grc'><strong>16</strong></span> <span class='ocrx_word' id='word_1_285' title='bbox 1513 3022 1632 3106; x_wconf 76' lang='lat' dir='ltr'><strong>nobis,</strong></span> <span class='ocrx_word' id='word_1_286' title='bbox 1652 3033 1686 3089; x_wconf 91' lang='grc'><strong>61</strong></span> <span class='ocrx_word' id='word_1_287' title='bbox 1705 3035 1830 3092; x_wconf 82' lang='grc'><strong>6666616</strong></span> <span class='ocrx_word' id='word_1_288' title='bbox 1847 3021 1978 3092; x_wconf 76' lang='lat' dir='ltr'><strong>Falsum</strong></span> <span class='ocrx_word' id='word_1_289' title='bbox 1995 3035 2110 3108; x_wconf 89' lang='lat' dir='ltr'><strong>tuum,</strong></span> <span class='ocrx_word' id='word_1_290' title='bbox 2138 3021 2252 3092; x_wconf 89' lang='grc'><strong>61661-</strong></span> 
     </span>
    </p>
   </div>
   <div class='ocr_carea' id='block_1_7' title="bbox 229 3067 2252 3310">
    <p class='ocr_par' dir='ltr' id='par_1_8' title="bbox 229 3067 2252 3310">
     <span class='ocr_line' id='line_1_30' title="bbox 229 3067 2252 3215; baseline 0.005 -37"><span class='ocrx_word' id='word_1_291' title='bbox 229 3077 424 3214; x_wconf 51' lang='lat' dir='ltr'><strong>l¹¹q¹¹i⁰¹¹f²</strong></span> <span class='ocrx_word' id='word_1_292' title='bbox 442 3070 638 3190; x_wconf 51' lang='lat' dir='ltr'><strong>:Quicquid</strong></span> <span class='ocrx_word' id='word_1_293' title='bbox 658 3069 827 3158; x_wconf 45' lang='lat' dir='ltr'><strong>petieritis</strong></span> <span class='ocrx_word' id='word_1_294' title='bbox 848 3067 987 3139; x_wconf 47' lang='lat' dir='ltr'>Parem</span> <span class='ocrx_word' id='word_1_295' title='bbox 1015 3069 1053 3186; x_wconf 60' lang='lat' dir='ltr'><strong>ln</strong></span> <span class='ocrx_word' id='word_1_296' title='bbox 1076 3091 1223 3184; x_wconf 61' lang='lat' dir='ltr'><strong>n⁰m¹¹l⁰</strong></span> <span class='ocrx_word' id='word_1_297' title='bbox 1272 3117 1351 3208; x_wconf 89' lang='lat' dir='ltr'><strong>ligis</strong></span> <span class='ocrx_word' id='word_1_298' title='bbox 1368 3119 1434 3187; x_wconf 89' lang='lat' dir='ltr'><strong>tibi</strong></span> <span class='ocrx_word' id='word_1_299' title='bbox 1449 3115 1641 3188; x_wconf 78' lang='lat' dir='ltr'><strong>Ecclesiam</strong></span> <span class='ocrx_word' id='word_1_300' title='bbox 1659 3121 1831 3191; x_wconf 90' lang='lat' dir='ltr'><strong>internos</strong></span> <span class='ocrx_word' id='word_1_301' title='bbox 1847 3145 2006 3215; x_wconf 88' lang='lat' dir='ltr'><strong>quoque,</strong></span> <span class='ocrx_word' id='word_1_302' title='bbox 2030 3124 2189 3192; x_wconf 88' lang='lat' dir='ltr'><strong>ostendis</strong></span> <span class='ocrx_word' id='word_1_303' title='bbox 2202 3122 2252 3188; x_wconf 91' lang='lat' dir='ltr'><strong>ln·</strong></span> 
     </span>
     <span class='ocr_line' id='line_1_31' title="bbox 238 3163 2252 3310; baseline 0.011 -46"><span class='ocrx_word' id='word_1_304' title='bbox 238 3203 337 3263; x_wconf 61' lang='grc'><strong>16806</strong></span> <span class='ocrx_word' id='word_1_305' title='bbox 365 3175 468 3244; x_wconf 57' lang='lat' dir='ltr'><strong>dibu</strong></span> <span class='ocrx_word' id='word_1_306' title='bbox 488 3171 600 3244; x_wconf 63' lang='lat' dir='ltr'><strong>l⁰b¹⁸·</strong></span> <span class='ocrx_word' id='word_1_307' title='bbox 649 3169 771 3240; x_wconf 56' lang='lat' dir='ltr'><strong>&amp;ml</strong></span> <span class='ocrx_word' id='word_1_308' title='bbox 788 3166 883 3240; x_wconf 59' lang='lat' dir='ltr'><strong>nem</strong></span> <span class='ocrx_word' id='word_1_309' title='bbox 899 3165 1076 3238; x_wconf 65' lang='lat' dir='ltr'><strong>E⁰⁶¹⁰⁵¹³⁸</strong></span> <span class='ocrx_word' id='word_1_310' title='bbox 1100 3163 1223 3257; x_wconf 70' lang='lat' dir='ltr'><strong>h⁰⁸p¹‘</strong></span> <span class='ocrx_word' id='word_1_311' title='bbox 1272 3242 1346 3288; x_wconf 88' lang='lat' dir='ltr'><strong>cem</strong></span> <span class='ocrx_word' id='word_1_312' title='bbox 1361 3219 1541 3287; x_wconf 86' lang='lat' dir='ltr'><strong>doctrinae</strong></span> <span class='ocrx_word' id='word_1_313' title='bbox 1565 3233 1645 3288; x_wconf 90' lang='lat' dir='ltr'><strong>tuae</strong></span> <span class='ocrx_word' id='word_1_314' title='bbox 1672 3234 1706 3290; x_wconf 89' lang='lat' dir='ltr'><strong>et</strong></span> <span class='ocrx_word' id='word_1_315' title='bbox 1726 3221 1929 3306; x_wconf 87' lang='lat' dir='ltr'><strong>literarum,</strong></span> <span class='ocrx_word' id='word_1_316' title='bbox 1953 3236 1986 3292; x_wconf 88' lang='lat' dir='ltr'><strong>et</strong></span> <span class='ocrx_word' id='word_1_317' title='bbox 2004 3244 2125 3292; x_wconf 88' lang='lat' dir='ltr'><strong>servas</strong></span> <span class='ocrx_word' id='word_1_318' title='bbox 2139 3217 2252 3310; x_wconf 91' lang='lat' dir='ltr'><strong>hospi-</strong></span> 
     </span>
    </p>
   </div>
   <div class='ocr_carea' id='block_1_8' title="bbox 240 3268 2252 3413">
    <p class='ocr_par' dir='ltr' id='par_1_9' title="bbox 240 3268 2252 3413">
     <span class='ocr_line' id='line_1_32' title="bbox 240 3268 2252 3413; baseline 0.012 -50"><span class='ocrx_word' id='word_1_319' title='bbox 240 3279 310 3360; x_wconf 61' lang='grc'><strong>118,</strong></span> <span class='ocrx_word' id='word_1_320' title='bbox 335 3275 487 3344; x_wconf 60' lang='grc'><strong>1311111111</strong></span> <span class='ocrx_word' id='word_1_321' title='bbox 501 3285 537 3342; x_wconf 69' lang='lat'><strong>⁰²</strong></span> <span class='ocrx_word' id='word_1_322' title='bbox 556 3283 647 3340; x_wconf 63' lang='lat'>“²⁸³⁸</span> <span class='ocrx_word' id='word_1_323' title='bbox 666 3271 808 3360; x_wconf 62' lang='lat'><strong>&#39;‘⁸9⁰¹&#39;&#39;</strong></span> <span class='ocrx_word' id='word_1_324' title='bbox 822 3271 882 3339; x_wconf 60' lang='lat' dir='ltr'><strong>dat</strong></span> <span class='ocrx_word' id='word_1_325' title='bbox 898 3269 1012 3338; x_wconf 59' lang='lat' dir='ltr'><strong>lucem</strong></span> <span class='ocrx_word' id='word_1_326' title='bbox 1030 3268 1223 3351; x_wconf 47' lang='lat' dir='ltr'><strong>‘&#39;mina‘’</strong></span> <span class='ocrx_word' id='word_1_327' title='bbox 1272 3319 1321 3388; x_wconf 89' lang='lat' dir='ltr'><strong>tia</strong></span> <span class='ocrx_word' id='word_1_328' title='bbox 1346 3318 1535 3386; x_wconf 89' lang='lat' dir='ltr'><strong>mediocria</strong></span> <span class='ocrx_word' id='word_1_329' title='bbox 1552 3315 1741 3394; x_wconf 87' lang='lat' dir='ltr'><strong>Ecclesiae.</strong></span> <span class='ocrx_word' id='word_1_330' title='bbox 1792 3317 1917 3413; x_wconf 88' lang='lat' dir='ltr'><strong>Teque</strong></span> <span class='ocrx_word' id='word_1_331' title='bbox 1938 3321 2148 3392; x_wconf 88' lang='lat' dir='ltr'><strong>ardentibus</strong></span> <span class='ocrx_word' id='word_1_332' title='bbox 2168 3319 2252 3389; x_wconf 86' lang='lat' dir='ltr'><strong>votis</strong></span> 
     </span>
    </p>
   </div>
   <div class='ocr_carea' id='block_1_9' title="bbox 241 3368 2250 3510">
    <p class='ocr_par' dir='ltr' id='par_1_10' title="bbox 241 3368 2250 3510">
     <span class='ocr_line' id='line_1_33' title="bbox 241 3368 2250 3510; baseline 0.014 -49"><span class='ocrx_word' id='word_1_333' title='bbox 241 3375 408 3450; x_wconf 70' lang='lat' dir='ltr'><strong>l¹0⁰²⁸l³⁰</strong></span> <span class='ocrx_word' id='word_1_334' title='bbox 430 3371 635 3464; x_wconf 52' lang='grc' dir='ltr'><strong>(115111Ῑῖ131</strong></span> <span class='ocrx_word' id='word_1_335' title='bbox 665 3371 955 3459; x_wconf 60' lang='lat' dir='ltr'><strong>dub²¹¹¹³tl⁰¹¹⁰¹⁰</strong></span> <span class='ocrx_word' id='word_1_336' title='bbox 983 3383 1018 3440; x_wconf 60' lang='lat'><strong>‘²</strong></span> <span class='ocrx_word' id='word_1_337' title='bbox 1048 3368 1223 3483; x_wconf 40' lang='lat' dir='ltr'><strong>defensi&amp;</strong></span> <span class='ocrx_word' id='word_1_338' title='bbox 1273 3441 1415 3486; x_wconf 90' lang='lat' dir='ltr'><strong>oramus</strong></span> <span class='ocrx_word' id='word_1_339' title='bbox 1437 3431 1580 3510; x_wconf 87' lang='lat' dir='ltr'><strong>propter</strong></span> <span class='ocrx_word' id='word_1_340' title='bbox 1601 3417 1734 3490; x_wconf 85' lang='lat' dir='ltr'><strong>Filium</strong></span> <span class='ocrx_word' id='word_1_341' title='bbox 1759 3433 1860 3490; x_wconf 88' lang='lat' dir='ltr'><strong>tunm</strong></span> <span class='ocrx_word' id='word_1_342' title='bbox 1878 3417 2072 3490; x_wconf 89' lang='lat' dir='ltr'><strong>Dominum</strong></span> <span class='ocrx_word' id='word_1_343' title='bbox 2096 3436 2250 3490; x_wconf 85' lang='lat' dir='ltr'><strong>nostrum</strong></span> 
     </span>
    </p>
   </div>
   <div class='ocr_carea' id='block_1_10' title="bbox 239 3470 2251 3608">
    <p class='ocr_par' dir='ltr' id='par_1_11' title="bbox 239 3470 2251 3608">
     <span class='ocr_line' id='line_1_34' title="bbox 239 3470 2251 3608; baseline 0.002 -60"><span class='ocrx_word' id='word_1_344' title='bbox 239 3503 333 3562; x_wconf 87' lang='lat' dir='ltr'><strong>nem,</strong></span> <span class='ocrx_word' id='word_1_345' title='bbox 359 3477 539 3546; x_wconf 86' lang='lat' dir='ltr'><strong>moderata</strong></span> <span class='ocrx_word' id='word_1_346' title='bbox 552 3485 585 3540; x_wconf 91' lang='lat' dir='ltr'><strong>et</strong></span> <span class='ocrx_word' id='word_1_347' title='bbox 601 3471 791 3563; x_wconf 86' lang='lat' dir='ltr'><strong>tranquilla</strong></span> <span class='ocrx_word' id='word_1_348' title='bbox 806 3470 964 3562; x_wconf 88' lang='lat' dir='ltr'><strong>imperia,</strong></span> <span class='ocrx_word' id='word_1_349' title='bbox 987 3483 1129 3561; x_wconf 88' lang='lat' dir='ltr'><strong>propter</strong></span> <span class='ocrx_word' id='word_1_350' title='bbox 1144 3491 1222 3558; x_wconf 82' lang='lat' dir='ltr'><strong>pso·</strong></span> <span class='ocrx_word' id='word_1_351' title='bbox 1272 3516 1388 3587; x_wconf 54' lang='lat' dir='ltr'><strong>lesum</strong></span> <span class='ocrx_word' id='word_1_352' title='bbox 1405 3513 1607 3602; x_wconf 52' lang='lat' dir='ltr'><strong>Christum,</strong></span> <span class='ocrx_word' id='word_1_353' title='bbox 1632 3519 1835 3588; x_wconf 56' lang='lat' dir='ltr'>crucifixum</span> <span class='ocrx_word' id='word_1_354' title='bbox 1852 3545 1914 3608; x_wconf 67' lang='lat' dir='ltr'><strong>pm</strong></span> <span class='ocrx_word' id='word_1_355' title='bbox 1929 3521 2034 3590; x_wconf 52' lang='lat' dir='ltr'><strong>nobi,</strong></span> <span class='ocrx_word' id='word_1_356' title='bbox 2055 3535 2090 3592; x_wconf 59' lang='lat' dir='ltr'><strong>e,</strong></span> <span class='ocrx_word' id='word_1_357' title='bbox 2108 3519 2251 3592; x_wconf 58' lang='lat' dir='ltr'><strong>musci,</strong></span> 
     </span>
    </p>
   </div>
   <div class='ocr_carea' id='block_1_11' title="bbox 239 3567 2249 3716">
    <p class='ocr_par' dir='ltr' id='par_1_12' title="bbox 239 3567 2249 3716">
     <span class='ocr_line' id='line_1_35' title="bbox 239 3567 2249 3716; baseline 0.016 -72"><span class='ocrx_word' id='word_1_358' title='bbox 239 3605 320 3650; x_wconf 81' lang='lat' dir='ltr'><strong>rum</strong></span> <span class='ocrx_word' id='word_1_359' title='bbox 335 3599 464 3670; x_wconf 90' lang='lat' dir='ltr'><strong>preces.</strong></span> <span class='ocrx_word' id='word_1_360' title='bbox 515 3571 600 3643; x_wconf 90' lang='lat' dir='ltr'><strong>ldeo</strong></span> <span class='ocrx_word' id='word_1_361' title='bbox 616 3567 924 3664; x_wconf 68' lang='lat' dir='ltr'><strong>(haristusinquit,</strong></span> <span class='ocrx_word' id='word_1_362' title='bbox 949 3593 1030 3640; x_wconf 89' lang='lat' dir='ltr'><strong>suos</strong></span> <span class='ocrx_word' id='word_1_363' title='bbox 1045 3569 1222 3640; x_wconf 88' lang='lat' dir='ltr'><strong>auditores</strong></span> <span class='ocrx_word' id='word_1_364' title='bbox 1272 3619 1401 3701; x_wconf 51' lang='lat' dir='ltr'><strong>pamm,</strong></span> <span class='ocrx_word' id='word_1_365' title='bbox 1426 3615 1539 3716; x_wconf 55' lang='grc' dir='ltr'><em>λόγον</em></span> <span class='ocrx_word' id='word_1_366' title='bbox 1561 3613 1625 3690; x_wconf 64' lang='grc' dir='ltr'><strong>καὶ</strong></span> <span class='ocrx_word' id='word_1_367' title='bbox 1647 3614 1772 3690; x_wconf 52' lang='grc' dir='ltr'><em>εἰκόνα</em></span> <span class='ocrx_word' id='word_1_368' title='bbox 1798 3613 1922 3692; x_wconf 52' lang='grc' dir='ltr'>ἀΐδιον</span> <span class='ocrx_word' id='word_1_369' title='bbox 1945 3640 2033 3711; x_wconf 61' lang='grc' dir='ltr'><strong>σου,</strong></span> <span class='ocrx_word' id='word_1_370' title='bbox 2065 3645 2172 3714; x_wconf 64' lang='lat' dir='ltr'><strong>quem</strong></span> <span class='ocrx_word' id='word_1_371' title='bbox 2194 3644 2249 3688; x_wconf 79' lang='lat' dir='ltr'><strong>vo.</strong></span> 
     </span>
    </p>
   </div>
   <div class='ocr_carea' id='block_1_12' title="bbox 238 3667 2250 3814">
    <p class='ocr_par' dir='ltr' id='par_1_13' title="bbox 238 3667 2250 3814">
     <span class='ocr_line' id='line_1_36' title="bbox 238 3667 2250 3814; baseline 0.013 -52"><span class='ocrx_word' id='word_1_372' title='bbox 238 3682 346 3752; x_wconf 55' lang='lat' dir='ltr'><strong>ellam</strong></span> <span class='ocrx_word' id='word_1_373' title='bbox 363 3677 497 3746; x_wconf 62' lang='lat' dir='ltr'><strong>mim</strong></span> <span class='ocrx_word' id='word_1_374' title='bbox 510 3672 679 3742; x_wconf 67' lang='lat' dir='ltr'><strong>ml¹²⁰¹¹¹³</strong></span> <span class='ocrx_word' id='word_1_375' title='bbox 693 3673 846 3742; x_wconf 69' lang='lat' dir='ltr'><strong>f³⁶¹¹¹¹⁰⁸</strong></span> <span class='ocrx_word' id='word_1_376' title='bbox 865 3693 956 3756; x_wconf 68' lang='lat'><strong>‘⁸⁸²’</strong></span> <span class='ocrx_word' id='word_1_377' title='bbox 979 3695 1084 3763; x_wconf 58' lang='lat' dir='ltr'><strong>‘luam</strong></span> <span class='ocrx_word' id='word_1_378' title='bbox 1103 3667 1221 3760; x_wconf 63' lang='lat' dir='ltr'><strong>q⁰³li³</strong></span> <span class='ocrx_word' id='word_1_379' title='bbox 1272 3719 1369 3788; x_wconf 91' lang='lat' dir='ltr'><strong>luisti</strong></span> <span class='ocrx_word' id='word_1_380' title='bbox 1394 3743 1460 3809; x_wconf 86' lang='lat' dir='ltr'><strong>pro</strong></span> <span class='ocrx_word' id='word_1_381' title='bbox 1486 3719 1590 3788; x_wconf 92' lang='lat' dir='ltr'><strong>nobis</strong></span> <span class='ocrx_word' id='word_1_382' title='bbox 1616 3741 1689 3788; x_wconf 88' lang='lat' dir='ltr'><strong>esse</strong></span> <span class='ocrx_word' id='word_1_383' title='bbox 1715 3719 1913 3800; x_wconf 90' lang='lat' dir='ltr'><strong>victimam,</strong></span> <span class='ocrx_word' id='word_1_384' title='bbox 1938 3717 2003 3790; x_wconf 75' lang='grc' dir='ltr'><strong>καὶ</strong></span> <span class='ocrx_word' id='word_1_385' title='bbox 2021 3712 2250 3814; x_wconf 66' lang='lat' dir='ltr'><strong>gualcaudi</strong></span> 
     </span>
    </p>
   </div>
   <div class='ocr_carea' id='block_1_13' title="bbox 239 3769 2301 3911">
    <p class='ocr_par' dir='ltr' id='par_1_14' title="bbox 239 3769 2301 3911">
     <span class='ocr_line' id='line_1_37' title="bbox 239 3769 2301 3911; baseline 0.014 -47"><span class='ocrx_word' id='word_1_386' title='bbox 239 3782 402 3850; x_wconf 63' lang='grc' dir='ltr'><strong>11110ῑὸ61</strong></span> <span class='ocrx_word' id='word_1_387' title='bbox 431 3777 471 3844; x_wconf 68' lang='grc'><strong>111</strong></span> <span class='ocrx_word' id='word_1_388' title='bbox 504 3772 670 3850; x_wconf 55' lang='grc'><strong>1111111111*</strong></span> <span class='ocrx_word' id='word_1_389' title='bbox 703 3773 870 3860; x_wconf 42' lang='lat' dir='ltr'><strong>“mih</strong></span> <span class='ocrx_word' id='word_1_390' title='bbox 906 3783 940 3840; x_wconf 58' lang='lat' dir='ltr'><strong>‘l</strong></span> <span class='ocrx_word' id='word_1_391' title='bbox 972 3769 1222 3842; x_wconf 57' lang='lat' dir='ltr'><strong>¹⁰⁵⁰⁸⁶i²³¹¹di⁸</strong></span> <span class='ocrx_word' id='word_1_392' title='bbox 1271 3815 1394 3911; x_wconf 76' lang='grc' dir='ltr'><em>ἱκέτην</em></span> <span class='ocrx_word' id='word_1_393' title='bbox 1415 3818 1577 3888; x_wconf 91' lang='lat' dir='ltr'><strong>mirando</strong></span> <span class='ocrx_word' id='word_1_394' title='bbox 1602 3819 1769 3904; x_wconf 91' lang='lat' dir='ltr'><strong>consilio,</strong></span> <span class='ocrx_word' id='word_1_395' title='bbox 1793 3820 1987 3906; x_wconf 88' lang='lat' dir='ltr'><strong>sanctifica,</strong></span> <span class='ocrx_word' id='word_1_396' title='bbox 2011 3844 2112 3910; x_wconf 86' lang='lat' dir='ltr'><strong>rege,</strong></span> <span class='ocrx_word' id='word_1_397' title='bbox 2139 3835 2172 3890; x_wconf 89' lang='lat' dir='ltr'><strong>et</strong></span> <span class='ocrx_word' id='word_1_398' title='bbox 2191 3821 2249 3887; x_wconf 93' lang='lat' dir='ltr'><strong>do-</strong></span> <span class='ocrx_word' id='word_1_399' title='bbox 2300 3829 2301 3892; x_wconf 79' lang='lat' dir='ltr'><strong>l</strong></span> 
     </span>
    </p>
   </div>
   <div class='ocr_carea' id='block_1_14' title="bbox 230 3917 2299 5327">
    <p class='ocr_par' dir='ltr' id='par_1_15' title="bbox 1271 3899 2301 4112">
     <span class='ocr_line' id='line_1_38' title="bbox 1272 3917 2247 4011; baseline -0.003 -23"><span class='ocrx_word' id='word_1_400' title='bbox 1272 3941 1329 4002; x_wconf 91' lang='grc'><strong>66,</strong></span> <span class='ocrx_word' id='word_1_401' title='bbox 1359 3919 1508 3988; x_wconf 87' lang='grc'><strong>6666666</strong></span> <span class='ocrx_word' id='word_1_402' title='bbox 1528 3932 1563 3988; x_wconf 91' lang='grc'><strong>61</strong></span> <span class='ocrx_word' id='word_1_403' title='bbox 1579 3917 1661 3988; x_wconf 87' lang='lat' dir='ltr'><strong>iuva</strong></span> <span class='ocrx_word' id='word_1_404' title='bbox 1683 3943 1748 3989; x_wconf 94' lang='lat' dir='ltr'><strong>nos</strong></span> <span class='ocrx_word' id='word_1_405' title='bbox 1767 3918 1905 4011; x_wconf 90' lang='lat' dir='ltr'><strong>Spiritu</strong></span> <span class='ocrx_word' id='word_1_406' title='bbox 1931 3935 2051 3990; x_wconf 90' lang='lat' dir='ltr'><strong>sancto</strong></span> <span class='ocrx_word' id='word_1_407' title='bbox 2069 3935 2153 4000; x_wconf 87' lang='lat' dir='ltr'><strong>tuo,</strong></span> <span class='ocrx_word' id='word_1_408' title='bbox 2182 3919 2247 3988; x_wconf 93' lang='lat' dir='ltr'><strong>col·</strong></span> 
     </span>
     <span class='ocr_line' id='line_1_39' title="bbox 1271 4015 2247 4112; baseline -0.001 -26"><span class='ocrx_word' id='word_1_409' title='bbox 1271 4019 1341 4108; x_wconf 91' lang='lat' dir='ltr'><strong>lige</strong></span> <span class='ocrx_word' id='word_1_410' title='bbox 1372 4017 1439 4088; x_wconf 90' lang='lat' dir='ltr'><strong>tibi</strong></span> <span class='ocrx_word' id='word_1_411' title='bbox 1469 4019 1562 4089; x_wconf 91' lang='lat' dir='ltr'><strong>inter</strong></span> <span class='ocrx_word' id='word_1_412' title='bbox 1593 4042 1659 4088; x_wconf 89' lang='lat' dir='ltr'><strong>nos</strong></span> <span class='ocrx_word' id='word_1_413' title='bbox 1686 4015 1879 4090; x_wconf 88' lang='lat' dir='ltr'><strong>Ecclesiam</strong></span> <span class='ocrx_word' id='word_1_414' title='bbox 1906 4031 1941 4089; x_wconf 92' lang='grc'><strong>16</strong></span> <span class='ocrx_word' id='word_1_415' title='bbox 1973 4036 2141 4112; x_wconf 87' lang='lat' dir='ltr'><strong>perpetuo</strong></span> <span class='ocrx_word' id='word_1_416' title='bbox 2167 4019 2247 4088; x_wconf 82' lang='lat' dir='ltr'><strong>cele·</strong></span> 
     </span>
    </p>

    <p class='ocr_par' dir='ltr' id='par_1_16' title="bbox 230 4117 2300 5327">
     <span class='ocr_line' id='line_1_40' title="bbox 336 4117 2245 4218; baseline -0.007 -18"><span class='ocrx_word' id='word_1_417' title='bbox 336 4125 384 4200; x_wconf 90' lang='lat' dir='ltr'><strong>Et</strong></span> <span class='ocrx_word' id='word_1_418' title='bbox 401 4150 450 4196; x_wconf 93' lang='lat' dir='ltr'><strong>ne</strong></span> <span class='ocrx_word' id='word_1_419' title='bbox 469 4135 729 4218; x_wconf 82' lang='lat' dir='ltr'><strong>putemusvota</strong></span> <span class='ocrx_word' id='word_1_420' title='bbox 749 4134 871 4192; x_wconf 90' lang='lat' dir='ltr'><strong>nostra</strong></span> <span class='ocrx_word' id='word_1_421' title='bbox 893 4119 993 4190; x_wconf 86' lang='lat' dir='ltr'><strong>irrita</strong></span> <span class='ocrx_word' id='word_1_422' title='bbox 1017 4141 1108 4202; x_wconf 86' lang='lat' dir='ltr'><strong>esse,</strong></span> <span class='ocrx_word' id='word_1_423' title='bbox 1134 4117 1221 4187; x_wconf 89' lang='lat' dir='ltr'><strong>scia·</strong></span> <span class='ocrx_word' id='word_1_424' title='bbox 1272 4119 1470 4206; x_wconf 84' lang='lat' dir='ltr'><strong>braturam,</strong></span> <span class='ocrx_word' id='word_1_425' title='bbox 1503 4143 1568 4188; x_wconf 90' lang='lat' dir='ltr'><strong>nec</strong></span> <span class='ocrx_word' id='word_1_426' title='bbox 1595 4119 1690 4188; x_wconf 91' lang='lat' dir='ltr'><strong>sinas</strong></span> <span class='ocrx_word' id='word_1_427' title='bbox 1716 4119 1872 4208; x_wconf 81' lang='lat' dir='ltr'><strong>extingui</strong></span> <span class='ocrx_word' id='word_1_428' title='bbox 1904 4119 1962 4209; x_wconf 92' lang='lat' dir='ltr'><strong>pia</strong></span> <span class='ocrx_word' id='word_1_429' title='bbox 1988 4121 2103 4192; x_wconf 89' lang='lat' dir='ltr'><strong>studia</strong></span> <span class='ocrx_word' id='word_1_430' title='bbox 2132 4121 2245 4191; x_wconf 89' lang='grc'><strong>6166-</strong></span> 
     </span>
     <span class='ocr_line' id='line_1_41' title="bbox 238 4215 2245 4316; baseline -0.009 -14"><span class='ocrx_word' id='word_1_431' title='bbox 238 4225 318 4302; x_wconf 84' lang='lat' dir='ltr'><strong>mus</strong></span> <span class='ocrx_word' id='word_1_432' title='bbox 351 4253 417 4298; x_wconf 91' lang='lat' dir='ltr'><strong>nos</strong></span> <span class='ocrx_word' id='word_1_433' title='bbox 448 4249 523 4296; x_wconf 89' lang='lat' dir='ltr'><strong>nun</strong></span> <span class='ocrx_word' id='word_1_434' title='bbox 549 4225 642 4294; x_wconf 90' lang='lat' dir='ltr'><strong>solos</strong></span> <span class='ocrx_word' id='word_1_435' title='bbox 671 4223 819 4316; x_wconf 81' lang='lat' dir='ltr'><strong>precari.</strong></span> <span class='ocrx_word' id='word_1_436' title='bbox 874 4219 944 4292; x_wconf 89' lang='lat' dir='ltr'><strong>Sed</strong></span> <span class='ocrx_word' id='word_1_437' title='bbox 971 4219 1110 4290; x_wconf 87' lang='lat' dir='ltr'><strong>assidue</strong></span> <span class='ocrx_word' id='word_1_438' title='bbox 1133 4231 1221 4288; x_wconf 88' lang='lat' dir='ltr'><strong>astat</strong></span> <span class='ocrx_word' id='word_1_439' title='bbox 1271 4220 1405 4289; x_wconf 91' lang='grc'><strong>6161666</strong></span> <span class='ocrx_word' id='word_1_440' title='bbox 1430 4219 1557 4290; x_wconf 83' lang='lat' dir='ltr'><strong>lucem.</strong></span> <span class='ocrx_word' id='word_1_441' title='bbox 1615 4219 1723 4290; x_wconf 82' lang='lat' dir='ltr'><strong>Serva</strong></span> <span class='ocrx_word' id='word_1_442' title='bbox 1746 4220 1850 4290; x_wconf 89' lang='lat' dir='ltr'><strong>etiam</strong></span> <span class='ocrx_word' id='word_1_443' title='bbox 1878 4215 1942 4288; x_wconf 90' lang='lat' dir='ltr'><strong>has</strong></span> <span class='ocrx_word' id='word_1_444' title='bbox 1967 4221 2127 4312; x_wconf 89' lang='lat' dir='ltr'><strong>politiss,</strong></span> <span class='ocrx_word' id='word_1_445' title='bbox 2167 4239 2245 4312; x_wconf 80' lang='lat' dir='ltr'><strong>quae</strong></span> 
     </span>
     <span class='ocr_line' id='line_1_42' title="bbox 236 4315 2244 4411; baseline -0.009 -9"><span class='ocrx_word' id='word_1_446' title='bbox 236 4315 493 4402; x_wconf 53' lang='lat' dir='ltr'><strong>astemo&#39;l&#39;atri</strong></span> <span class='ocrx_word' id='word_1_447' title='bbox 508 4339 628 4395; x_wconf 90' lang='lat' dir='ltr'><strong>noster</strong></span> <span class='ocrx_word' id='word_1_448' title='bbox 649 4322 821 4394; x_wconf 82' lang='lat' dir='ltr'><strong>Sacerdos</strong></span> <span class='ocrx_word' id='word_1_449' title='bbox 832 4320 1009 4392; x_wconf 90' lang='lat' dir='ltr'><strong>Dominus</strong></span> <span class='ocrx_word' id='word_1_450' title='bbox 1030 4334 1151 4392; x_wconf 90' lang='lat' dir='ltr'><strong>noster</strong></span> <span class='ocrx_word' id='word_1_451' title='bbox 1167 4317 1220 4388; x_wconf 90' lang='grc'><strong>16-</strong></span> <span class='ocrx_word' id='word_1_452' title='bbox 1272 4333 1355 4389; x_wconf 93' lang='lat' dir='ltr'><strong>sunt</strong></span> <span class='ocrx_word' id='word_1_453' title='bbox 1375 4315 1532 4411; x_wconf 84' lang='lat' dir='ltr'><strong>hospitia</strong></span> <span class='ocrx_word' id='word_1_454' title='bbox 1549 4315 1745 4404; x_wconf 84' lang='lat' dir='ltr'><strong>Ecclesiae,</strong></span> <span class='ocrx_word' id='word_1_455' title='bbox 1769 4333 1923 4390; x_wconf 90' lang='grc'><strong>6116666</strong></span> <span class='ocrx_word' id='word_1_456' title='bbox 1944 4316 2128 4392; x_wconf 88' lang='lat' dir='ltr'><strong>honestam</strong></span> <span class='ocrx_word' id='word_1_457' title='bbox 2148 4317 2244 4390; x_wconf 88' lang='lat' dir='ltr'><strong>disci·</strong></span> 
     </span>
     <span class='ocr_line' id='line_1_43' title="bbox 237 4419 2244 4517; baseline -0.01 -14"><span class='ocrx_word' id='word_1_458' title='bbox 237 4455 297 4503; x_wconf 88' lang='lat' dir='ltr'><strong>sus</strong></span> <span class='ocrx_word' id='word_1_459' title='bbox 310 4427 492 4508; x_wconf 89' lang='lat' dir='ltr'><strong>Christus,</strong></span> <span class='ocrx_word' id='word_1_460' title='bbox 521 4449 587 4517; x_wconf 85' lang='lat' dir='ltr'><strong>pro</strong></span> <span class='ocrx_word' id='word_1_461' title='bbox 609 4425 714 4493; x_wconf 88' lang='lat' dir='ltr'><strong>nobis</strong></span> <span class='ocrx_word' id='word_1_462' title='bbox 728 4421 911 4492; x_wconf 82' lang='lat' dir='ltr'><strong>crucifixus</strong></span> <span class='ocrx_word' id='word_1_463' title='bbox 932 4434 966 4491; x_wconf 94' lang='lat' dir='ltr'><strong>et</strong></span> <span class='ocrx_word' id='word_1_464' title='bbox 986 4419 1221 4504; x_wconf 86' lang='lat' dir='ltr'><strong>resuscitatus,</strong></span> <span class='ocrx_word' id='word_1_465' title='bbox 1272 4420 1425 4511; x_wconf 91' lang='lat' dir='ltr'><strong>plinam,</strong></span> <span class='ocrx_word' id='word_1_466' title='bbox 1448 4431 1482 4488; x_wconf 95' lang='grc'><strong>61</strong></span> <span class='ocrx_word' id='word_1_467' title='bbox 1496 4443 1578 4507; x_wconf 89' lang='lat' dir='ltr'><strong>rege</strong></span> <span class='ocrx_word' id='word_1_468' title='bbox 1594 4443 1634 4489; x_wconf 89' lang='lat' dir='ltr'><strong>ac</strong></span> <span class='ocrx_word' id='word_1_469' title='bbox 1649 4420 1799 4489; x_wconf 85' lang='lat' dir='ltr'><strong>deiende</strong></span> <span class='ocrx_word' id='word_1_470' title='bbox 1812 4421 2009 4511; x_wconf 89' lang='lat' dir='ltr'><strong>principem</strong></span> <span class='ocrx_word' id='word_1_471' title='bbox 2026 4435 2196 4503; x_wconf 77' lang='grc'><strong>66616666,</strong></span> <span class='ocrx_word' id='word_1_472' title='bbox 2215 4427 2244 4484; x_wconf 87' lang='grc'><strong>61</strong></span> 
     </span>
     <span class='ocr_line' id='line_1_44' title="bbox 234 4519 2242 4627; baseline -0.009 -25"><span class='ocrx_word' id='word_1_473' title='bbox 234 4535 299 4627; x_wconf 87' lang='lat' dir='ltr'><strong>qui</strong></span> <span class='ocrx_word' id='word_1_474' title='bbox 324 4555 405 4600; x_wconf 88' lang='lat' dir='ltr'><strong>vere</strong></span> <span class='ocrx_word' id='word_1_475' title='bbox 427 4528 578 4598; x_wconf 83' lang='lat' dir='ltr'><strong>aflicitur</strong></span> <span class='ocrx_word' id='word_1_476' title='bbox 597 4525 726 4594; x_wconf 91' lang='lat' dir='ltr'><strong>nostris</strong></span> <span class='ocrx_word' id='word_1_477' title='bbox 746 4523 945 4607; x_wconf 81' lang='grc'><strong>6666666616,</strong></span> <span class='ocrx_word' id='word_1_478' title='bbox 978 4535 1013 4590; x_wconf 89' lang='grc'><strong>61</strong></span> <span class='ocrx_word' id='word_1_479' title='bbox 1036 4521 1220 4591; x_wconf 89' lang='lat' dir='ltr'><strong>nobiscum</strong></span> <span class='ocrx_word' id='word_1_480' title='bbox 1271 4543 1393 4590; x_wconf 92' lang='lat' dir='ltr'><strong>omnes</strong></span> <span class='ocrx_word' id='word_1_481' title='bbox 1422 4519 1590 4590; x_wconf 88' lang='lat' dir='ltr'><strong>salutares</strong></span> <span class='ocrx_word' id='word_1_482' title='bbox 1612 4521 1875 4609; x_wconf 86' lang='lat' dir='ltr'><strong>gubernatores.</strong></span> <span class='ocrx_word' id='word_1_483' title='bbox 1934 4519 2031 4590; x_wconf 89' lang='lat' dir='ltr'><strong>Haec</strong></span> <span class='ocrx_word' id='word_1_484' title='bbox 2057 4521 2183 4604; x_wconf 79' lang='lat' dir='ltr'><strong>tacito,</strong></span> <span class='ocrx_word' id='word_1_485' title='bbox 2209 4528 2242 4586; x_wconf 89' lang='lat' dir='ltr'><strong>ut</strong></span> 
     </span>
     <span class='ocr_line' id='line_1_45' title="bbox 237 4619 2299 4725; baseline -0.007 -24"><span class='ocrx_word' id='word_1_486' title='bbox 237 4647 418 4725; x_wconf 87' lang='lat' dir='ltr'><strong>precatur,</strong></span> <span class='ocrx_word' id='word_1_487' title='bbox 450 4652 494 4696; x_wconf 92' lang='lat' dir='ltr'><strong>ne</strong></span> <span class='ocrx_word' id='word_1_488' title='bbox 529 4629 748 4709; x_wconf 84' lang='lat' dir='ltr'><strong>deseramur,</strong></span> <span class='ocrx_word' id='word_1_489' title='bbox 786 4647 875 4694; x_wconf 87' lang='lat' dir='ltr'><strong>neve</strong></span> <span class='ocrx_word' id='word_1_490' title='bbox 907 4621 1127 4692; x_wconf 79' lang='lat' dir='ltr'><strong>abiiciamur.</strong></span> <span class='ocrx_word' id='word_1_491' title='bbox 1179 4619 1221 4690; x_wconf 90' lang='lat' dir='ltr'><strong>ln</strong></span> <span class='ocrx_word' id='word_1_492' title='bbox 1271 4633 1330 4692; x_wconf 91' lang='lat' dir='ltr'><strong>tua</strong></span> <span class='ocrx_word' id='word_1_493' title='bbox 1347 4619 1457 4710; x_wconf 91' lang='lat' dir='ltr'><strong>gloria</strong></span> <span class='ocrx_word' id='word_1_494' title='bbox 1474 4643 1555 4689; x_wconf 90' lang='lat' dir='ltr'><strong>vere</strong></span> <span class='ocrx_word' id='word_1_495' title='bbox 1571 4619 1780 4705; x_wconf 89' lang='lat' dir='ltr'><strong>celebretur,</strong></span> <span class='ocrx_word' id='word_1_496' title='bbox 1800 4621 1890 4690; x_wconf 88' lang='lat' dir='ltr'><strong>sicut</strong></span> <span class='ocrx_word' id='word_1_497' title='bbox 1905 4620 2098 4711; x_wconf 84' lang='lat' dir='ltr'><strong>pmmisisti</strong></span> <span class='ocrx_word' id='word_1_498' title='bbox 2113 4623 2152 4690; x_wconf 92' lang='lat' dir='ltr'><strong>in</strong></span> <span class='ocrx_word' id='word_1_499' title='bbox 2168 4641 2241 4690; x_wconf 89' lang='lat' dir='ltr'><strong>eon·</strong></span> <span class='ocrx_word' id='word_1_500' title='bbox 2298 4651 2299 4708; x_wconf 66' lang='lat'>3</span> 
     </span>
     <span class='ocr_line' id='line_1_46' title="bbox 235 4715 2299 4821; baseline -0.007 -18"><span class='ocrx_word' id='word_1_501' title='bbox 235 4729 333 4803; x_wconf 88' lang='lat' dir='ltr'><strong>hunc</strong></span> <span class='ocrx_word' id='word_1_502' title='bbox 346 4753 486 4821; x_wconf 87' lang='lat' dir='ltr'><strong>semper</strong></span> <span class='ocrx_word' id='word_1_503' title='bbox 506 4729 710 4796; x_wconf 89' lang='lat' dir='ltr'><strong>intueantur</strong></span> <span class='ocrx_word' id='word_1_504' title='bbox 725 4724 859 4808; x_wconf 88' lang='lat' dir='ltr'><strong>animi,</strong></span> <span class='ocrx_word' id='word_1_505' title='bbox 888 4724 936 4792; x_wconf 89' lang='lat' dir='ltr'><strong>ab</strong></span> <span class='ocrx_word' id='word_1_506' title='bbox 954 4717 1020 4791; x_wconf 94' lang='lat' dir='ltr'><strong>hoc</strong></span> <span class='ocrx_word' id='word_1_507' title='bbox 1037 4745 1219 4814; x_wconf 89' lang='lat' dir='ltr'><strong>nunquam</strong></span> <span class='ocrx_word' id='word_1_508' title='bbox 1271 4721 1373 4790; x_wconf 92' lang='lat' dir='ltr'><strong>cione</strong></span> <span class='ocrx_word' id='word_1_509' title='bbox 1385 4715 1604 4812; x_wconf 85' lang='lat' dir='ltr'><strong>prophetica:</strong></span> <span class='ocrx_word' id='word_1_510' title='bbox 1631 4719 1783 4810; x_wconf 85' lang='lat' dir='ltr'><strong>Propter</strong></span> <span class='ocrx_word' id='word_1_511' title='bbox 1797 4745 1865 4806; x_wconf 89' lang='lat' dir='ltr'><strong>me,</strong></span> <span class='ocrx_word' id='word_1_512' title='bbox 1889 4735 2033 4813; x_wconf 88' lang='lat' dir='ltr'><strong>propter</strong></span> <span class='ocrx_word' id='word_1_513' title='bbox 2046 4747 2103 4792; x_wconf 89' lang='lat' dir='ltr'><strong>me</strong></span> <span class='ocrx_word' id='word_1_514' title='bbox 2116 4720 2240 4798; x_wconf 83' lang='grc'><strong>1661666,</strong></span> <span class='ocrx_word' id='word_1_515' title='bbox 2298 4735 2299 4819; x_wconf 65' lang='grc'><strong>1</strong></span> 
     </span>
     <span class='ocr_line' id='line_1_47' title="bbox 234 4813 2239 4918; baseline -0.01 -14"><span class='ocrx_word' id='word_1_516' title='bbox 234 4835 374 4904; x_wconf 88' lang='grc'><strong>66116116</strong></span> <span class='ocrx_word' id='word_1_517' title='bbox 391 4830 535 4918; x_wconf 84' lang='lat' dir='ltr'><strong>oculos,</strong></span> <span class='ocrx_word' id='word_1_518' title='bbox 562 4829 623 4894; x_wconf 92' lang='lat' dir='ltr'><strong>sed</strong></span> <span class='ocrx_word' id='word_1_519' title='bbox 647 4825 786 4896; x_wconf 84' lang='lat' dir='ltr'><strong>statuite</strong></span> <span class='ocrx_word' id='word_1_520' title='bbox 806 4837 949 4916; x_wconf 87' lang='lat' dir='ltr'><strong>propter</strong></span> <span class='ocrx_word' id='word_1_521' title='bbox 972 4813 1088 4914; x_wconf 77' lang='lat' dir='ltr'><strong>ipsush</strong></span> <span class='ocrx_word' id='word_1_522' title='bbox 1109 4823 1220 4912; x_wconf 89' lang='lat' dir='ltr'><strong>recipi</strong></span> <span class='ocrx_word' id='word_1_523' title='bbox 1271 4832 1399 4890; x_wconf 90' lang='lat' dir='ltr'><strong>utnon</strong></span> <span class='ocrx_word' id='word_1_524' title='bbox 1415 4816 1649 4912; x_wconf 87' lang='lat' dir='ltr'><strong>blasphemer.</strong></span> <span class='ocrx_word' id='word_1_525' title='bbox 1681 4818 1740 4888; x_wconf 90' lang='lat' dir='ltr'><strong>Tu</strong></span> <span class='ocrx_word' id='word_1_526' title='bbox 1753 4817 1849 4890; x_wconf 89' lang='lat' dir='ltr'><strong>Deus</strong></span> <span class='ocrx_word' id='word_1_527' title='bbox 1864 4835 2004 4892; x_wconf 85' lang='lat' dir='ltr'><strong>aeterne</strong></span> <span class='ocrx_word' id='word_1_528' title='bbox 2019 4833 2239 4892; x_wconf 86' lang='lat' dir='ltr'><strong>senescentem</strong></span> 
     </span>
     <span class='ocr_line' id='line_1_48' title="bbox 232 4917 2298 5017; baseline -0.01 -13"><span class='ocrx_word' id='word_1_529' title='bbox 232 4949 354 5006; x_wconf 88' lang='lat' dir='ltr'><strong>nostra</strong></span> <span class='ocrx_word' id='word_1_530' title='bbox 370 4946 462 5002; x_wconf 76' lang='lat' dir='ltr'><strong>vota.</strong></span> <span class='ocrx_word' id='word_1_531' title='bbox 489 4927 566 4996; x_wconf 89' lang='grc'><strong>1666</strong></span> <span class='ocrx_word' id='word_1_532' title='bbox 580 4922 679 4996; x_wconf 90' lang='lat' dir='ltr'><strong>hunc</strong></span> <span class='ocrx_word' id='word_1_533' title='bbox 695 4925 810 5017; x_wconf 91' lang='lat' dir='ltr'><strong>aspice</strong></span> <span class='ocrx_word' id='word_1_534' title='bbox 826 4937 1040 5016; x_wconf 83' lang='lat' dir='ltr'><strong>prostratum</strong></span> <span class='ocrx_word' id='word_1_535' title='bbox 1055 4924 1099 4992; x_wconf 91' lang='lat' dir='ltr'><strong>ad</strong></span> <span class='ocrx_word' id='word_1_536' title='bbox 1116 4924 1221 5012; x_wconf 88' lang='lat' dir='ltr'><strong>pedes</strong></span> <span class='ocrx_word' id='word_1_537' title='bbox 1270 4917 1463 4990; x_wconf 87' lang='lat' dir='ltr'><strong>Ecclesiam</strong></span> <span class='ocrx_word' id='word_1_538' title='bbox 1477 4921 1574 4990; x_wconf 89' lang='lat' dir='ltr'><strong>inter</strong></span> <span class='ocrx_word' id='word_1_539' title='bbox 1589 4933 1661 4990; x_wconf 89' lang='lat' dir='ltr'><strong>tam</strong></span> <span class='ocrx_word' id='word_1_540' title='bbox 1683 4921 1796 4990; x_wconf 88' lang='lat' dir='ltr'><strong>multa</strong></span> <span class='ocrx_word' id='word_1_541' title='bbox 1812 4933 1900 4992; x_wconf 87' lang='lat' dir='ltr'><strong>tetra</strong></span> <span class='ocrx_word' id='word_1_542' title='bbox 1916 4935 1951 4991; x_wconf 92' lang='lat' dir='ltr'><strong>et</strong></span> <span class='ocrx_word' id='word_1_543' title='bbox 1971 4917 2145 4992; x_wconf 88' lang='lat' dir='ltr'><strong>horrenda</strong></span> <span class='ocrx_word' id='word_1_544' title='bbox 2160 4917 2238 4989; x_wconf 90' lang='lat' dir='ltr'><strong>dcli·</strong></span> <span class='ocrx_word' id='word_1_545' title='bbox 2297 4965 2298 4972; x_wconf 36' lang='lat'>1</span> 
     </span>
     <span class='ocr_line' id='line_1_49' title="bbox 234 5015 2298 5116; baseline -0.01 -10"><span class='ocrx_word' id='word_1_546' title='bbox 234 5037 367 5108; x_wconf 85' lang='lat' dir='ltr'><strong>aeterni</strong></span> <span class='ocrx_word' id='word_1_547' title='bbox 375 5032 490 5104; x_wconf 72' lang='lat' dir='ltr'><strong>Psnris</strong></span> <span class='ocrx_word' id='word_1_548' title='bbox 505 5030 543 5096; x_wconf 89' lang='lat' dir='ltr'><strong>in</strong></span> <span class='ocrx_word' id='word_1_549' title='bbox 556 5029 621 5096; x_wconf 85' lang='lat' dir='ltr'><strong>illo</strong></span> <span class='ocrx_word' id='word_1_550' title='bbox 638 5049 701 5094; x_wconf 90' lang='lat' dir='ltr'><strong>suo</strong></span> <span class='ocrx_word' id='word_1_551' title='bbox 717 5039 893 5116; x_wconf 77' lang='lat' dir='ltr'><strong>postremo</strong></span> <span class='ocrx_word' id='word_1_552' title='bbox 902 5047 1026 5115; x_wconf 90' lang='lat' dir='ltr'><strong>agone,</strong></span> <span class='ocrx_word' id='word_1_553' title='bbox 1046 5047 1126 5094; x_wconf 90' lang='lat' dir='ltr'><strong>cum</strong></span> <span class='ocrx_word' id='word_1_554' title='bbox 1141 5045 1218 5092; x_wconf 90' lang='lat' dir='ltr'><strong>sus·</strong></span> <span class='ocrx_word' id='word_1_555' title='bbox 1271 5020 1323 5090; x_wconf 89' lang='grc'><strong>616</strong></span> <span class='ocrx_word' id='word_1_556' title='bbox 1342 5021 1487 5106; x_wconf 88' lang='lat' dir='ltr'><strong>mundi,</strong></span> <span class='ocrx_word' id='word_1_557' title='bbox 1511 5018 1624 5111; x_wconf 82' lang='lat' dir='ltr'><strong>regito</strong></span> <span class='ocrx_word' id='word_1_558' title='bbox 1646 5033 1679 5088; x_wconf 92' lang='lat' dir='ltr'><strong>et</strong></span> <span class='ocrx_word' id='word_1_559' title='bbox 1697 5032 1849 5110; x_wconf 90' lang='lat' dir='ltr'><strong>gestato,</strong></span> <span class='ocrx_word' id='word_1_560' title='bbox 1876 5035 1910 5092; x_wconf 92' lang='grc'><strong>61</strong></span> <span class='ocrx_word' id='word_1_561' title='bbox 1922 5022 1962 5090; x_wconf 91' lang='grc'><strong>16</strong></span> <span class='ocrx_word' id='word_1_562' title='bbox 1978 5015 2034 5091; x_wconf 92' lang='lat' dir='ltr'><strong>his</strong></span> <span class='ocrx_word' id='word_1_563' title='bbox 2050 5019 2238 5112; x_wconf 84' lang='lat' dir='ltr'><strong>regionibus</strong></span> <span class='ocrx_word' id='word_1_564' title='bbox 2297 5029 2298 5056; x_wconf 65' lang='lat'>¹</span> 
     </span>
     <span class='ocr_line' id='line_1_50' title="bbox 231 5120 2236 5218; baseline -0.008 -14"><span class='ocrx_word' id='word_1_565' title='bbox 231 5139 350 5217; x_wconf 82' lang='lat' dir='ltr'><strong>tinans</strong></span> <span class='ocrx_word' id='word_1_566' title='bbox 379 5135 467 5202; x_wconf 87' lang='lat' dir='ltr'><strong>iram</strong></span> <span class='ocrx_word' id='word_1_567' title='bbox 493 5129 559 5200; x_wconf 89' lang='lat' dir='ltr'><strong>Dei</strong></span> <span class='ocrx_word' id='word_1_568' title='bbox 589 5140 734 5218; x_wconf 82' lang='lat' dir='ltr'><strong>propter</strong></span> <span class='ocrx_word' id='word_1_569' title='bbox 761 5151 860 5212; x_wconf 89' lang='lat' dir='ltr'><strong>mea,</strong></span> <span class='ocrx_word' id='word_1_570' title='bbox 893 5139 972 5210; x_wconf 90' lang='lat' dir='ltr'><strong>tua,</strong></span> <span class='ocrx_word' id='word_1_571' title='bbox 1004 5137 1038 5193; x_wconf 91' lang='lat' dir='ltr'><strong>et</strong></span> <span class='ocrx_word' id='word_1_572' title='bbox 1054 5123 1219 5194; x_wconf 86' lang='lat' dir='ltr'><strong>omnium</strong></span> <span class='ocrx_word' id='word_1_573' title='bbox 1270 5120 1338 5190; x_wconf 92' lang='lat' dir='ltr'><strong>tihi</strong></span> <span class='ocrx_word' id='word_1_574' title='bbox 1356 5121 1543 5214; x_wconf 80' lang='lat' dir='ltr'><strong>reliquias,</strong></span> <span class='ocrx_word' id='word_1_575' title='bbox 1576 5143 1666 5214; x_wconf 89' lang='lat' dir='ltr'><strong>quae</strong></span> <span class='ocrx_word' id='word_1_576' title='bbox 1686 5135 1722 5192; x_wconf 91' lang='lat' dir='ltr'><strong>te</strong></span> <span class='ocrx_word' id='word_1_577' title='bbox 1743 5145 1824 5192; x_wconf 82' lang='lat' dir='ltr'><strong>vere</strong></span> <span class='ocrx_word' id='word_1_578' title='bbox 1845 5121 2042 5210; x_wconf 90' lang='lat' dir='ltr'><strong>celebrent,</strong></span> <span class='ocrx_word' id='word_1_579' title='bbox 2073 5122 2192 5210; x_wconf 87' lang='lat' dir='ltr'><strong>collige</strong></span> <span class='ocrx_word' id='word_1_580' title='bbox 2210 5127 2236 5184; x_wconf 86' lang='lat' dir='ltr'><strong>et</strong></span> 
     </span>
     <span class='ocr_line' id='line_1_51' title="bbox 230 5219 1694 5327; baseline -0.01 -23"><span class='ocrx_word' id='word_1_581' title='bbox 230 5239 390 5327; x_wconf 88' lang='lat' dir='ltr'><strong>peccata,</strong></span> <span class='ocrx_word' id='word_1_582' title='bbox 415 5235 501 5302; x_wconf 87' lang='lat' dir='ltr'><strong>adeo</strong></span> <span class='ocrx_word' id='word_1_583' title='bbox 517 5229 728 5310; x_wconf 83' lang='lat' dir='ltr'><strong>luctaretur,</strong></span> <span class='ocrx_word' id='word_1_584' title='bbox 748 5251 833 5297; x_wconf 88' lang='grc'><strong>6666</strong></span> <span class='ocrx_word' id='word_1_585' title='bbox 855 5225 1002 5296; x_wconf 89' lang='lat' dir='ltr'><strong>summis</strong></span> <span class='ocrx_word' id='word_1_586' title='bbox 1024 5225 1239 5306; x_wconf 83' lang='lat' dir='ltr'><strong>terroribus¹</strong></span> <span class='ocrx_word' id='word_1_587' title='bbox 1272 5244 1389 5308; x_wconf 82' lang='lat' dir='ltr'><strong>serva,</strong></span> <span class='ocrx_word' id='word_1_588' title='bbox 1421 5221 1548 5292; x_wconf 84' lang='lat' dir='ltr'><strong>Amen.</strong></span> <span class='ocrx_word' id='word_1_589' title='bbox 1599 5219 1694 5291; x_wconf 86' lang='lat' dir='ltr'><strong>Dixi.</strong></span> 
     </span>
    </p>
   </div>
   <div class='ocr_carea' id='block_1_15' title="bbox 1272 2013 2304 2814">
    <p class='ocr_par' dir='ltr' id='par_1_17' title="bbox 1272 2013 2304 2814">
     <span class='ocr_line' id='line_1_52' title="bbox 1374 2013 2253 2112; baseline 0.007 -26"><span class='ocrx_word' id='word_1_590' title='bbox 1374 2013 1516 2088; x_wconf 89' lang='lat' dir='ltr'><strong>Gratias</strong></span> <span class='ocrx_word' id='word_1_591' title='bbox 1530 2019 1666 2108; x_wconf 89' lang='lat' dir='ltr'><strong>agimus</strong></span> <span class='ocrx_word' id='word_1_592' title='bbox 1681 2020 1748 2090; x_wconf 91' lang='lat' dir='ltr'><strong>tibi</strong></span> <span class='ocrx_word' id='word_1_593' title='bbox 1762 2022 1985 2112; x_wconf 88' lang='lat' dir='ltr'><strong>omnipotens</strong></span> <span class='ocrx_word' id='word_1_594' title='bbox 1994 2019 2102 2106; x_wconf 87' lang='lat' dir='ltr'><strong>Dens,</strong></span> <span class='ocrx_word' id='word_1_595' title='bbox 2118 2036 2253 2094; x_wconf 86' lang='lat' dir='ltr'><strong>aeterne</strong></span> 
     </span>
     <span class='ocr_line' id='line_1_53' title="bbox 1272 2115 2254 2215; baseline 0.004 -29"><span class='ocrx_word' id='word_1_596' title='bbox 1272 2129 1307 2187; x_wconf 88' lang='lat' dir='ltr'><strong>et</strong></span> <span class='ocrx_word' id='word_1_597' title='bbox 1327 2119 1431 2188; x_wconf 89' lang='lat' dir='ltr'><strong>unice</strong></span> <span class='ocrx_word' id='word_1_598' title='bbox 1451 2115 1555 2188; x_wconf 89' lang='lat' dir='ltr'><strong>Pater</strong></span> <span class='ocrx_word' id='word_1_599' title='bbox 1569 2117 1714 2190; x_wconf 90' lang='lat' dir='ltr'><strong>Domini</strong></span> <span class='ocrx_word' id='word_1_600' title='bbox 1738 2123 1853 2190; x_wconf 91' lang='lat' dir='ltr'><strong>nostri</strong></span> <span class='ocrx_word' id='word_1_601' title='bbox 1871 2120 1949 2192; x_wconf 89' lang='lat' dir='ltr'><strong>lesu</strong></span> <span class='ocrx_word' id='word_1_602' title='bbox 1962 2117 2118 2207; x_wconf 86' lang='lat' dir='ltr'><strong>Christi,</strong></span> <span class='ocrx_word' id='word_1_603' title='bbox 2143 2147 2211 2215; x_wconf 89' lang='lat' dir='ltr'><strong>que</strong></span> <span class='ocrx_word' id='word_1_604' title='bbox 2224 2135 2254 2190; x_wconf 90' lang='grc'><strong>16</strong></span> 
     </span>
     <span class='ocr_line' id='line_1_54' title="bbox 1272 2217 2253 2309; baseline 0.003 -23"><span class='ocrx_word' id='word_1_605' title='bbox 1272 2217 1464 2309; x_wconf 85' lang='lat' dir='ltr'><strong>patefecisti</strong></span> <span class='ocrx_word' id='word_1_606' title='bbox 1488 2219 1659 2288; x_wconf 89' lang='lat' dir='ltr'><strong>immensa</strong></span> <span class='ocrx_word' id='word_1_607' title='bbox 1675 2221 1853 2306; x_wconf 89' lang='lat' dir='ltr'><strong>bonitate,</strong></span> <span class='ocrx_word' id='word_1_608' title='bbox 1879 2235 1914 2292; x_wconf 90' lang='lat' dir='ltr'><strong>et</strong></span> <span class='ocrx_word' id='word_1_609' title='bbox 1934 2221 2089 2292; x_wconf 90' lang='lat' dir='ltr'><strong>clamasti</strong></span> <span class='ocrx_word' id='word_1_610' title='bbox 2105 2225 2152 2294; x_wconf 90' lang='lat' dir='ltr'><strong>de</strong></span> <span class='ocrx_word' id='word_1_611' title='bbox 2167 2221 2253 2292; x_wconf 82' lang='lat' dir='ltr'><strong>Filio</strong></span> 
     </span>
     <span class='ocr_line' id='line_1_55' title="bbox 1272 2315 2253 2392; baseline 0 -2"><span class='ocrx_word' id='word_1_612' title='bbox 1272 2333 1334 2390; x_wconf 92' lang='lat' dir='ltr'><strong>tuo</strong></span> <span class='ocrx_word' id='word_1_613' title='bbox 1360 2315 1517 2388; x_wconf 88' lang='lat' dir='ltr'><strong>Domino</strong></span> <span class='ocrx_word' id='word_1_614' title='bbox 1539 2333 1660 2389; x_wconf 84' lang='lat' dir='ltr'><strong>nostro</strong></span> <span class='ocrx_word' id='word_1_615' title='bbox 1688 2317 1767 2391; x_wconf 91' lang='lat' dir='ltr'><strong>lesu</strong></span> <span class='ocrx_word' id='word_1_616' title='bbox 1793 2317 1953 2392; x_wconf 85' lang='lat' dir='ltr'><strong>Christo:</strong></span> <span class='ocrx_word' id='word_1_617' title='bbox 1993 2319 2101 2392; x_wconf 86' lang='lat' dir='ltr'><strong>Hunc</strong></span> <span class='ocrx_word' id='word_1_618' title='bbox 2128 2323 2253 2390; x_wconf 83' lang='lat' dir='ltr'><strong>audite.</strong></span> 
     </span>
     <span class='ocr_line' id='line_1_56' title="bbox 1272 2417 2253 2514; baseline 0.001 -25"><span class='ocrx_word' id='word_1_619' title='bbox 1272 2417 1446 2489; x_wconf 90' lang='lat' dir='ltr'><strong>Conditor</strong></span> <span class='ocrx_word' id='word_1_620' title='bbox 1461 2432 1495 2488; x_wconf 91' lang='grc'><strong>61</strong></span> <span class='ocrx_word' id='word_1_621' title='bbox 1511 2435 1736 2491; x_wconf 87' lang='lat' dir='ltr'><strong>conservator</strong></span> <span class='ocrx_word' id='word_1_622' title='bbox 1749 2423 1910 2490; x_wconf 89' lang='lat' dir='ltr'><strong>omnium</strong></span> <span class='ocrx_word' id='word_1_623' title='bbox 1928 2445 2063 2508; x_wconf 84' lang='grc'><strong>666666,</strong></span> <span class='ocrx_word' id='word_1_624' title='bbox 2086 2438 2124 2494; x_wconf 86' lang='grc'><strong>61</strong></span> <span class='ocrx_word' id='word_1_625' title='bbox 2142 2423 2253 2514; x_wconf 88' lang='lat' dir='ltr'><strong>opitu-</strong></span> 
     </span>
     <span class='ocr_line' id='line_1_57' title="bbox 1273 2515 2253 2606; baseline 0.004 -20"><span class='ocrx_word' id='word_1_626' title='bbox 1273 2519 1365 2588; x_wconf 86' lang='grc'><strong>16166</strong></span> <span class='ocrx_word' id='word_1_627' title='bbox 1380 2543 1419 2587; x_wconf 88' lang='grc'><strong>66</strong></span> <span class='ocrx_word' id='word_1_628' title='bbox 1433 2519 1597 2590; x_wconf 88' lang='grc'><strong>66661166</strong></span> <span class='ocrx_word' id='word_1_629' title='bbox 1612 2515 1789 2590; x_wconf 89' lang='lat' dir='ltr'><strong>Ecclesiae</strong></span> <span class='ocrx_word' id='word_1_630' title='bbox 1807 2535 1897 2606; x_wconf 89' lang='lat' dir='ltr'><strong>tuae,</strong></span> <span class='ocrx_word' id='word_1_631' title='bbox 1911 2546 1982 2591; x_wconf 88' lang='grc'><strong>666</strong></span> <span class='ocrx_word' id='word_1_632' title='bbox 2000 2546 2079 2592; x_wconf 86' lang='lat' dir='ltr'><strong>curn</strong></span> <span class='ocrx_word' id='word_1_633' title='bbox 2089 2521 2185 2592; x_wconf 85' lang='lat' dir='ltr'><strong>Filio</strong></span> <span class='ocrx_word' id='word_1_634' title='bbox 2198 2535 2253 2592; x_wconf 90' lang='lat' dir='ltr'><strong>tuo</strong></span> 
     </span>
     <span class='ocr_line' id='line_1_58' title="bbox 1273 2617 2253 2712; baseline 0.001 -24"><span class='ocrx_word' id='word_1_635' title='bbox 1273 2631 1459 2688; x_wconf 91' lang='lat' dir='ltr'><strong>coaeterno</strong></span> <span class='ocrx_word' id='word_1_636' title='bbox 1483 2619 1628 2688; x_wconf 90' lang='lat' dir='ltr'><strong>domino</strong></span> <span class='ocrx_word' id='word_1_637' title='bbox 1650 2634 1773 2692; x_wconf 88' lang='lat' dir='ltr'><strong>nostro</strong></span> <span class='ocrx_word' id='word_1_638' title='bbox 1801 2619 1881 2692; x_wconf 86' lang='lat' dir='ltr'><strong>lesu</strong></span> <span class='ocrx_word' id='word_1_639' title='bbox 1905 2617 2064 2708; x_wconf 90' lang='lat' dir='ltr'><strong>Christo,</strong></span> <span class='ocrx_word' id='word_1_640' title='bbox 2089 2633 2253 2712; x_wconf 87' lang='lat' dir='ltr'><strong>regnante</strong></span> 
     </span>
     <span class='ocr_line' id='line_1_59' title="bbox 1273 2720 2304 2814; baseline 0 -25"><span class='ocrx_word' id='word_1_641' title='bbox 1273 2733 1407 2798; x_wconf 89' lang='lat' dir='ltr'><strong>tecum,</strong></span> <span class='ocrx_word' id='word_1_642' title='bbox 1447 2732 1481 2788; x_wconf 90' lang='grc'><strong>61</strong></span> <span class='ocrx_word' id='word_1_643' title='bbox 1514 2721 1686 2810; x_wconf 86' lang='lat' dir='ltr'><strong>patelscto</strong></span> <span class='ocrx_word' id='word_1_644' title='bbox 1714 2723 1753 2790; x_wconf 90' lang='lat' dir='ltr'><strong>in</strong></span> <span class='ocrx_word' id='word_1_645' title='bbox 1780 2720 2020 2808; x_wconf 86' lang='lat' dir='ltr'><strong>Hierusalem,</strong></span> <span class='ocrx_word' id='word_1_646' title='bbox 2061 2736 2095 2792; x_wconf 91' lang='grc'><strong>61</strong></span> <span class='ocrx_word' id='word_1_647' title='bbox 2123 2721 2254 2814; x_wconf 86' lang='lat' dir='ltr'><strong>Spiritu</strong></span> <span class='ocrx_word' id='word_1_648' title='bbox 2303 2739 2304 2776; x_wconf 68' lang='lat'>1</span> 
     </span>
    </p>
   </div>
   <div class='ocr_carea' id='block_1_16' title="bbox 237 3871 1222 4069">
    <p class='ocr_par' dir='ltr' id='par_1_18' title="bbox 237 3871 1222 4069">
     <span class='ocr_line' id='line_1_60' title="bbox 238 3871 1222 3962; baseline -0.011 -14"><span class='ocrx_word' id='word_1_649' title='bbox 238 3881 389 3950; x_wconf 91' lang='lat' dir='ltr'><strong>mortuis</strong></span> <span class='ocrx_word' id='word_1_650' title='bbox 401 3876 487 3946; x_wconf 86' lang='grc'><strong>6661.</strong></span> <span class='ocrx_word' id='word_1_651' title='bbox 534 3871 652 3942; x_wconf 83' lang='grc' dir='ltr'><strong>Μ6166</strong></span> <span class='ocrx_word' id='word_1_652' title='bbox 666 3884 717 3940; x_wconf 89' lang='lat' dir='ltr'><strong>est</strong></span> <span class='ocrx_word' id='word_1_653' title='bbox 731 3872 827 3941; x_wconf 88' lang='grc'><strong>66166</strong></span> <span class='ocrx_word' id='word_1_654' title='bbox 843 3871 911 3962; x_wconf 91' lang='lat' dir='ltr'><strong>piis</strong></span> <span class='ocrx_word' id='word_1_655' title='bbox 926 3871 1089 3962; x_wconf 90' lang='lat' dir='ltr'><strong>precibus</strong></span> <span class='ocrx_word' id='word_1_656' title='bbox 1105 3891 1222 3939; x_wconf 88' lang='grc'><strong>666666</strong></span> 
     </span>
     <span class='ocr_line' id='line_1_61' title="bbox 237 3971 915 4069; baseline -0.015 -20"><span class='ocrx_word' id='word_1_657' title='bbox 237 3983 375 4052; x_wconf 79' lang='lat' dir='ltr'><strong>tutores</strong></span> <span class='ocrx_word' id='word_1_658' title='bbox 390 3976 549 4069; x_wconf 89' lang='lat' dir='ltr'><strong>publicos</strong></span> <span class='ocrx_word' id='word_1_659' title='bbox 564 3987 597 4043; x_wconf 92' lang='lat' dir='ltr'><strong>et</strong></span> <span class='ocrx_word' id='word_1_660' title='bbox 611 3971 744 4042; x_wconf 82' lang='lat' dir='ltr'><strong>excidis</strong></span> <span class='ocrx_word' id='word_1_661' title='bbox 762 3972 915 4042; x_wconf 90' lang='lat' dir='ltr'><strong>urbium.</strong></span> 
     </span>
    </p>
   </div>
   <div class='ocr_carea' id='block_1_17' title="bbox 232 5323 2297 5436">
    <p class='ocr_par' dir='ltr' id='par_1_19' title="bbox 232 5323 2297 5436">
     <span class='ocr_line' id='line_1_62' title="bbox 232 5323 2297 5436; baseline -0.013 -32"><span class='ocrx_word' id='word_1_662' title='bbox 232 5350 267 5404; x_wconf 91' lang='lat' dir='ltr'><strong>et</strong></span> <span class='ocrx_word' id='word_1_663' title='bbox 288 5335 489 5417; x_wconf 90' lang='lat' dir='ltr'><strong>doloribus,</strong></span> <span class='ocrx_word' id='word_1_664' title='bbox 518 5333 567 5400; x_wconf 83' lang='lat' dir='ltr'><strong>nt</strong></span> <span class='ocrx_word' id='word_1_665' title='bbox 585 5353 690 5399; x_wconf 87' lang='lat' dir='ltr'><strong>cruor</strong></span> <span class='ocrx_word' id='word_1_666' title='bbox 711 5343 789 5400; x_wconf 90' lang='lat' dir='ltr'><strong>toto</strong></span> <span class='ocrx_word' id='word_1_667' title='bbox 814 5329 890 5398; x_wconf 88' lang='grc'><strong>6166</strong></span> <span class='ocrx_word' id='word_1_668' title='bbox 909 5347 1061 5416; x_wconf 81' lang='lat' dir='ltr'><strong>corpore</strong></span> <span class='ocrx_word' id='word_1_669' title='bbox 1085 5323 1222 5407; x_wconf 89' lang='lat' dir='ltr'><strong>flueret,</strong></span> <span class='ocrx_word' id='word_1_670' title='bbox 2296 5375 2297 5436; x_wconf 36' lang='lat' dir='ltr'><strong>p</strong></span> 
     </span>
    </p>
   </div>
   <div class='ocr_carea' id='block_1_18' title="bbox 0 0 2312 5817">
    <p class='ocr_par' dir='ltr' id='par_1_20' title="bbox 0 0 2312 5817">
     <span class='ocr_line' id='line_1_63' title="bbox 0 0 2312 5817; baseline 0 0"><span class='ocrx_word' id='word_1_671' title='bbox 0 0 2312 5817; x_wconf 95' lang='lat' dir='ltr'><strong> </strong></span> 
     </span>
    </p>
   </div>
  </div>
 </body>
</html>
