4614 5820
227 283 303 362 aso
900 257 1062 340 nucu.
1105 259 1181 340 on
1212 205 1591 344 eotrca'ueo.
1669 337 1680 348 ,,
1847 244 1867 281 ·’
2171 252 2249 342 ‘su

223 457 318 525 sicis.
371 449 454 522 ldeo
479 447 574 518 enim
596 441 769 520 Nisenus‚
795 440 841 510 de
863 433 1023 510 hominis
1044 435 1218 530 partibus,
1270 435 1404 526 Quales
1424 438 1565 510 iurem
1585 437 1657 510 sint
1672 425 2010 533 Anahaptlstarum,
2036 441 2150 526 scitis,
2174 465 2252 538 quos

136 589 143 600 ·
225 561 371 646 longum
393 547 687 622 commentarium
711 543 836 614 edidit.
898 537 948 611 Et
976 561 1084 633 quam
1105 539 1221 611 mults
1270 540 1416 634 quidem
1433 539 1661 612 manifestum
1682 556 1735 613 est
1751 555 1890 612 nonam
1910 545 1960 614 ub
1976 545 2151 616 illiteratis
2166 561 2253 614 ortos

226 659 361 730 suntin
383 654 462 724 aliis
482 646 753 746 Physiologica,
777 667 858 714 curn
881 643 1062 713 disserunt
1075 641 1120 710 de
1136 661 1221 732 par-
1271 655 1305 712 et
1320 655 1532 734 propagatos
1546 663 1632 714 esse.
1682 641 1722 714 Si
1737 641 1845 736 igitur
1861 645 1983 716 lumen
1998 646 2206 718 eruditionis
2220 649 2254 716 in

223 763 322 834 tibus
344 771 381 828 et
408 753 534 824 officiis
553 750 703 822 animae.
770 744 921 834 Quoties
943 745 983 813 in
1004 743 1221 834 gravissimis
1270 739 1429 814 Ecclesia
1443 744 1636 816 extinctum
1652 745 1781 838 luerit,
1813 747 1941 818 deliria
1958 749 2183 820 exorirentur
2200 774 2254 818 va-

219 858 473 934 controrersiis
502 849 729 940 theologicis,
768 847 959 918 dicendum
983 858 1035 916 est
1064 845 1109 915 de
1137 867 1221 915 cau-
1271 845 1344 932 ria,
1367 857 1535 918 utentes
1559 847 1698 918 accidit
1751 847 1801 919 At
1821 849 2000 942 principes
2013 850 2134 920 fovere
2150 852 2255 922 studia

225 967 292 1054 sis,
327 983 480 1056 quarum
505 954 654 1025 varietas
674 962 813 1023 tantum
839 947 878 1018 in
898 941 1061 1042 Physicis
1083 947 1223 1018 erudite
1271 946 1455 1018 literarum
1476 947 1652 1042 oportuit:
1685 950 1745 1019 sed
1772 973 1854 1022 cum
1874 975 2005 1045 paucos
2024 975 2065 1022 ea
2087 976 2171 1022 cura
2185 967 2255 1023 tau·

225 1065 391 1138 traditur.
409 1131 416 1146 ,
948 1089 953 1100 ·
1271 1063 1348 1140 gat,
1374 1071 1441 1120 nos
1454 1043 1749 1123 euschemeutius
1764 1053 1985 1139 annitamur,
2005 1069 2047 1128 ut
2061 1049 2254 1126 hocEccle-

328 1163 511 1253 Quantum
543 1159 650 1229 refert
683 1169 804 1226 tenere
838 1149 1030 1222 discrimen
1056 1147 1221 1242 partium
1272 1153 1343 1222 siae
1362 1153 1487 1238 decus,
1512 1167 1684 1248 quantum
1707 1175 1912 1246 pouumus,
1944 1169 2119 1226 tueamur.
2170 1155 2256 1226 Haec

227 1269 385 1350 animae,
410 1286 490 1334 cum
517 1273 613 1330 tanta
636 1259 681 1329 sit
701 1258 796 1327 iuter
819 1277 878 1324 eas
900 1250 1096 1336 discordia,
1120 1273 1222 1320 mens
1272 1253 1416 1346 propria
1438 1267 1490 1325 est
1510 1255 1649 1326 ordinis
1673 1255 1787 1326 nostri
1808 1257 1955 1343 militia,
1987 1281 2094 1352 quam
2121 1259 2256 1352 quidem

225 1372 357 1444 retinet
378 1368 490 1456 legem
513 1360 582 1433 Del
604 1361 830 1452 lmPr²⁸⁸³ms
861 1367 1036 1458 monstrat
1050 1351 1221 1425 henehcia
1272 1369 1307 1428 et
1327 1355 1511 1428 adiuvabit
1538 1353 1652 1442 Deus,
1684 1371 1719 1428 ct
1746 1359 1890 1430 ornabit
1912 1359 2096 1452 praemiis,
2130 1360 2256 1430 etiamsi

227 1473 314 1555 Dei,
341 1471 445 1539 docet
465 1465 670 1556 impendere
692 1481 824 1554 poenas
845 1455 1097 1530 contumaciae.
1149 1453 1221 1528 Sed
1273 1457 1487 1548 negligimur
1508 1481 1528 1528 a
1553 1455 1762 1551 Centauris,
1794 1473 1829 1530 et
1848 1485 1969 1554 aspera
1991 1462 2105 1531 multa
2122 1463 2256 1532 ferenda

226 1578 335 1646 altera
350 1593 432 1663 pars
448 1567 604 1646 animae,
625 1587 715 1658 (1⁰³0
730 1573 878 1632 V⁰t³l¹¹l
893 1555 1095 1652 ᾹΡΡθῐθΜ,
1120 1556 1221 1628 cuius
1272 1573 1390 1636 erunt
1441 1558 1513 1631 Sed
1533 1561 1630 1633 scitis
1653 1556 1720 1632 hoc
1744 1563 1885 1634 virtutis
1902 1557 2033 1633 munus
2054 1587 2150 1648 esse,
2174 1579 2256 1634 recta

153 1755 163 1768 .
227 1679 326 1748 sedes
338 1687 391 1744 cst
404 1671 443 1739 in
456 1669 579 1754 corde,
599 1689 666 1736 nec
681 1663 859 1738 beneficiis
872 1674 1056 1746 movetur,
1077 1672 1119 1730 ut
1134 1681 1222 1730 con·
1272 1663 1406 1746 lacem,
1430 1663 1595 1754 prodesse
1608 1663 1773 1747 caeteris,
1799 1665 1936 1736 etiamsi
1947 1667 2073 1754 vulgus
2089 1667 2136 1736 sit
2149 1667 2257 1755 ingra-

227 1791 362 1852 stanter
385 1786 479 1844 amet
502 1768 638 1854 Deum,
669 1791 735 1838 uec
761 1761 997 1857 perhorrescit
1017 1785 1222 1832 commone-
1272 1779 1362 1838 tum.
1413 1759 1474 1834 Sic
1487 1765 1712 1836 confirmatos
1728 1787 1801 1836 esse
1823 1781 1962 1860 oportet
1980 1768 2136 1838 maxime
2150 1791 2212 1838 nos
2225 1769 2256 1836 io

226 1885 317 1950 lacta
332 1871 522 1947 horrendis
538 1870 706 1960 exemplis
721 1867 883 1937 omnium
896 1878 1068 1948 aetatum,
1093 1877 1134 1932 ut
1147 1885 1221 1932 me-
1272 1862 1449 1951 Ecclesia,
1480 1867 1545 1936 uhi
1576 1867 1712 1938 acriora
1738 1883 1771 1938 et
1798 1871 1957 1939 saeviora
1978 1884 2063 1941 sunt
2087 1871 2171 1940 odia
2202 1873 2257 1939 ad.

226 1995 303 2054 tuat
327 1977 444 2050 Deum
468 1975 598 2043 iratum
618 1993 659 2040 ac
679 1970 867 2041 vindicem.
926 1963 1076 2056 Quoties
1100 1963 1222 2034 dicen·
1273 1991 1394 2038 versus
1416 1970 1508 2038 bene
1521 1983 1705 2042 merentes.
1756 1969 1857 2060 Quae
1872 1971 1982 2062 gratia
1998 1967 2144 2056 Esaiae,
2170 1970 2256 2041 lere·

226 2087 312 2156 dum
329 2093 381 2150 est
396 2081 442 2148 de
462 2075 652 2147 affectuum
665 2071 827 2142 fontibus
845 2082 881 2140 et
900 2068 1060 2139 sedibus:
1086 2079 1122 2139 et
1140 2089 1222 2136 eru-
1273 2069 1365 2140 miae
1388 2072 1498 2140 relata
1521 2085 1573 2142 est
1596 2095 1661 2163 pro
1683 2073 1833 2142 summis
1855 2087 1889 2143 et
1912 2073 2045 2143 divinis
2065 2073 2257 2144 beneficiis?

226 2187 299 2257 dite
322 2177 476 2252 discerni
500 2188 637 2270 ⁰p⁰rlel
664 2167 824 2272 στοργᾶς
844 2193 864 2241 a
888 2169 1027 2242 vitiosis
1052 2168 1221 2240 motibus.
1272 2171 1413 2244 Horum
1433 2195 1498 2242 nos
1514 2173 1683 2266 exemplis
1708 2175 1898 2244 excitemus
1924 2177 1969 2245 ad
1994 2174 2185 2246 ulutarem
2201 2179 2257 2244 do·
2299 2181 2300 2188 ’

227 2287 326 2358 Haec
347 2303 531 2374 nunquam
553 2277 674 2349 dextre
697 2273 887 2368 explicabit
908 2271 958 2354 is.
984 2270 1138 2368 quinon
1155 2273 1221 2342 ad·
1273 2275 1423 2346 ctrinam
1451 2277 1730 2346 conservandam
1761 2277 1977 2368 posteritati,
2004 2299 2044 2345 ac
2072 2291 2256 2348 statuamus

225 2389 402 2461 suefactus
435 2395 488 2452 est
514 2382 559 2451 ad
591 2374 779 2473 Physicam
809 2373 1027 2458 doctrinam,
1062 2395 1153 2468 quae
1181 2372 1222 2444 in
1272 2373 1389 2446 Deum
1411 2399 1476 2446 suo
1500 2375 1634 2465 agmini
1660 2399 1733 2446 non
1751 2379 1955 2448 defuturum
1983 2401 2075 2463 esse,
2103 2403 2170 2448 nec
2186 2403 2257 2471 per·

227 2485 359 2563 scholis
372 2487 537 2558 traditur.
585 2477 759 2551 Videmus
774 2478 954 2550 interdum
965 2475 1073 2546 etiam
1087 2488 1222 2546 veteres
1272 2477 1481 2564 missurum,
1512 2492 1554 2550 ut
1574 2477 1738 2548 funditus
1760 2480 1919 2550 deleatur
1950 2480 2111 2550 coelestis
2136 2482 2257 2551 doctri·
2299 2493 2300 2528 l

228 2593 416 2683 scriptores
443 2609 518 2658 non
542 2581 700 2675 plebeios
728 2577 875 2652 haerere
896 2579 935 2648 iu
965 2573 1023 2648 his
1051 2577 1221 2659 materiis,
1272 2601 1330 2648 na.
1381 2577 1459 2649 Hac
1471 2602 1534 2672 spe
1550 2601 1615 2650 nos
1629 2580 1667 2649 in
1692 2575 1747 2649 his
1768 2581 1968 2662 aerumnis,
2001 2606 2094 2676 quae
2112 2599 2255 2654 nostram

227 2710 397 2786 tanquam
436 2689 476 2756 in
509 2687 604 2770 luto,
652 2697 798 2776 propter
831 2679 1007 2752 inscitiam
1043 2673 1220 2773 Phyrites.
1273 2681 1438 2753 militiam
1473 2681 1706 2767 comitantur,
1747 2695 1984 2755 sustentemus
2014 2698 2123 2778 atque
2156 2687 2256 2775 eriga-

228 2794 379 2886 Quoties
395 2791 433 2860 iu
450 2785 607 2860 Emissis
629 2783 870 2856 controversia
892 2794 989 2854 mota
1008 2794 1061 2851 est
1077 2781 1122 2849 de
1135 2781 1220 2854 sato.
1272 2805 1364 2855 mus.
1384 2815 1392 2828 ·
1413 2781 1508 2859 Dixi.

226 2897 297 2968 Hic
313 2895 401 2989 quid
416 2891 510 2962 dicet
521 2888 707 2980 imperitus
722 2883 907 2982 Physices,
927 2883 1108 2979 quomodo
1122 2883 1221 2954 lehe-

226 2997 373 3072 lactabit
403 2993 605 3066 Stoicorum
632 3003 694 3060 aut
724 2985 1044 3080 Peripateticorum
1077 2996 1222 3054 senten·
1279 3011 1713 3028 ·---·----·---

224 3103 312 3179 tias,
346 3119 433 3192 quas
455 3091 618 3186 ignorat?
660 3088 734 3161 Nec
759 3102 899 3162 tautum
920 3087 959 3156 iu
981 3082 1038 3156 his
1054 3087 1221 3172 materiis,
1352 3173 1355 3180 Δ

225 3207 271 3276 de
290 3200 420 3295 quibus
435 3197 510 3267 diri
526 3217 613 3265 usus
627 3205 679 3264 est
692 3187 879 3288 Physices,
904 3188 1034 3281 passim
1053 3185 1092 3255 in
1108 3188 1222 3280 expli-
1278 3169 1451 3298 Μ

226 3305 365 3377 catione
387 3297 548 3370 coelestis
569 3293 751 3366 doctrinae
773 3291 971 3363 incurritur
992 3289 1032 3358 in
1055 3283 1221 3386 physicos
2085 3275 2248 3306 Μ

141 3407 143 3414 ’
225 3411 341 3496 locos,
374 3401 439 3471 uhi
459 3421 626 3489 magnum
659 3394 919 3469 adminiculum
947 3405 1001 3462 est
1033 3389 1220 3484 interpreti
1495 3433 1498 3441 ι
1574 3370 1652 3458 De
1690 3372 1965 3492 Polycarpo.

228 3505 385 3599 cognitio
409 3497 540 3573 horum
564 3499 840 3583 elementorum,
862 3507 904 3568 ut
922 3487 1132 3579 architecto,
1159 3510 1220 3566 aut
1343 3525 1373 3582 1„
1385 3525 1539 3610 usnemu.
1551 3527 1585 3583 Τ.
1601 3529 1634 3586 u.
1651 3549 1678 3602 p.
1692 3531 1769 3602 aaz,
1793 3531 1821 3588 ta
1839 3533 1958 3593 servat
1972 3535 2007 3594 tt.
2026 3556 2053 3612 p
2068 3535 2132 3594 ⁸66.
2150 3547 2175 3593 er
2192 3537 2254 3606 apua

228 3605 416 3701 sculptori,
447 3601 637 3673 mediocris
664 3599 837 3691 pingendi
866 3597 1026 3670 facultas.
1091 3595 1220 3688 lugens
1375 3595 1506 3653 ttretura.
1522 3595 1647 3655 Vol-111.
1662 3617 1689 3672 p.
1703 3600 1765 3659 tos.

226 3727 278 3784 est
300 3719 550 3781 ornamentum
574 3699 768 3783 Ecclesiae,
802 3699 978 3786 cmditio,
1010 3719 1101 3790 quae
1122 3722 1220 3769 com-
1272 3753 1321 3826 ΟΥ
1371 3755 1379 3771 ,
1899 3765 1908 3782 1

140 3839 144 3848 ’
224 3813 392 3910 plectitur
412 3831 488 3878 nou
503 3818 642 3877 tantum
666 3804 858 3874 verborum
875 3799 1132 3892 coguitionem,
1158 3803 1218 3868 sed
1321 3759 1400 3826 ⁰¹²⁰
1427 3747 1476 3824 δ’
1508 3755 1796 3851 P⁰¹9⁶MP⁰2
1836 3763 2018 3856 E1²⁸⁸‘r’0l’0
2043 3766 2253 3860 smyrnam,

227 3917 332 3990 etiarn
349 3904 906 4012 quandamrerumvarteratem.
958 3898 1048 3970 Nam
1065 3903 1219 3971 nector-
1269 3849 1404 3930 ''aba“
1434 3858 1542 3950 ΨΒ·
1571 3859 1783 3952 σαεΡαΜ
1821 3866 2090 3961 οῗωθθῗθ·
2159 3870 2253 3941 ΛΜΨ

225 4017 317 4089 mari
332 4013 503 4085 iudicium
526 4021 660 4102 potest,
684 4005 761 4077 sine
778 4005 931 4099 quadam
953 4023 1073 4071 rerum
1088 4003 1220 4072 multa·
1542 3963 1806 4052 staffilo
1839 3967 1906 4040 W·
1921 3970 1996 4063 lul,

228 4145 308 4192 rum
333 4113 616 4185 consideratione
642 4123 677 4182 et
693 4107 901 4190 collatione,
925 4127 991 4172 nec
1005 4103 1120 4175 oratio
1137 4127 1221 4174 ner·
1270 4091 1394 4176 Vetus
1415 4119 1467 4178 est
1489 4105 1667 4181 Ecclesiae
1690 4108 1825 4184 Christi
1848 4119 2067 4189 consuetudo
2095 4131 2129 4190 et
2153 4115 2252 4188 histo-
2298 4147 2299 4158 ¹

228 4214 620 4296 voshahctautrirn,
651 4211 786 4280 nisiex
817 4207 1220 4283 honisrehusoriatur.
1271 4207 1405 4278 riarum
1434 4223 1469 4280 et
1491 4235 1669 4282 canonum
1697 4219 1937 4288 monumentis
1966 4219 2188 4305 confirmata,
2214 4240 2252 4286 ne
2298 4223 2299 4228 ’

225 4322 290 4396 Est
307 4319 403 4390 euim
419 4329 527 4386 notus
542 4313 711 4384 versicus:
1272 4310 1347 4379 sine
1361 4311 1505 4404 publico
1520 4314 1724 4384 testimonio
1740 4317 1881 4408 piorum
1903 4334 1936 4389 et
1951 4323 2181 4412 probatorum
2196 4325 2251 4390 do·

280 4426 551 4500 scabendireots,
577 4441 698 4503 sapere,
723 4419 1012 4502 euetprinciptum
1031 4417 1155 4510 etlam.
1272 4424 1410 4485 ctorum
1433 4415 1500 4483 ulli
1522 4417 1783 4487 adducendum
1806 4421 2051 4494 admittantur.
2104 4423 2174 4494 Nec
2194 4424 2250 4491 du.

225 4525 290 4600 Est
318 4524 427 4614 igitur
452 4531 487 4590 et
507 4513 659 4611 Physica
680 4515 841 4587 doctrina
871 4513 1155 4605 complectenda,
1189 4512 1219 4582 si
1271 4513 1346 4584 hito
1366 4511 1461 4585 hunc
1477 4540 1612 4586 morem
1630 4543 1649 4587 a
1665 4517 1831 4592 Patribus
1852 4535 1887 4593 et
1903 4519 2091 4616 Prophetis
2111 4547 2248 4618 perma-

225 4631 391 4700 volumus
407 4619 601 4693 Ecclesiam
619 4637 788 4688 non‘esse
809 4616 1038 4687 ineruditam.
1096 4611 1220 4708 anue
1271 4639 1339 4686 uus
1355 4617 1525 4688 traditum
1545 4641 1627 4692 esse.

225 4737 265 4804 in
281 4755 319 4801 re
334 4727 448 4804 multa
468 4722 574 4792 nobis
595 4721 927 4814 providendasuut.
980 4713 1218 4810 indoctiquia
1373 4715 1451 4788 Hoc
1473 4722 1622 4790 consiliu
1645 4747 1710 4792 nos
1727 4747 1870 4818 quoque
1894 4722 1986 4796 hanc
2004 4729 2179 4819 publicam
2192 4749 2248 4794 no-

226 4831 368 4924 ingenia
388 4850 464 4908 non
491 4819 681 4894 cohercent
710 4823 813 4891 certis
837 4819 941 4892 metis
961 4817 1217 4899 doctrinarum,
1270 4820 1334 4890 stri
1356 4819 1480 4890 iudicii
1501 4823 1805 4894 renunciationem
1829 4829 2041 4916 retinemus,
2067 4853 2170 4924 quam
2185 4827 2248 4898 sive

224 4935 365 5007 facilius
373 4934 540 5000 deomant
554 4948 574 4992 a
588 4925 665 5007 ria,
690 4921 914 5006 etdilficilius
928 4921 1047 4991 sanari
1060 4935 1218 5012 possunt,
1269 4924 1437 5011 gradum,
1462 4924 1537 4994 sive
1551 4926 1654 4996 aliter
1669 4927 1849 5018 adpellare
1869 4931 1931 4999 alii
1947 4933 2087 5018 volent,
2112 4955 2183 5001 non
2199 4951 2247 4997 re-

225 5037 308 5131 quia
334 5057 399 5104 nec
431 5037 583 5110 norunt,
615 5047 682 5095 nec
704 5028 895 5094 observant
917 5023 1028 5113 leges,
1065 5024 1216 5114 quasin
1269 5026 1453 5122 pugnabo,
1484 5027 1593 5096 modo
1611 5041 1747 5100 constet
1768 5029 1884 5121 ipsum
1902 5055 2057 5114 morem,
2084 5035 2112 5104 si
2129 5027 2247 5102 accedit

224 5137 385 5209 docendo
419 5133 520 5232 sequi
553 5143 723 5222 tanquam
762 5149 926 5195 normam
965 5145 1107 5193 necesse
1148 5140 1218 5209 est,
1269 5127 1463 5218 exploratio
1484 5129 1685 5212 doctrinae,
1709 5129 1797 5201 etin
1816 5133 2008 5204 iudicando
2029 5136 2193 5225 gravitas,
2214 5151 2245 5199 ac

215 5241 355 5318 ,deinde
373 5229 587 5330 hypotheses
609 5251 710 5300 veras
735 5241 811 5296 uon
832 5237 968 5300 teuent.
1038 5223 1136 5294 Haec
1159 5226 1217 5294 in·
1269 5227 1308 5296 in
1337 5228 1540 5300 testimonio
1570 5229 1675 5316 fides,
1708 5227 1887 5304 Ecclesiae
1916 5237 2040 5306 utilem
2071 5261 2150 5308 esse.
2205 5227 2244 5302 Ut

224 5337 463 5413 commodari
497 5333 609 5406 vitare
631 5331 816 5414 volumus,
855 5327 1012 5420 profecto
1044 5325 1156 5396 excoli
1182 5341 1216 5398 et
1269 5330 1364 5399 enirn
1381 5329 1513 5399 Paulus
1531 5333 1646 5401 caveri
1665 5333 1783 5420 iussit,
1813 5361 1858 5405 ue
1871 5337 2090 5431 quibuslibet
2105 5340 2177 5409 sine
2191 5337 2244 5402 de.

220 5441 371 5536 expoliri
407 5437 549 5528 ingenia
576 5457 657 5505 vera
681 5431 883 5504 eruditione
908 5429 1013 5499 valde
1038 5451 1128 5521 opus
1155 5443 1215 5504 est.
1269 5432 1361 5502 lectu
1391 5455 1517 5503 manus
1543 5433 1793 5526 imponanlur:
1827 5439 1876 5510 ita
1905 5445 2150 5533 praestandum
2172 5449 2244 5516 erat,
