4616 5816
212 265 288 342 ns
334 249 338 258 ’
931 250 1092 338 sucu
1125 249 1207 335 'aa
1237 253 1526 338 aaaronn
2161 265 2230 346 us
2288 369 2289 376 Ν

215 435 353 510 scholas
367 431 491 516 habet,
516 445 675 504 versatur
690 457 761 504 una
778 427 894 521 Dion',
916 425 1080 505 et'mnlti'
1100 435 1206 506 nobi·
1256 433 1402 524 cogitari
1417 433 1558 526 possit‘
1588 429 1729 507 Rursus
1742 431 1876 527 squillam
1891 437 1968 507 vult
1984 431 2112 508 addere
2124 439 2232 530 splen·
2288 453 2289 514 J

215 543 265 611 les
286 539 522 609 adolescentes
535 536 763 631 Syracusani,
790 537 828 605 in
846 539 974 630 quibus
999 539 1066 607 suit
1084 533 1206 607 Eude—
1257 539 1379 606 dorem
1397 539 1674 620 orornamenta,
1706 536 1745 604 iu
1760 533 1817 606 his
1833 538 1938 628 longe
1955 539 2064 610 ducit
2079 543 2231 612 varietate
2288 591 2289 600 .

216 666 295 714 mus
312 638 514 710 Aristotelis
537 639 679 710 amicus.
731 637 858 708 Postea
880 662 1023 708 excusso
1048 637 1206 725 Platone,
1257 638 1572 728 amplificationum
1614 652 1648 708 et
1681 653 1862 710 venustate
1902 641 2092 730 figurarum
2123 667 2233 712 omnes

216 761 388 840 tyrannus
409 740 557 831 grassari
571 741 669 808 omni
687 741 815 808 scelere
834 741 958 830 coepit.
1009 738 1204 830 Coniugem
1259 753 1426 812 oratores.
1483 736 1606 832 ltaque
1636 742 1805 810 nonnulli
1829 743 2012 828 dixerunt,
2047 741 2181 824 lovem,
2209 747 2235 814 si
2288 749 2289 798 ἐ

216 845 495 917 Dionisnnbere
513 842 614 911 alteri
632 843 733 932 cogit.
778 839 875 911 Haec
890 843 957 911 luit
976 867 1077 913 cansa
1095 841 1206 912 Dioni
1259 839 1394 910 Graece
1408 841 1592 912 locuturus
1604 855 1711 926 esset,
1737 841 1898 913 Platonis
1913 869 2060 916 usurum
2077 847 2234 920 oratione.
2288 911 2289 926 ,

217 947 385 1018 movendi
401 945 497 1024 belli,
527 945 565 1011 in
581 969 650 1036 quo
668 946 802 1032 egregie
816 945 958 1016 adiutus
972 959 1023 1014 est
1039 971 1057 1013 a
1074 947 1206 1014 nobili·
1258 941 1418 1012 Fuerunt
1433 945 1538 1033 paulo
1555 944 1755 1034 superiores
1769 943 1918 1018 Platone
1933 943 2127 1032 Rhetores,
2149 946 2233 1017 Gor·
2288 945 2289 1030 l

217 1053 284 1120 bus
316 1047 471 1130 civibus,
505 1045 663 1114 Platonis
695 1046 932 1115 auditoribus:
973 1047 1020 1115 ita
1048 1046 1207 1116 Platonis
1258 1045 1342 1134 gias,
1362 1040 1648 1138 Thrasymachus
1663 1060 1698 1116 et
1712 1048 1772 1114 alii
1789 1049 1946 1139 qnidam,
1969 1050 2031 1141 qui
2047 1051 2236 1119 adolescen·
2288 1051 2289 1104 ἶ

218 1147 337 1222 schola
360 1151 404 1218 de
427 1162 580 1242 tyranno
603 1148 711 1216 iustas
736 1171 868 1240 poenas
889 1150 1049 1238 sumpsit.
1106 1145 1208 1233 Nam,
1258 1161 1309 1216 tes
1324 1149 1531 1216 exercebant
1545 1147 1584 1215 in
1600 1147 1769 1233 dieend03
1796 1172 1878 1217 nam
1894 1173 1932 1218 ea
1947 1152 2132 1242 disciplina
2147 1175 2236 1242 prae-

219 1269 259 1324 ut
281 1252 441 1321 futurum
465 1249 565 1318 Plato
588 1251 826 1339 praedixerat,
858 1265 1029 1343 tyrannus
1059 1273 1206 1340 regnum
1259 1248 1361 1339 cipue
1394 1259 1481 1318 tunc
1511 1249 1804 1320 existimabantur
1834 1251 1979 1321 iuvenes
2005 1255 2050 1321 ad
2075 1253 2238 1344 Rempub.
2288 1269 2289 1324 ς

219 1355 349 1426 amisit.
400 1349 598 1422 Consenuit
619 1352 747 1420 deinde
765 1351 865 1422 Plato
882 1377 956 1420 non
972 1353 1008 1420 in
1025 1353 1121 1436 ocio,
1147 1354 1208 1420 sed
1260 1351 1494 1440 praeparandi
1517 1373 1601 1424 esse.
1654 1349 1729 1420 Hos
1754 1352 1837 1444 quia
1861 1348 1954 1420 nihil
1979 1356 2164 1423 tradebant
2179 1355 2238 1424 nisi
2288 1339 2289 1428 l

221 1458 318 1550 quod
334 1469 385 1525 cst
399 1449 687 1523 honestissimum
704 1455 864 1524 docendo
880 1477 920 1523 ae
937 1455 1124 1524 scribendo
1149 1477 1208 1523 ex-

221 1560 341 1629 citavit
359 1556 572 1647 optimarum
595 1555 725 1624 artium
747 1555 874 1628 studia.
926 1554 1072 1626 Habetis
1095 1552 1210 1626 histo-

220 1661 310 1730 riam
333 1652 559 1750 philosophi,
590 1681 679 1748 quae
704 1659 863 1728 continet
884 1683 967 1728 vere
988 1653 1211 1751 philosophi-

189 1834 192 1848 ,
221 1787 301 1831 cum
326 1759 419 1831 vitae
440 1757 667 1830 curriculum.
719 1759 920 1850 Cupiditate
945 1761 1103 1830 discendi
1124 1760 1212 1830 adiit

221 1863 351 1932 multas
378 1861 539 1950 regiones
563 1859 793 1954 longinquas,
826 1862 961 1931 invexit
993 1863 1030 1930 in
1058 1863 1210 1954 patriam

222 1965 372 2056 optimas
386 1977 487 2047 artes,
502 1962 666 2032 excitavit
678 1964 805 2047 studia,
827 1964 1047 2033 conflictatus
1063 1977 1115 2034 est
1129 1987 1210 2034 cum

222 2066 402 2159 tyrannis;
434 2087 518 2134 narn
541 2063 577 2130 id
603 2089 744 2157 quoquc
767 2068 809 2133 ad
834 2060 1084 2157 philosophum
1100 2065 1211 2157 perti-

222 2183 293 2240 net.
345 2164 509 2259 Reliquit
523 2188 597 2234 non
610 2167 724 2234 solnm
742 2167 881 2257 scripta,
908 2169 1085 2238 sedetiam
1103 2167 1210 2236 disci-

223 2270 344 2358 pulos,
379 2269 442 2360 qui
473 2266 709 2356 posteritatem
734 2270 942 2339 erudierunt
970 2283 1004 2340 et
1024 2293 1212 2338 conserva-

223 2385 309 2440 runt
324 2381 416 2438 artes
430 2369 521 2437 vitae
535 2369 651 2442 utiles.
692 2367 799 2457 Quod
814 2371 906 2440 vitae
924 2393 1033 2460 genus
1050 2367 1132 2440 huic
1147 2395 1212 2438 an-

222 2473 443 2542 teferendum
468 2471 541 2539 est?
574 2484 634 2539 aut
659 2473 755 2563 quod
778 2497 908 2543 munus
932 2473 969 2540 in
992 2474 1063 2542 vita
1087 2473 1212 2542 utilius

220 2587 273 2643 cst
306 2572 462 2642 societati
495 2567 700 2652 hominum,
744 2597 849 2668 quam
882 2597 1012 2644 munus
1039 2575 1212 2644 docendi?

222 2673 345 2767 ltaque
360 2688 452 2743 recte
472 2673 610 2765 inquit,
636 2669 886 2765 philosophos,
915 2677 981 2746 etsi
995 2699 1069 2746 non
1088 2690 1211 2765 gerant

215 2773 469 2865 Magistratus,
495 2789 528 2844 et
539 2775 738 2846 abstineant
753 2801 774 2844 a
789 2778 989 2846 forensibus
1007 2779 1210 2869 occupatio·

220 2879 338 2961 nibus,
364 2892 482 2947 tamen
497 2901 538 2946 eo
555 2878 666 2946 iustos
681 2901 771 2958 esse,
799 2880 881 2970 quia
896 2895 987 2948 artes
1004 2880 1095 2950 vitae
1106 2880 1211 2948 utiles

220 2975 407 3072 inquirant
428 2993 461 3048 et
477 2981 629 3048 tradant.
680 2977 762 3048 Non
783 2983 939 3070 profecto
956 2981 1082 3050 nrelius
1097 3005 1212 3049 mere-

220 3097 279 3152 tur
292 3083 335 3150 de
349 3079 491 3170 Repub.
506 3080 630 3148 aedilis
647 3081 708 3172 qui
731 3081 859 3149 molem
875 3085 1028 3176 aliquam
1043 3083 1211 3168 aedificat,

221 3205 326 3276 quam
351 3181 408 3249 vir
424 3183 566 3268 doctus,
592 3181 653 3274 qui
670 3182 759 3271 regit
779 3183 986 3272 religiones,
1013 3185 1076 3280 qui
1091 3199 1211 3254 osten-

220 3285 292 3368 dit,
318 3282 403 3376 quid
418 3284 463 3353 sit
479 3284 622 3366 iustum,
648 3285 709 3375 qui
726 3298 888 3354 naturam
904 3311 1021 3355 rerum
1039 3287 1211 3377 patefacit,

219 3411 260 3456 ae
277 3386 432 3454 remedia
445 3383 638 3454 nece'ssaria
653 3381 858 3456 hominibus
872 3401 1056 3458 monstrat.
1090 3381 1210 3474 Quare

220 3488 286 3558 etsi
309 3485 410 3556 Plato
433 3509 497 3556 suo
519 3487 672 3582 quodam
696 3487 845 3557 consilio
871 3513 945 3558 uon
966 3490 1071 3580 gessit
1093 3487 1210 3578 Magi-

219 3603 348 3659 stratus
374 3589 411 3656 ln
435 3588 564 3680 patria,
588 3603 707 3657 tamen
727 3592 770 3658 de
796 3592 951 3676 civibus,
977 3593 1049 3660 imo
1072 3591 1115 3659 de
1136 3605 1210 3660 tota

114 3731 120 3742 ·
220 3691 434 3782 posteritate,
458 3713 583 3779 genere
596 3691 703 3759 olfirii
720 3696 974 3781 praestantiore
988 3693 1121 3784 optime
1136 3715 1210 3760 me·

220 3793 310 3861 ritus
328 3805 389 3862 est.
440 3789 494 3861 Ac
511 3806 760 3860 commemorat
779 3793 853 3882 ipse
868 3818 1027 3879 causam,
1053 3817 1116 3862 cur
1129 3794 1210 3862 abs-

222 3894 369 3963 tinuerit
398 3894 443 3962 ab
463 3893 771 3962 administratione
793 3895 963 3975 civitatis,
999 3896 1082 3988 quia
1107 3918 1209 3984 prae-

221 4009 354 4065 sentem
371 4009 499 4065 statum
518 4018 591 4064 nou
607 3995 782 4086 probaret,
804 4009 970 4066 ettamen
986 3997 1209 4066 tolerandum

221 4121 294 4165 esse
309 4097 465 4181 sentiret,
492 4097 575 4189 quia
591 4113 629 4166 ut
650 4105 854 4187 parentum,
879 4099 927 4169 ita
944 4101 1077 4190 patriae
1095 4119 1210 4168 mores

221 4197 325 4267 etiam
344 4221 468 4288 parum
488 4200 666 4268 commodi
679 4199 817 4269 ferendi
832 4199 913 4270 sint.
957 4199 1028 4271 Sed
1043 4200 1209 4282 arbitror,

221 4300 376 4390 primum
409 4299 543 4368 cladem
578 4301 710 4390 patriae
744 4317 778 4372 et
802 4303 1014 4371 servitutem
1041 4303 1080 4370 in
1107 4325 1210 4372 causa

221 4402 344 4485 luisse,
371 4425 442 4494 quo
465 4401 583 4470 minus
599 4403 778 4472 accederet
793 4405 835 4471 ad
853 4399 1052 4494 Rempub.,
1081 4405 1210 4472 deinde

222 4505 336 4573 studia
354 4503 536 4572 doctrinae
550 4503 707 4571 animum
723 4504 831 4573 eiusa
847 4507 991 4574 cacteris
1008 4506 1209 4596 occupatio-

222 4608 328 4675 nibus
343 4607 582 4690 abduxerunt,
609 4605 729 4696 quain
745 4630 783 4674 re
801 4607 911 4676 multo
926 4607 1108 4676 meliorem
1124 4631 1210 4697 ope-

221 4735 297 4776 ram
333 4705 489 4797 Reipub.
522 4731 562 4776 ac
603 4697 789 4776 uniiersae
825 4709 1020 4798 posteritati
1057 4709 1210 4779 navavit.

221 4809 324 4880 Nunc
346 4809 482 4901 aliquid
505 4809 707 4877 addendum
723 4823 773 4878 est
787 4811 830 4878 de
849 4811 924 4880 eius
946 4811 1102 4902 scriptis:
1129 4807 1210 4879 Pri-

1260 1447 1454 1520 rhetoricos
1483 1453 1640 1537 libellos,
1672 1467 1707 1522 et
1735 1455 2010 1526 assuefaciebant
2032 1456 2238 1526 iuventutem
2288 1457 2289 1482 ³

1261 1556 1305 1622 ad
1322 1553 1463 1622 inanem
1480 1537 1721 1644 garrulslatem
1736 1557 1812 1624 sine
1830 1579 1948 1626 rernm
1967 1558 2147 1642 doctrina,
2171 1581 2240 1648 pas-

1261 1655 1327 1723 sim
1343 1653 1443 1724 Plato
1459 1657 1548 1725 salse
1562 1655 1722 1744 exagitat.
1773 1656 1864 1726 Nam
1887 1683 1966 1727 cnm
1989 1656 2081 1728 nihil
2104 1662 2150 1729 sit
2165 1657 2241 1730 Rei.

1261 1759 1346 1849 pub.
1367 1757 1620 1847 perniciosius,
1647 1781 1753 1850 qnam
1773 1760 1947 1828 assuefieri
1970 1773 2092 1830 tenera
2112 1762 2240 1851 ingenia

1261 1861 1306 1928 ad
1326 1855 1572 1950 Sophisticen,
1601 1857 1704 1929 Plato
1726 1860 1804 1929 iure
1830 1862 1957 1930 exarsit
1979 1865 2148 1932 adversus
2176 1864 2240 1932 eius

1262 1962 1384 2030 aetatis
1406 1955 1602 2046 Rhetores,
1636 1985 1790 2053 quorum
1816 1964 1987 2052 palestrae
2017 1979 2157 2034 tantum
2180 1965 2241 2032 ale-
2288 1991 2289 2026 l

1262 2065 1348 2134 bant
1366 2057 1599 2154 Sophisticen.
1645 2061 1956 2154 Repressisigitur
1971 2059 2101 2136 horum
2118 2067 2243 2148 studiis,

1262 2165 1368 2235 etiam
1405 2187 1465 2232 eos
1490 2165 1552 2257 qui
1577 2159 1796 2235 Rhetorieen
1823 2169 2082 2256 profitebantur
2114 2183 2243 2260 postea,

1262 2265 1358 2336 acuit
1381 2279 1415 2335 et
1437 2267 1618 2346 excitavit,
1644 2267 1799 2357 primum
1822 2281 1860 2336 ut
1882 2268 2056 2357 fugientes
2077 2265 2244 2360 Sophisti-

1262 2392 1347 2452 cen,
1372 2367 1468 2436 locos
1489 2391 1671 2438 causarum
1685 2392 1769 2437 vera
1791 2371 1944 2460 quadarn
1963 2371 2102 2440 ratione
2123 2370 2244 2440 consti-

1262 2483 1403 2540 tuerent
1425 2483 1458 2537 et
1474 2483 1679 2558 argumenta
1704 2494 1745 2538 ex
1770 2471 1996 2558 negociorum
2017 2473 2175 2542 sontibus
2191 2495 2243 2540 su-

1263 2584 1419 2655 merent,
1450 2595 1525 2640 non
1549 2572 1733 2662 peregrina
1754 2585 1815 2640 aut
1839 2570 1998 2653 Paelice,
2031 2577 2092 2642 sed
2118 2587 2244 2665 aptast

1262 2687 1496 2743 consentanea
1511 2675 1637 2756 rebus,
1662 2675 1706 2741 de
1728 2673 1857 2765 quibus
1872 2675 2062 2744 dicendum
2082 2691 2164 2744 erat.
2200 2672 2243 2742 Hi
2288 2691 2289 2760 l

1262 2790 1344 2844 sunt
1358 2775 1530 2844 orationis
1546 2773 1668 2853 nervi,
1701 2773 1777 2842 sine
1793 2774 1922 2864 quibus
1945 2777 2047 2844 etiam
2066 2778 2097 2845 si
2113 2777 2200 2846 bella
2216 2789 2246 2844 et
2288 2779 2289 2870 l

1263 2878 1358 2945 varie
1387 2877 1478 2966 picta
1507 2877 1693 2960 dicuntur,
1731 2889 1848 2944 tamen
1878 2877 1991 2946 oratio
2022 2892 2056 2947 et
2080 2880 2196 2947 inanis
2216 2891 2245 2945 et
2288 2877 2289 2956 l

1263 2979 1381 3068 inepta
1398 2993 1460 3050 est.
1513 2975 1566 3048 Ac
1590 2973 1654 3046 hos
1674 3001 1803 3046 nervos
1821 2993 1958 3047 secutae
1980 2994 2063 3050 sunt
2086 2983 2189 3050 etiam
2211 2981 2244 3046 in
2288 3053 2289 3082 ,

1262 3081 1480 3163 elocutione,
1509 3081 1642 3150 multae
1667 3079 1824 3168 egregiae
1846 3079 2011 3163 virtutes,
2044 3083 2194 3171 gravitas
2215 3095 2245 3149 et
2288 3093 2289 3142 l

1262 3183 1447 3272 splendor:
1479 3182 1597 3273 itaque
1620 3175 1869 3250 Demosthenis
1898 3183 2118 3252 oratiorum
2149 3185 2245 3251 rebus
2288 3197 2289 3248 3

1263 3297 1337 3352 tum
1374 3284 1572 3352 elocutione
1597 3283 1702 3370 louge
1727 3297 1878 3371 praestat
1909 3299 2068 3353 veterum
2104 3284 2244 3374 seriptis

1261 3383 1405 3455 Habent
1430 3386 1602 3476 quaedam
1637 3383 1812 3453 lenocinia
1842 3399 1875 3452 et
1904 3385 2069 3454 flosculos
2098 3385 2244 3474 (lorgiac

1262 3487 1505 3555 oratiunculae
1532 3487 1609 3554 sine
1640 3485 1731 3553 veris
1757 3486 1992 3574 argumentis,
2026 3488 2103 3556 sine
2134 3491 2245 3579 splen-

1262 3591 1371 3672 dore,
1400 3588 1477 3656 sine
1498 3587 1771 3678 compositione3
1806 3586 1932 3680 Lysiae
1949 3611 2031 3656 vero
2046 3603 2243 3678 argumenta

1262 3691 1398 3758 etiarnsi
1423 3703 1507 3758 saint
1529 3703 1626 3779 apta,
1662 3703 1783 3758 tamen
1803 3703 1888 3758 sunt
1905 3691 2095 3778 castagnito,
2123 3705 2156 3761 et
2176 3691 2244 3758 siue

1262 3793 1388 3862 nitore.
1438 3787 1514 3860 Etsi
1545 3804 1662 3859 autern
1690 3789 1900 3880 compositio
1923 3793 2068 3862 stratio
2099 3791 2244 3863 ornandi

1262 3893 1404 3961 videtur
1427 3894 1472 3961 ab
1497 3891 1647 3961 lsocrate
1671 3892 1825 3982 primum
1850 3905 2026 3978 mutuata,
2056 3897 2121 3987 qui
2147 3895 2244 3983 paulo
2288 3951 2289 3954 ,

1261 3995 1328 4062 fnit
1350 3994 1465 4063 rnaior
1491 4007 1576 4063 natu
1599 4017 1704 4086 quam
1726 3991 1848 4078 Plato,
1878 4006 1997 4062 tamen
2028 3991 2195 4066 nonnihil
2214 4007 2244 4064 et
2288 4043 2289 4048 κ

1262 4095 1421 4166 Platonis
1436 4097 1669 4166 elocutionem
1686 4096 1859 4186 proluisse
1874 4097 2130 4186 posterioribus
2145 4119 2244 4189 appa-

1261 4211 1326 4269 ret.
1376 4194 1534 4268 Consilia
1560 4222 1644 4266 vero
1663 4198 1702 4264 in
1719 4197 1935 4266 inveniendo
1952 4201 2053 4267 nervi
2071 4213 2106 4271 et
2124 4199 2243 4290 ampli-

1261 4298 1441 4370 ficationes
1461 4301 1499 4367 in
1515 4294 1754 4369 Demosthene
1774 4295 1868 4370 haud
1887 4301 1996 4370 dubie
2009 4299 2169 4372 Platonis
2183 4302 2242 4368 do·

1262 4401 1411 4470 ctrinam
1427 4402 1600 4471 redolent.
1652 4399 1742 4470 Nam
1758 4397 2013 4471 Demosthenes
2030 4427 2104 4473 non
2127 4401 2243 4496 procul

1262 4503 1406 4572 accersit
1428 4515 1640 4592 argumenta·
1654 4503 1769 4572 aliena
1787 4506 1833 4573 ab
1854 4503 2038 4590 instituto,
2063 4521 2103 4576 ut
2116 4504 2243 4576 iaciunt

1262 4601 1465 4696 Sophistae,
1492 4607 1551 4674 sed
1565 4631 1607 4674 ex
1622 4605 1849 4696 negociorum
1866 4607 2025 4677 fontibus
2040 4609 2148 4678 sumit
2166 4629 2243 4698 pro·

1263 4708 1357 4794 prias
1378 4708 1550 4792 rationes,
1582 4719 1623 4777 ut
1645 4711 1744 4777 decet
1773 4703 1954 4778 hominem
1987 4711 2184 4792 eruditum,
2213 4719 2242 4774 et

1262 4806 1325 4878 has
1339 4808 1547 4894 Dialectice,
1574 4833 1664 4900 pene
1682 4824 1721 4880 ut
1740 4810 1778 4880 fit
1801 4811 1839 4879 in
1862 4806 2001 4894 schola,
2026 4835 2152 4900 magna
2174 4821 2241 4878 arte

222 4937 318 4982 snum
354 4910 554 5003 eloquentia
587 4924 684 4980 tanta
717 4925 788 4992 est,
830 4925 870 4982 ut
896 4913 1001 5002 longe
1027 4913 1211 4983 antecedat
1262 4911 1433 4991 colluxit.
1462 4935 1504 4980 ac
1534 4912 1731 5004 plerunque
1762 4935 1925 5001 pugnans
1954 4915 2145 4984 sententias
2175 4931 2241 4978 non

222 5036 343 5081 onmes
361 5011 515 5083 Graecos
531 5026 565 5082 et
577 5009 725 5082 Latinos
739 5028 906 5100 oratores,
924 5039 1076 5107 quorum
1092 5027 1210 5084 extant
1261 5013 1466 5104 populares,
1491 5017 1571 5096 sed,
1598 5029 1635 5084 ut
1650 5015 1698 5084 ita
1714 5014 1841 5098 dicam,
1867 5011 2109 5099 scholasticas,
2133 5016 2242 5095 idest,

221 5115 359 5184 literae.
407 5113 549 5184 Nullius
564 5128 615 5184 est
635 5115 748 5184 oratio
763 5109 909 5186 uberior
923 5141 962 5185 ac
978 5115 1209 5207 splendidior.
1262 5140 1303 5183 ex
1337 5117 1498 5184 doctrina
1531 5117 1683 5207 quadam
1718 5115 1921 5202 gravissima
1954 5130 2069 5185 erutas
2102 5117 2242 5210 profert.

223 5213 265 5282 ln
282 5215 359 5282 aliis
373 5216 558 5287 laudamus
579 5218 766 5308 praecipue
782 5220 1049 5310 proprietatem,
1075 5219 1114 5286 in
1130 5219 1209 5286 aliis
1263 5215 1360 5303 Quid
1374 5217 1578 5288 dubitemus
1590 5213 1997 5305 igiturDemosthenern,
2023 5243 2096 5287 non
2109 5229 2240 5286 tantum

220 5316 392 5394 nitorem,
426 5343 465 5384 ae
486 5317 677 5407 figurarum
699 5320 862 5405 delicias,
898 5319 1000 5390 Plato
1024 5345 1113 5413 quae
1133 5320 1210 5389 vult
1262 5315 1448 5388 rhetoricis
1488 5318 1637 5403 libellis,
1677 5322 1737 5389 sed
1769 5312 1835 5388 hac
1865 5321 2059 5388 eruditiore
2087 5317 2239 5388 doctrina

220 5415 362 5504 proprie
385 5417 529 5498 efferre,
552 5420 600 5490 ita
623 5421 758 5511 signate
779 5421 888 5515 dicit,
911 5435 951 5492 ut
975 5415 1069 5490 nihil
1094 5417 1210 5513 aptius
1262 5420 1455 5512 expolitum
1476 5421 1611 5492 luisse?
1647 5418 1701 5492 Ac
1724 5421 1897 5516 significat
1926 5421 2000 5513 ipse
2030 5445 2066 5490 se
2087 5417 2239 5490 Platonis
