4704 5826
107 265 202 344 981
347 344 355 358 ,
676 256 836 336 DECL.
867 256 944 334 uu
976 251 1290 335 nocrflttta
1320 254 1589 338 PHYSICA.
1903 291 1910 302 ·
2084 261 2166 342 938

109 460 276 534 possessu
317 433 474 510 Tantum
488 434 644 510 stoue
656 432 938 508 commonefacio
951 430 1120 517 iueiooes,
1173 429 1342 522 supplicia
1382 431 1543 523 publica,
1585 457 1659 504 non
1688 433 1819 505 tamam
1848 447 2003 522 metuat,
2048 448 2166 508 tamen

108 557 160 614 ut
181 541 313 622 sciant,
338 533 396 610 his
409 538 522 611 initiis
536 537 719 610 doctrinae
735 530 901 632 physicae
922 535 962 604 iu
986 534 1120 604 multa·
1171 548 1289 608 sontes
1305 534 1445 606 tandem
1464 528 1643 605 horrendo
1660 535 1822 634 cruciatu
1832 537 2011 610 interficit.

109 665 342 716 cumrerum
359 640 576 733 expositione
590 639 632 714 in
649 635 807 710 Ecclesia
823 659 914 729 opus
927 658 1014 709 csse.
1150 685 1153 692 ,
1242 635 1395 728 'Itaque
1410 637 1644 708 certissimum
1657 651 1708 708 est
1716 689 1729 724 ,
1756 653 1789 710 et
1802 663 1875 710 esse
1890 637 2006 710 Deum
2020 639 2164 732 sapien-

91 813 97 822 ,
228 743 409 816 Hactenus
429 746 474 814 de
497 743 604 816 rebus
619 741 769 812 minime
786 738 945 810 obscuris
963 735 1056 820 dixi,
1078 733 1118 804 iu
1169 749 1241 808 tem
1257 737 1490 820 conditorem,
1509 752 1543 810 et
1559 740 1690 810 iustum
1707 764 1747 810 ac
1763 741 1939 812 vindicem
1954 765 2039 818 esse.
2065 739 2163 814 Haec

110 847 256 942 quihus
287 846 450 922 adiuvari
483 844 657 916 discentes
687 839 753 914 hac
781 842 911 934 puerili
943 836 1118 923 doctrina,
1169 834 1313 934 physica
1330 840 1553 911 ratiocinatio
1576 841 1674 912 utilis
1696 856 1747 914 est
1769 845 1885 916 bonae
1907 845 2037 929 menti,
2072 868 2163 938 quae

110 949 270 1044 quaein
286 943 441 1042 physicis
455 946 589 1018 libellis
602 945 766 1030 traditur,
787 944 1015 1014 manifestum
1029 952 1091 1012 εει.
1169 941 1276 1010 simul
1293 943 1431 1034 quaerit
1447 943 1648 1012 testimonia
1670 943 1914 1035 patefactionis
1936 947 1974 1016 in
1989 941 2160 1022 Ecclesia.

226 1047 307 1122 Etsi
320 1063 438 1122 autem
454 1048 527 1120 scio
541 1047 749 1138 sapientiam
766 1047 811 1115 de
829 1043 977 1116 essentia
1000 1056 1035 1114 et
1053 1065 1117 1111 vo·
1168 1041 1260 1112 Nam
1291 1068 1371 1112 cum
1400 1044 1633 1116 certissimum
1658 1047 1721 1130 sit,
1761 1071 1834 1117 esse
1858 1045 1991 1134 Deum,
2032 1061 2067 1120 et
2089 1041 2159 1120 hoc

111 1154 263 1226 luntate
278 1149 347 1222 Dei
363 1151 467 1241 longe
481 1150 631 1243 positam
648 1171 722 1220 esse
737 1170 845 1240 supra
861 1161 896 1218 et
914 1158 1009 1216 extra
1028 1167 1117 1214 con·
1169 1145 1284 1236 ipsum
1297 1145 1531 1216 conscientiae
1548 1147 1719 1218 iudicium
1735 1151 1915 1229 ostendat,
1941 1173 2006 1221 nos
2021 1151 2066 1219 ad
2082 1149 2159 1220 eius

111 1266 285 1347 spectum
299 1253 463 1324 omnium
483 1253 710 1341 augelorum,
735 1262 840 1344 atque
863 1248 1024 1320 omnium
1038 1239 1116 1314 ho·
1168 1247 1384 1336 agnitionem
1402 1249 1563 1319 conditos
1576 1273 1665 1334 esse,
1691 1263 1783 1322 extat
1800 1251 1837 1320 in
1854 1274 1981 1341 genere
1999 1246 2157 1322 humano

50 1393 55 1402 ·
111 1357 284 1440 minum,
329 1377 396 1424 nec
427 1349 681 1447 comprehendi
714 1351 815 1422 illam
845 1348 1117 1420 immensitatem
1153 1373 1250 1418 ·vera
1267 1349 1366 1418 dcco
1384 1349 1544 1421 doctrina
1563 1351 1762 1422 illustribus
1784 1353 1995 1424 testimoniis
2016 1352 2160 1427 tradita.

111 1453 282 1552 physicis
295 1456 445 1526 libellis:
466 1470 501 1528 et
517 1455 610 1547 ipsas
624 1453 875 1546 patefactioues
883 1449 952 1523 Dei
965 1450 1115 1520 audien·
1168 1447 1268 1520 Talis
1285 1464 1337 1521 est
1354 1451 1465 1542 prima
1482 1452 1544 1522 illa
1559 1477 1620 1544 per
1629 1450 1760 1535 Patres,
1784 1449 1989 1547 Prophetas,
2010 1453 2159 1541 Filium,
2179 1453 2181 1456 ’

114 1561 189 1631 das
206 1581 301 1644 esse,
328 1581 394 1630 nec
409 1558 495 1630 alias
511 1557 700 1649 opiniones
713 1557 757 1625 de
771 1551 848 1624 Deo
863 1553 1115 1626 adsumendas:
1168 1547 1358 1646 Apostolos
1381 1555 1531 1642 tradita,
1554 1570 1588 1630 et
1609 1555 1910 1651 resuscitationem
1933 1571 2159 1630 mortuomm
2249 1593 2255 1598 ·

114 1676 243 1744 tamen
271 1673 460 1753 postquam
483 1683 566 1730 vcra
595 1657 793 1728 reverentia
816 1680 937 1728 vocem
960 1652 1026 1725 Dei
1052 1677 1116 1724 au·
1168 1655 1389 1726 confirmata.
1818 1747 1822 1754 .

115 1765 245 1838 dimus
266 1775 302 1834 et
322 1761 586 1852 amplectimur,
622 1773 657 1831 et
678 1756 775 1830 Deus
803 1771 925 1828 nostro
954 1779 1117 1826 sermone
1271 1753 1346 1826 lam
1376 1751 1463 1827 haec
1489 1756 1745 1846 consideratio,
1784 1757 1823 1830 in
1854 1786 1923 1856 qua
1956 1761 2156 1834 similitudo

114 1879 249 1950 utens,
273 1863 448 1953 siguificat
464 1863 602 1958 aliquid
617 1863 661 1932 de
677 1860 750 1930 illis
765 1861 902 1930 arcanis
925 1856 1117 1954 mysteriis,
1167 1857 1296 1930 mentis
1320 1858 1461 1930 divinae
1482 1873 1517 1930 et
1537 1855 1711 1932 humanae
1734 1863 1970 1956 conspicitur,
1995 1865 2157 1934 testimo·

115 1981 158 2040 et
173 1967 253 2040 vult
267 1965 421 2036 discerni
434 1963 596 2050 Patrem,
621 1962 774 2050 Filium,
798 1975 833 2032 et
844 1960 1019 2053 Spiritum
1033 1982 1116 2028 san·
1167 1960 1269 2033 nium
1284 1974 1351 2046 est,
1373 1986 1456 2032 vere
1468 1954 1561 2033 hanc
1575 1977 1739 2036 naturam
1754 1967 1799 2035 ab
1814 1967 1891 2059 ipso
1910 1965 2023 2056 diligi,
2048 1965 2098 2036 sic
2112 1963 2158 2036 ah

116 2085 241 2154 etum,
273 2067 487 2140 adiuvamur
509 2067 663 2138 certain
686 2063 905 2158 expositione
926 2061 1114 2132 nominum
1168 2075 1407 2144 coornatam,
1432 2077 1470 2134 ut
1489 2089 1608 2134 cerum
1628 2067 1842 2159 optimarum
1867 2067 1906 2136 in
1932 2067 2028 2160 ipso,
2052 2090 2156 2138 men·

117 2173 170 2246 ab
184 2166 252 2242 hac
267 2169 439 2242 doctriua.
1169 2165 1232 2252 tis,
1259 2164 1452 2250 libertatis,
1487 2167 1696 2260 sapientiae,
1720 2183 1762 2240 ct
1793 2169 1952 2240 iustitiae
1973 2169 2094 2241 radios
2117 2168 2156 2238 in

229 2269 461 2342 Manifestum
478 2261 530 2340 est
553 2268 593 2338 in
613 2268 731 2338 anima
756 2267 848 2338 duas
864 2287 938 2336 esse
961 2285 1117 2335 summas
1168 2288 1235 2336 nos
1264 2265 1505 2344 transfuderit.
1570 2267 1690 2364 Atque
1720 2265 1778 2343 hic
1806 2295 1906 2342 arnor
1937 2283 2057 2364 postca
2086 2269 2157 2342 mi-

116 2373 311 2468 potentias,
334 2383 601 2462 cognoscentem
619 2383 654 2442 et
668 2369 859 2442 volentem.
892 2365 1117 2458 Cognoscens
1169 2369 1280 2440 sanda
1295 2371 1436 2468 στοργῇ
1453 2370 1647 2442 declaratus
1662 2386 1731 2460 est,
1765 2398 1845 2444 cusu
1861 2373 1956 2444 lilius
1972 2397 2036 2466 pro
2051 2373 2157 2444 nohis

117 2478 255 2554 format
272 2473 461 2564 imagines,
481 2473 531 2544 ita
546 2488 627 2542 eum
650 2472 745 2542 lilius
767 2470 903 2542 aeterni
922 2469 1032 2562 patris
1049 2492 1117 2538 no-
1168 2469 1310 2542 victima
1333 2472 1445 2542 tactus
1468 2486 1538 2558 cst,
1563 2497 1714 2572 cumque
1730 2498 1852 2546 rssrsus
1866 2475 1904 2545 in
1921 2499 1987 2546 nos
2001 2475 2157 2548 transsu-

118 2578 301 2660 minetur,
333 2590 368 2646 et
390 2567 517 2672 λόγος,
550 2587 585 2646 ει
606 2573 722 2664 imago
749 2572 1116 2664 patris,‘cogitatioue
1167 2596 1227 2643 sus
1242 2585 1293 2644 est
1308 2569 1463 2664 Spiritus
1476 2588 1637 2663 sauctus,
1661 2591 1703 2648 ut
1724 2577 1870 2648 societas
1891 2591 2037 2648 naturae
2060 2577 2155 2648 divi-

118 2703 209 2752 eum
236 2677 334 2769 gigni
355 2675 575 2767 intelligitur.
642 2671 691 2746 Et
712 2673 858 2764 spiritus
881 2671 1031 2762 agitator
1054 2686 1116 2758 cst,
1167 2699 1234 2744 nae
1251 2675 1288 2743 in
1306 2675 1428 2758 nohis,
1453 2689 1487 2746 et
1514 2673 1606 2759 vita,
1636 2677 1806 2770 sapientia
1824 2693 1868 2749 ει
1889 2679 2027 2751 iusticia
2051 2679 2156 2752 resti-

120 2796 158 2854 et
176 2782 288 2876 'qussi
311 2780 474 2862 flamma,
510 2799 579 2870 qua
602 2789 765 2846 aeternus
791 2790 891 2867 pater
914 2774 1046 2859 lilium,
1081 2787 1116 2844 et
1166 2789 1336 2848 tueretur.
1390 2775 1487 2864 Quid
1513 2780 1627 2849 maius
1653 2782 1737 2850 dare
1761 2779 1876 2872 potuit
1898 2779 2014 2862 Deus,
2046 2805 2155 2875 qnam

118 2883 220 2954 filius
235 2895 371 2974 patrem
389 2878 633 2972 amplectitur,
657 2878 730 2946 imo
749 2901 821 2970 quo
837 2889 1001 2950 aeternus
1017 2888 1116 2967 pater
1167 2877 1272 2948 initio
1293 2877 1564 2948 similitudinem
1586 2903 1707 2951 canam
1730 2883 1870 2970 rerum,
1898 2907 1988 2978 quae
2011 2898 2093 2955 sunt
2115 2883 2155 2952 iu

119 3000 157 3068 et
180 2985 276 3054 lilius
299 2995 420 3054 nostra
441 2979 510 3052 sibi
534 2993 676 3070 pectora
698 2980 877 3069 copulant.
930 2975 977 3050 Ut
997 2993 1114 3049 autem
1167 2980 1244 3071 ipso
1259 2979 1440 3071 optimae?
1464 2977 1604 3052 Deinde
1618 2983 1741 3068 filium,
1762 3009 1802 3055 ac
1818 3008 1941 3057 rursus
1952 2987 2155 3058 societatem

119 3086 291 3176 cogitatio
317 3097 369 3156 est
393 3082 573 3176 potentiae
597 3081 855 3172 cognoscentis,
896 3079 944 3152 ita
971 3081 1114 3168 agitatio
1167 3105 1250 3152 suae
1266 3096 1429 3167 naturae,
1454 3082 1565 3154 effuso
1581 3085 1619 3153 in
1636 3109 1701 3156 nos
1716 3085 1854 3179 Spiritu
1868 3111 1933 3166 suo
1948 3087 2094 3178 sancto?

118 3188 319 3260 voluntatis
347 3199 411 3258 εει.
477 3184 600 3286 ltaque
628 3183 774 3274 spiritus
796 3182 928 3255 aeterni
949 3181 1059 3273 patris
1081 3195 1115 3252 et
1269 3181 1364 3253 Haec
1389 3197 1485 3254 tanta
1510 3188 1602 3256 dossa
1628 3202 1829 3260 reverenter
1851 3191 2037 3280 cogitanda
2060 3203 2156 3275 sunt,

119 3289 203 3375 lilii,
227 3288 351 3360 fovens
365 3300 542 3370 naturam,
566 3298 601 3356 et
617 3297 735 3358 nostra
753 3298 893 3376 pectora
910 3285 1115 3368 accendens,
1165 3297 1206 3355 ut
1228 3285 1406 3374 gratitudo
1430 3287 1582 3356 vicissim
1608 3287 1646 3357 in
1673 3291 1778 3360 nobis
1801 3293 2024 3363 accendatur·
2073 3287 2154 3362 Etsi

120 3416 143 3464 a
168 3390 352 3461 voluntate
374 3403 437 3462 εει.
494 3385 555 3458 Sic
576 3412 617 3458 ex
644 3386 850 3457 discrimine
874 3387 1113 3476 potentiarum
1166 3399 1285 3456 autem
1310 3382 1394 3456 baec
1419 3389 1590 3478 sapientia
1610 3394 1795 3484 praecipue
1816 3393 1966 3463 discitur
1986 3418 2028 3464 ex
2052 3393 2154 3464 libris

122 3493 318 3564 declaratio
350 3491 505 3562 sumitur
528 3491 573 3558 de
597 3489 671 3558 lilio
696 3501 731 3558 et
752 3489 798 3556 de
816 3487 955 3578 Spiritu
977 3502 1114 3558 sancto:
1133 3541 1151 3585 „
1166 3489 1318 3578 divinis,
1343 3501 1461 3558 tamen
1482 3493 1525 3558 ad
1547 3496 1825 3581 cognoscendam
1848 3509 2010 3566 naturam
2036 3491 2155 3564 homi-

121 3619 216 3690 quae
232 3593 369 3666 etiamsi
385 3605 438 3664 est
452 3593 615 3676 obscura,
639 3603 675 3662 et
688 3591 748 3658 vix
766 3591 882 3660 tenuis
897 3590 1035 3674 umbra,
1059 3604 1115 3660 ta·
1166 3590 1238 3671 uis,
1261 3584 1405 3683 physica
1422 3593 1583 3662 doctrina
1602 3595 1753 3663 multum
1770 3597 1949 3669 conducit.
1989 3596 2153 3668 Iunios-es

120 3721 208 3768 meu
229 3719 345 3767 sermo
365 3695 509 3766 divinus
525 3687 611 3762 haec
629 3691 813 3782 siguificat.
864 3690 1114 3762 Metaeautem
1165 3691 1357 3762 bonitatem
1379 3707 1414 3763 et
1433 3693 1642 3784 dignitatem
1660 3695 1789 3768 artium
1816 3701 1978 3770 noudum
2006 3699 2156 3791 perinde

121 3799 301 3874 divinitus
321 3797 492 3876 traditae,
513 3794 718 3866 retinendae
738 3806 832 3864 sunt.
884 3789 931 3864 Et
955 3793 1115 3864 retinen·
1165 3807 1317 3864 cessrunt
1329 3809 1369 3866 ut
1386 3791 1508 3881 εεῃεε,
1538 3797 1600 3890 qui
1619 3798 1688 3868 iam
1707 3799 1854 3891 propius
1868 3823 1926 3870 eas
1940 3801 2156 3893 adspiciunt,

121 3914 185 3972 tur
200 3900 356 3984 firmius,
380 3921 461 3970 cum
479 3909 572 3968 recte
590 3909 750 3986 percepta
767 3909 817 3966 est
831 3896 1002 3968 doctrina.
1040 3893 1112 3966 Ne-
1165 3910 1201 3967 et
1215 3897 1350 3966 fontem
1369 3919 1442 3967 esse
1460 3899 1577 3970 sciunt
1592 3901 1801 3991 sapientiam
1809 3900 1890 3986 Dei,
1913 3927 1952 3974 ac
1965 3903 2154 3994 deplorant

116 4025 219 4076 cesse
241 4015 295 4072 est
315 4015 432 4072 tamen
454 3997 644 4069 discrimen
662 3996 794 4080 Patris,
822 3995 923 4080 Filii,
949 4013 983 4070 et
996 3996 1113 4089 Spiri-
1165 4011 1321 4068 nostram
1344 3998 1521 4071 inscitiam
1547 4023 1588 4070 ac
1610 4002 1912 4089 ingratitudinem.
1979 4003 2025 4076 Ut
2045 4005 2155 4096 igitur
2275 4085 2278 4092 Δ

123 4119 184 4178 tus
206 4103 319 4188 sancti
345 4102 383 4170 iu
406 4099 631 4172 invocatione
653 4098 813 4188 cogitari.
870 4097 1112 4170 Discernenda
1164 4123 1288 4168 senum
1305 4101 1460 4171 officium
1474 4115 1542 4186 est,
1569 4103 1741 4174 instillare
1756 4105 1886 4176 teneris
1899 4107 2029 4178 animis
2043 4122 2156 4180 rectas

121 4207 289 4280 estenim
302 4219 422 4275 nostra
439 4201 616 4274 invocatio
632 4202 677 4272 ab
693 4195 843 4272 ethnica.
892 4197 1032 4272 Deinde
1045 4197 1113 4272 hoc
1164 4201 1351 4292 opiniones
1377 4205 1421 4273 de
1448 4206 1584 4276 artibus
1608 4220 1642 4276 et
1674 4229 1794 4276 eamm
1823 4231 1979 4282 amorem
2009 4222 2155 4302 propter

123 4306 555 4402 qssoqueconsideremus.
589 4300 684 4376 Cum
697 4303 1112 4390 multasinttestimonia
1164 4303 1313 4392 gloriam
1330 4301 1413 4374 Dei:
1447 4307 1494 4376 ita
1517 4321 1671 4376 vestrum
1697 4323 1768 4388 εει,
1795 4309 1974 4391 iuniores,
2001 4306 2064 4381 has
2085 4337 2154 4380 no-

122 4413 169 4481 de
185 4409 266 4482 Deo
282 4409 321 4478 in
336 4407 501 4478 universa
524 4419 670 4485 natura,
692 4429 783 4500 quae
804 4403 1022 4476 convincunt
1044 4400 1113 4476 hu·
1163 4419 1254 4474 stras
1273 4407 1536 4477 admonitiones
1553 4399 1696 4498 inligare
1716 4411 1863 4498 animis,
1890 4426 1923 4482 et
1939 4436 2042 4504 saepe
2057 4413 2154 4504 cogi·
2273 4499 2275 4506 Ι

122 4523 414 4592 marcescentes,
439 4521 480 4580 ut
497 4507 601 4580 fateri
617 4520 790 4596 cogantur
811 4505 1032 4578 essclleum=
1060 4519 1114 4578 ta-·
1164 4520 1257 4593 tare,
1292 4531 1425 4602 vosque
1456 4512 1502 4580 ad
1536 4511 1743 4582 discendum
1775 4493 1987 4600 exsuscitare,
2019 4529 2053 4586 et
2079 4528 2154 4586 toto

72 4655 76 4660 -
122 4638 206 4684 meu
230 4610 297 4687 hae
325 4611 522 4705 potentiae,
544 4631 760 4699 cognoscens
785 4623 820 4680 et
839 4608 951 4681 libere
969 4609 1114 4700 eligens,
1164 4623 1304 4701 pectore
1320 4612 1366 4680 ab
1383 4605 1439 4680 his
1454 4612 1515 4706 qui
1530 4627 1623 4684 artes
1637 4614 1856 4705 vituperant,
1881 4630 1941 4686 aut
1957 4630 2051 4688 recte
2066 4641 2154 4688 con-

122 4729 158 4786 ct
171 4714 344 4800 noticiae,
390 4737 479 4806 quae
519 4725 603 4784 sunt
636 4711 824 4782 immotum
859 4722 895 4780 ct
928 4723 1112 4806 aeteruum
1164 4713 1319 4798 stitutas,
1351 4713 1549 4806 praestigiis
1573 4709 1830 4805 sophismatum
1860 4717 2070 4803 labefactare
2093 4745 2155 4790 co-

123 4831 278 4908 septum,
303 4841 374 4910 quo
390 4811 539 4888 honesta
554 4829 588 4885 et
605 4811 722 4904 turpia
735 4811 973 4898 divelluntur,
999 4815 1112 4886 massi-
1164 4827 1313 4898 uantur,
1346 4810 1549 4886 abhorrere.
1616 4814 1714 4887 Haec
1739 4832 1851 4889 vestra
1872 4821 2065 4910 diligentia·
2076 4817 2156 4891 Deo

122 4943 180 4988 me
202 4921 415 4998 ostendunt,
452 4913 615 4988 homines
638 4939 712 4986 nors
736 4913 889 4984 extitisse
912 4939 1014 4998 casu,
1047 4939 1112 4986 nec
1164 4927 1281 5005 grata,
1313 4930 1346 4987 et
1360 4913 1537 4988 Ecclesiae
1560 4942 1601 4988 ac
1628 4919 1720 4990 vitae
1744 4922 1924 4992 communi
1951 4923 2050 5008 utilis
2075 4923 2156 4998 erit.

121 5022 263 5094 abruta
274 5019 422 5092 materia
439 5018 538 5092 oriri.
587 5016 671 5088 Non
686 5017 781 5088 enim
797 5029 910 5108 potest
924 5017 1110 5088 fortuitum
1165 5016 1388 5106 Quaeramus
1413 5022 1570 5092 modeste
1592 5029 1627 5089 et
1648 5035 1854 5093 reverenter
1882 5023 2088 5112 veritatem,
2121 5038 2157 5096 et

122 5147 197 5198 esse
213 5119 280 5194 hoc
295 5121 486 5192 discrimen
507 5115 737 5190 honestomm
753 5131 785 5188 et
804 5118 979 5209 turpium:
1012 5121 1109 5213 quod
1164 5119 1316 5190 sciamus
1339 5134 1449 5208 artes,
1484 5146 1563 5192 cum
1588 5137 1679 5194 recte
1700 5125 1911 5211 traduntur,
1944 5129 2040 5220 quod
2063 5142 2158 5200 certe

123 5226 267 5324 quidem
280 5224 466 5294 confirmat
489 5222 528 5292 in
553 5221 701 5308 siugulis
725 5220 962 5292 conscientiae
980 5221 1113 5292 severi-
1164 5220 1317 5292 fideliter
1337 5223 1453 5294 lacere
1473 5211 1676 5306 studemus,
1702 5225 1838 5296 rivulos
1853 5251 1928 5298 esse
1942 5229 2085 5300 divinae
2101 5253 2159 5300 sa·
2267 5287 2270 5294 .

122 5345 192 5412 tas,
223 5349 315 5419 quae
338 5325 436 5398 testis
458 5336 508 5394 est
532 5323 771 5395 certitudinis.
828 5320 920 5394 Nam
944 5347 1003 5394 rea
1026 5347 1112 5392 con·
1164 5323 1337 5414 pientiae,
1363 5340 1398 5397 et
1422 5327 1779 5399 commonefactioues
1803 5331 1847 5398 de
1861 5331 1958 5402 Deo:
1984 5347 2019 5404 et
2041 5333 2159 5423 agnita

74 5467 78 5473 ·
123 5430 286 5515 scientia,
327 5428 561 5502 etiamsinon
588 5425 856 5514 magistratuum
889 5426 998 5511 iram,
1036 5447 1111 5498 uon
1164 5425 1328 5514 veritate,
1355 5428 1394 5498 in
1419 5453 1458 5499 ca
1483 5429 1764 5524 acquiescamus,
1790 5455 1864 5503 non
1884 5433 2078 5505 ambitione
2099 5448 2162 5506 aut
