4614 5820
59 267 132 344 ωε
629 248 798 328 oncx.
837 247 915 328 ns
946 245 1288 326 uxouxrars
1322 247 1546 325 busun.
1699 258 1709 287 ··
2035 255 2112 328 oso

55 441 125 525 dia,
150 461 230 532 quo
248 436 365 509 maius
377 429 560 524 impendet
573 426 792 520 periculum,
816 439 857 496 ut
874 426 938 520 qui
954 437 1059 494 enmt
1109 421 1208 494 Haec
1231 447 1274 492 eo
1294 423 1479 512 cogitanda
1503 435 1605 502 sunt,
1638 422 1722 516 quia
1749 437 1842 494 certe
1865 419 2022 496 bominis
2043 443 2104 513 est,

54 542 275 634 superstites,
301 535 557 630 possessionem
573 530 716 614 atium,
740 528 938 621 quaesitae
953 527 1058 598 utiles
1108 528 1153 596 ad
1180 520 1272 620 quas'
1290 539 1401 594 metas
1423 525 1494 594 vita
1518 526 1702 614 dirigenda
1720 527 1785 612 sit,
1810 541 1845 597 et
1868 531 2047 620 quomodo
2063 532 2102 601 in

54 659 148 729 sunt,
175 644 369 715 retineant.
401 633 554 706 Etiamsi
569 633 691 702 fatales
705 655 839 722 poenae
853 629 1058 720 oppriment
1108 629 1217 698 tantis
1244 627 1413 698 fluctibus
1436 629 1608 715 regenda,
1641 629 1811 698 mediocri
1840 633 1991 722 quadam
2017 633 2101 704 dili-

54 748 242 816 mundum.
260 735 406 836 propter
427 736 623 829 Epicureos
645 735 803 816 furores,
827 733 946 816 idola,
972 731 1057 800 lihi—
1108 731 1224 819 gentia
1242 731 1452 821 prospicere.
1504 727 1601 798 Dixi.
2019 729 2028 742 “

54 853 152 918 dines
176 863 215 920 et
240 847 310 916 alia
327 841 480 933 flagitia,
503 851 623 908 tamen
643 847 739 904 certo
760 836 890 904 scimus
910 857 1055 902 mansu·

54 977 127 1021 ram
149 973 230 1020 esse
248 945 443 1019 Ecclesiam
457 939 544 1026 Dei,
567 952 602 1009 et
618 938 761 1031 quidem
776 939 814 1006 in
838 933 905 1006 bac
927 935 1055 1005 ultima

53 1055 181 1123 mundi
195 1064 337 1122 senecta
349 1049 507 1118 futuram
523 1055 726 1130 angustam,
752 1053 786 1108 et
804 1038 973 1108 servitute
988 1061 1055 1128 op-
1231 1100 1234 1109 ,

53 1179 233 1250 pressam,
261 1154 321 1222 sed
334 1170 540 1218 mansuram
555 1159 686 1214 tamen.
1106 1130 1174 1202 No.
1200 1126 1262 1202 75.
1898 1158 1947 1202 sn.
1980 1139 2073 1205 1543,

152 1257 297 1328 Nervus
323 1253 433 1344 igitur
460 1261 565 1341 atque
585 1255 793 1314 ornamenta
821 1254 942 1312 noster
963 1241 1053 1310 ordo
1106 1227 1246 1255 Μ
1882 1227 2094 1266 Μ

53 1361 222 1444 retineat,
250 1381 321 1452 qua
337 1359 377 1424 in
392 1377 431 1422 re
445 1346 512 1420 hac
525 1348 631 1418 etiam
648 1343 891 1416 consolatione
905 1367 967 1412 vos
982 1341 1053 1410 eri·
1333 1331 1410 1415 De
1438 1330 1675 1440 dignitate
1700 1333 1873 1442 legum.

54 1463 143 1552 gite,
169 1463 273 1554 <1⁰⁰⁶
290 1458 356 1529 ²²⁵³
380 1458 450 1527 ¹³²⁰
474 1463 651 1542 fflfflffl‘
672 1441 973 1524 rabiesTurcica,
989 1457 1053 1557 ’ta-
1173 1503 1361 1558 rnuesumn
1388 1502 1413 1555 τ
1440 1502 1450 1554 1
1517 1503 1596 1558 eoo.
1683 1503 1711 1556 a
1731 1503 1842 1558 serves
1864 1503 1926 1557 τι
1995 1507 2044 1562 su

54 1587 134 1633 men
159 1565 329 1658 quintam
346 1550 595 1629 Monarchiam
617 1573 692 1619 non
716 1547 917 1618 constituet.
968 1544 1051 1614 hon
1206 1573 1279 1656 ,ραι
1293 1540 1422 1631 Ricina:
1434 1543 1469 1627 r'.
1478 1521 1512 1624 il
1526 1590 1553 1642 p.
1566 1521 1764 1626 stiffi-aem
1781 1525 1871 1628 oritis
1886 1517 2100 1644 iegitiiuer‘oiri

54 1689 176 1736 omnes
192 1667 235 1734 in
250 1661 395 1753 Europa
419 1669 539 1748 gentes
561 1649 647 1724 hm
665 1649 846 1720 barbaries
865 1647 1052 1740 opprimet,
1205 1641 1388 1699 tnTomolV.
1402 1642 1553 1697 Dedamat.
1583 1641 1728 1696 Vidistin
1743 1660 1788 1696 an.
1807 1645 1883 1699 15⁵6.
1901 1645 1956 1700 No.
1971 1645 2031 1702 tto.

54 1753 746 1943 {iiiiiilmimdiihiiffmai'i
765 1748 1052 1923 tablith.
1177 1801 1576 1900 o·.2.·..1...·,..·....
1594 1803 1731 1900 uum·
1762 1805 2024 1878 unnim.

56 1973 121 2040 iam
134 1967 233 2064 prob
249 1969 355 2058 dqlor
369 1964 477 2037 nimis
498 1985 579 2030 vere
599 1958 764 2046 congruit
778 1955 965 2028 Almaniae
984 1979 1051 2025 no-
1103 1937 1289 2022 Usitatum
1303 1966 1356 2022 est
1371 1947 1438 2022 boc
1452 1953 1531 2022 loco
1558 1966 1592 2022 et
1618 1953 1657 2020 in
1670 1948 1729 2022 his
1741 1957 1947 2044 spectaculis
1961 1957 2098 2050 aliquid

56 2097 145 2150 men.
198 2073 294 2144 Nam
309 2069 464 2141 Almana
477 2061 628 2134 Ehraeis
645 2062 750 2129 vidua
762 2072 826 2130 est.
1103 2055 1147 2122 de
1164 2053 1282 2143 legum
1295 2054 1467 2143 dignitate
1480 2053 1610 2139 dicere,
1634 2056 1680 2125 ad
1697 2079 1849 2149 quarum
1864 2061 2098 2130 reverentiam

151 2172 294 2244 Verum
320 2194 447 2240 revoco
480 2190 556 2250 me,
592 2167 636 2234 de
662 2159 819 2232 Ecclesia
846 2161 1051 2249 cogitemus,
1103 2169 1196 2226 certe
1213 2157 1356 2226 excitari
1378 2152 1542 2226 homines
1561 2159 1714 2227 maxime
1727 2161 1882 2250 prodest.
1933 2158 2011 2232 Etsi
2034 2187 2098 2232 au·

58 2271 144 2346 hauc
176 2278 288 2348 etiarn
313 2274 416 2366 siqua
449 2269 517 2339 erit
549 2265 794 2357 imperitorum
822 2260 1052 2353 perturbatio,
1102 2271 1172 2328 tem
1191 2273 1226 2329 ct
1241 2281 1305 2348 ego
1321 2260 1364 2326 de
1382 2260 1506 2330 eodem
1530 2274 1739 2348 argumento
1756 2263 1874 2331 dicere
1895 2265 2017 2357 cupio,
2044 2279 2098 2336 ta·

59 2401 258 2450 mansuram
275 2399 349 2446 esse
370 2375 532 2444 sciamus.
582 2367 678 2438 Huic
698 2366 826 2434 serviat
841 2379 962 2434 nostra
982 2363 1053 2430 mi·
1102 2385 1185 2429 men
1209 2385 1281 2454 quo
1303 2361 1442 2451 saepius
1464 2365 1509 2430 de
1533 2362 1713 2452 imperiis,
1746 2364 1899 2436 devitas
1919 2370 2097 2457 guhema·

58 2479 140 2561 litia,
163 2495 312 2572 propter
325 2473 419 2547 hanc
432 2474 647 2543 retineamus
661 2467 844 2537 doctrinae
859 2465 1053 2557 possessio-
1103 2463 1215 2548 tione,
1242 2465 1287 2530 de
1303 2463 1440 2552 legibus
1454 2476 1490 2533 et
1507 2463 1666 2545 iudiciis,
1693 2483 1884 2558 quaesunt
1905 2473 2006 2540 nervi
2031 2495 2097 2562 gu-

60 2605 147 2664 nem,
171 2598 210 2653 ut
229 2584 393 2652 fecerunt
407 2579 446 2646 in
461 2575 567 2644 exilio
583 2567 777 2642 Chaldaico
791 2566 934 2650 Daniel,
954 2565 1053 2656 Hag-
1103 2565 1340 2648 humationis,
1366 2567 1634 2658 tranquillitatis
1660 2581 1696 2638 et
1714 2567 1943 2660 disciplinae,
1970 2575 2097 2662 cogito,

61 2705 169 2771 gaeus,
195 2678 401 2765 Zacharias,
425 2692 460 2747 et
477 2675 584 2746 multi
597 2673 730 2742 similes
744 2670 813 2738 viri
830 2671 937 2739 docti.
972 2667 1052 2740 Etsi
1102 2691 1144 2735 eo
1170 2662 1261 2735 mibi
1280 2668 1461 2738 difficilius
1483 2683 1534 2738 est
1554 2669 1682 2758 eligere
1698 2695 1738 2739 ex
1756 2675 2096 2746 tantamolcrerum

62 2798 146 2854 certa
168 2789 271 2856 sedes
286 2781 466 2853 Ecclesiae
488 2800 563 2846 non
587 2787 638 2844 εει
661 2773 701 2840 in
721 2772 900 2864 imperiis,
934 2785 1052 2840 tamen
1101 2772 1198 2861 quod
1214 2769 1342 2837 dicam.
1394 2769 1554 2838 Primum
1571 2771 1667 2838 enim
1684 2797 1790 2864 quam
1807 2775 1951 2846 difficile
1971 2791 2097 2848 estre-

61 2878 122 2955 hoc
136 2887 345 2978 promittere
361 2883 431 2976 piis
446 2877 673 2968 Principibus
692 2897 852 2965 possum,
881 2873 1052 2964 tantisper
1101 2873 1274 2962 spondere
1289 2867 1485 2964 Cyclopum
1503 2885 1537 2942 et
1554 2869 1814 2944 Centaurorum
1831 2879 2005 2969 opinioni,
2031 2881 2095 2974 qui

63 2987 139 3056 dum
156 2990 196 3058 in
212 2986 281 3058 hac
296 2987 441 3079 cymba,
468 2982 506 3049 id
522 2993 585 3064 est,
610 2978 650 3046 in
667 2974 823 3047 Ecclesia
841 2989 958 3060 erunt,
982 2975 1051 3042 im·
1101 2974 1139 3040 in
1158 2987 1253 3044 tanta
1270 2975 1478 3044 confusione
1494 2999 1612 3044 rerum
1628 2971 1878 3064 humanarum,
1897 2975 1964 3050 hoc
1981 2995 2093 3052 totum

62 3091 152 3177 peria
169 3115 296 3161 eorum
313 3107 481 3156 mansura
495 3105 581 3154 csse.
615 3079 685 3150 Sed
702 3079 765 3172 qui
780 3079 874 3148 banc
889 3079 1051 3171 cymbam
1101 3079 1195 3168 quod
1226 3101 1391 3146 vocamus
1423 3077 1554 3166 legem,
1592 3092 1628 3148 et
1656 3079 2094 3174 politicamsapientiam,

64 3193 243 3278 excutient,
263 3191 326 3285 qui
340 3187 538 3258 vastitatem
552 3183 591 3250 in
605 3178 775 3250 Ecclesiis
790 3203 853 3250 sua
868 3180 1052 3268 negligen-
1100 3179 1225 3248 dicunt
1240 3179 1347 3248 inane
1370 3203 1503 3248 nomen
1525 3203 1616 3265 esse,
1641 3181 1679 3248 vi
1701 3195 1736 3251 et
1752 3184 1861 3252 armis
1876 3186 1954 3277 rapi
1979 3187 2093 3280 impe-

63 3293 106 3360 tia
118 3297 270 3378 facient,
295 3305 335 3364 ut
349 3289 485 3360 faciunt
505 3285 686 3376 plerique,
712 3283 775 3375 qui
795 3281 912 3351 studia
927 3282 1051 3351 litera-
1099 3281 1173 3363 ria,
1198 3295 1232 3350 et
1254 3281 1329 3370 regi
1352 3281 1510 3351 arbitriis
1533 3296 1720 3373 potentum
1743 3284 1914 3376 tantisper
1931 3289 2017 3356 dum
2041 3303 2093 3358 te-

65 3417 135 3463 mm
151 3395 312 3485 extingui
333 3394 469 3473 sinent,
495 3384 535 3458 hi
555 3386 704 3456 audiant
720 3381 784 3452 bas
798 3385 931 3452 minas:
956 3379 1049 3453 Ecce
1099 3396 1241 3454 nentur.
1292 3381 1384 3452 Nam
1408 3397 1449 3453 nt
1469 3397 1587 3452 vetera
1611 3386 1769 3476 exempla
1797 3388 1978 3472 omittam,
2002 3391 2091 3480 quid

66 3497 150 3564 oculi
162 3495 235 3568 Dei
250 3519 357 3588 super
373 3513 523 3582 regnum
546 3510 713 3579 peccans,
737 3500 772 3554 et
793 3486 926 3554 delebit
946 3486 1049 3556 illud.
1099 3483 1251 3554 Turcica
1275 3485 1455 3554 harbaries
1475 3487 1567 3555 ullas
1590 3487 1681 3574 leges
1704 3488 1829 3556 curat?
1861 3489 2093 3580 progreditur

66 3597 167 3670 Addit
199 3613 318 3670 autem
353 3589 533 3684 Propheta
566 3591 715 3658 eandem
751 3587 1050 3672 consolationem,
1097 3589 1194 3678 quod
1227 3600 1342 3676 potest
1374 3601 1408 3656 et
1434 3587 1470 3654 vi
1496 3589 1674 3678 oppressis
1699 3589 1851 3680 imperat
1875 3617 1966 3685 quae
1992 3593 2091 3669 libel.

67 3723 160 3790 quam
182 3703 289 3773 toties
311 3699 382 3768 iam
395 3693 573 3775 recensui,
599 3693 660 3760 sed
677 3688 784 3758 lacoh
807 3689 941 3781 inquit:
966 3687 1049 3757 Non
1097 3687 1193 3758 Ante
1213 3703 1353 3758 centum
1371 3682 1414 3784 *)
1436 3713 1549 3758 annos
1563 3688 1895 3783 Constantinopolis
1912 3695 2092 3768 llorentis-

67 3803 197 3889 delebo,
233 3803 297 3874 etsi
318 3813 360 3870 ut
378 3798 537 3868 triticum
558 3795 598 3862 in
617 3793 735 3862 cribro
757 3792 976 3876 concutiam,
1008 3815 1049 3860 ac
1096 3787 1330 3862 sima-schola
1353 3793 1422 3862 suit
1449 3807 1651 3862 nostrarum
1675 3794 1810 3883 legum:
1843 3821 1940 3866 nunc
1963 3803 2089 3890 procul

67 3907 223 3993 purgabo.
275 3898 313 3973 Ο
336 3901 445 3970 miras
465 3896 720 3986 descriptiones
737 3907 771 3963 et
788 3894 961 3984 imagines
976 3890 1048 3962 Ec·
1097 3893 1197 3982 pulsa
1212 3889 1278 3964 hac
1295 3895 1469 3980 doctrina,
1489 3896 1607 3964 omnia
1624 3897 1732 3966 unius
1748 3900 1889 3990 tyranni
1905 3917 2006 3986 nutu,
2027 3917 2087 3974 aut

67 4005 196 4094 clesiae,
229 4004 435 4099 praesertim
464 3999 580 4069 nostri
606 3995 792 4087 temporis,
826 4021 916 4089 quae
949 3991 1046 4066 baud
1095 3997 1239 4066 barbari
1260 3997 1410 4066 alicuius
1431 3999 1531 4066 ducis
1559 4013 1741 4087 reguntur.
1799 3998 1859 4069 Sic
1882 4027 1961 4070 cum
1990 4005 2089 4076 orbis

69 4105 163 4178 dubie
177 4107 378 4201 propositae
393 4117 488 4186 sunt,
514 4102 559 4170 ad
574 4098 855 4192 praemonendus
868 4112 901 4167 et
917 4098 1047 4167 confir·
1095 4111 1270 4168 terrarum
1293 4099 1546 4170 dilaceraretur
1569 4102 1615 4169 ab
1639 4097 1832 4169 Alexandri
1867 4105 2089 4194 satellitibus,

67 4213 203 4282 mandor
224 4212 322 4302 pios,
346 4209 386 4276 in
406 4201 464 4274 his
483 4203 569 4294 ipsis
591 4201 776 4292 periculis,
802 4224 892 4292 quae
912 4199 983 4268 iam
999 4200 1047 4270 oh
1095 4223 1185 4293 quae
1201 4201 1253 4270 ihi
1268 4201 1385 4290 legum
1399 4226 1478 4281 vox,
1498 4225 1588 4294 quae
1603 4203 1763 4272 doctrina
1778 4203 1922 4296 politica
1936 4232 2086 4302 usquam

69 4312 176 4382 oculos
190 4325 389 4382 versantur.
428 4305 511 4376 Non
528 4318 580 4374 est
595 4305 763 4392 ignavum
781 4323 906 4390 agmen
921 4297 1048 4370 Eccle-
1094 4302 1328 4373 audiebatur?
1376 4300 1467 4373 Cum
1488 4304 1598 4393 igitur
1610 4305 1720 4394 magis
1735 4306 1834 4375 rabie
1847 4321 2086 4402 tyrannorum

69 4411 127 4496 sia,
149 4417 208 4486 sed
228 4411 397 4501 intelligit
412 4408 479 4479 sihi
504 4408 543 4476 in
556 4401 624 4476 hac
639 4405 710 4475 vita
727 4427 914 4473 aerumnas
929 4404 1047 4472 omnis
1094 4419 1129 4474 et
1143 4405 1301 4477 arbitriis
1322 4419 1507 4496 potentum
1528 4407 1648 4475 omnia
1670 4421 1859 4496 gerantur,
1885 4413 1966 4504 quis
1987 4414 2087 4483 locus

70 4517 191 4600 generis
214 4515 414 4610 propositas
437 4533 528 4594 esse,
558 4521 593 4578 et
615 4521 735 4576 tamen
754 4505 898 4574 interim
913 4505 1047 4576 doctri-
1093 4519 1146 4576 est
1162 4509 1356 4598 sapientiae
1382 4521 1417 4580 et
1440 4521 1581 4579 nostrae
1603 4509 1765 4598 politicae
1778 4511 1870 4582 arti?
1900 4511 1973 4584 Nec
1989 4517 2086 4584 enim

70 4619 393 4710 naepossessiouem
409 4613 576 4683 tuendam
593 4633 684 4693 esse,
710 4631 776 4677 nec
797 4607 1046 4694 obiiciendum,
1094 4609 1185 4680 illud
1210 4610 1477 4701 imaginandum
1501 4623 1573 4696 est,
1603 4625 1761 4682 nostram
1791 4627 1902 4684 artem
1931 4617 2086 4686 similem

70 4733 197 4810 propter
209 4741 400 4812 regnorum
415 4713 559 4786 excidia.
1093 4735 1165 4782 esse
1188 4713 1355 4797 militari,
1381 4736 1472 4806 qnae
1492 4735 1590 4783 nunc
1610 4710 1792 4797 hostibus,
1823 4739 1919 4786 nunc
1946 4719 2085 4790 civibus

146 4822 264 4913 Quare
279 4823 419 4891 animos
429 4830 565 4886 vestros
579 4809 782 4883 confirmate
795 4811 928 4882 divinis
942 4835 1045 4902 prae—
1093 4815 1221 4896 ses-vit,
1246 4829 1282 4887 et
1294 4817 1464 4908 utrinque
1478 4808 1543 4910 **)
1564 4817 1704 4886 iniustis
1720 4818 1974 4908 cupiditatibus
1998 4845 2085 4913 ope-

72 4924 331 5008 mouitionihus,
355 4918 550 4991 iucumhite
565 4917 604 4986 in
620 4914 737 4986 studia
751 4915 920 4984 salutaria
939 4915 1043 4995 vitae,
1091 4941 1167 4987 ram
1181 4917 1286 4994 locat.
1326 4915 1408 4988 Alia
1424 4941 1480 4986 res
1494 4932 1546 4988 est
1562 4913 1648 4988 baec
1662 4921 1804 5010 politica
1820 4943 1894 5006 ars,
1919 4945 1982 4991 seu
1996 4922 2085 4992 iuris

74 5033 102 5090 u
117 5028 272 5100 militiam
288 5021 381 5094 banc
401 5043 478 5090 non
493 5019 609 5089 solum
629 5029 765 5106 gratam
785 5039 860 5085 esse
876 5015 952 5087 Deo
973 5029 1044 5087 sta·
1091 5019 1265 5106 doctriua,
1279 5043 1455 5114 nusquam
1471 5020 1589 5090 locum
1606 5015 1726 5102 babet,
1747 5022 1818 5092 nisi
1834 5023 1874 5092 in
1890 5025 2084 5119 tranquilla

74 5123 162 5214 tuite,
184 5133 244 5201 sed
261 5128 366 5198 etiam
380 5125 427 5194 ab
441 5147 484 5192 eo
498 5119 672 5194 adiuvari.
722 5116 799 5188 Hac
813 5141 874 5209 spe
890 5118 922 5190 si
943 5133 1044 5209 pete·
1091 5121 1249 5208 civitate,
1272 5135 1308 5194 et
1321 5124 1361 5192 in
1377 5147 1419 5192 eo
1435 5123 1603 5209 consilio,
1627 5126 1724 5217 quod
1740 5127 1784 5195 ad
1801 5147 1962 5197 normam
1980 5127 2084 5200 iusti-

75 5223 299 5313 lisauxilium,
324 5239 458 5298 certum
480 5237 550 5305 est,
571 5245 646 5291 non
662 5223 738 5292 fore
761 5222 883 5291 irritos
904 5222 1043 5292 labores
1091 5279 1314 5294 ...-....

75 5343 205 5422 ”affl-‘³2
242 5335 304 5402 ⁸⁸d
333 5331 503 5399 ‘alutam
528 5326 631 5395 νοω*
662 5339 698 5395 et
721 5323 818 5408 aliist
856 5347 929 5416 ‘1⁰⁰
954 5325 1042 5417 quid
1124 5363 1158 5430 ¹⁸¹)
1175 5363 1275 5420 Textus
1290 5365 1319 5421 io
1333 5365 1476 5423 Tomlv.
1490 5367 1585 5422 bshets
1604 5375 1794 5422 miscentem
1809 5377 1917 5427 ettres.

77 5443 168 5516 potest
191 5433 331 5508 homini
362 5431 490 5502 melius
524 5441 585 5498 aut
611 5425 801 5516 gloriosius
827 5427 1041 5519 contingere.
1123 5451 1171 5523 ss)
1189 5451 1289 5508 rm,
1301 5453 1330 5507 in
1343 5455 1429 5509 Tou.
1441 5453 1488 5506 ιν,
1501 5453 1599 5512 Μ,
1615 5457 1772 5526 „mg-W,

1399 5525 1486 5598 40*
