4614 5820
64 269 139 342 613
472 265 633 346 unct.
683 265 758 344 DE
797 253 1251 344 CONIUNCTIONE
1285 257 1670 346 SCHOLARUM.
1801 265 1809 284 ’
1985 277 2085 358 -614

63 450 115 510 tas
132 448 167 506 et
182 433 376 528 disputatas
390 455 462 506 esse
477 447 615 526 oportet
629 431 702 514 illi,
725 431 953 528 quiveritatis
969 454 1052 524 pro-
1102 449 1208 512 nums
1232 425 1270 496 3¹¹
1284 425 1452 498 0¹⁰¹¹lb¹¹⁸
1462 427 1528 521 Ρῖἷ*
1542 428 1616 502 ’lv‘
1629 431 1751 508 milui
1764 435 1902 528 limet,
1922 441 1996 514 slve
2011 467 2088 518 non

63 539 317 628 pugnationem
340 536 500 608 sustinet.
559 532 632 604 Nec
656 535 739 604 satis
764 548 814 604 est
836 557 1050 630 quemquam
1103 528 1243 616 norint,
1274 529 1447 600 illustrior
1471 531 1545 600 beri
1568 533 1721 622 cognitio
1742 562 1859 612 rernm
1882 543 2086 618 divinarum

62 661 181 708 secum
196 653 330 712 tantum
343 635 595 708 commentari:
621 637 855 706 conserendae
868 651 951 706 sunt
969 657 1049 704 sen-
1102 629 1216 700 debet·
1267 627 1307 698 ld
1324 631 1399 700 sine
1412 632 1562 702 lectione
1576 648 1609 705 et
1624 635 1912 728 interpretatione
1922 645 1999 716 lieri
2010 671 2086 722 non

61 740 211 820 tentiae,
252 739 428 810 audienda
457 737 652 806 multorum
683 735 832 822 iudicia,
872 753 906 808 et
935 748 1049 806 errata
1101 745 1225 822 potest.
1281 725 1330 803 Et
1352 733 1397 802 ad
1418 733 1741 826 interpretationem
1765 745 1903 833 copiosa
1931 760 1966 817 et
1988 751 2085 822 varia

61 841 284 910 emendanda
307 852 410 920 sunt,
444 837 474 906 ai
495 838 639 931 quando
655 831 823 933 δευτέρω
839 832 1047 933 φροντίδες,
1101 831 1278 916 doctrina,
1303 845 1341 902 ut
1357 833 1571 924 supradixi,
1595 861 1684 928 opus
1700 854 1761 916 est.
1812 839 1974 920 Christus
1986 847 2085 922 iubet

60 955 245 1030 quaesunt
257 938 509 1018 accuratiores,
531 961 596 1008 nos
611 937 649 1006 in
666 938 757 1008 viam
771 941 963 1010 reducunt:
990 937 1048 1006 ni·
1100 933 1242 1004 doctum
1272 934 1421 1003 scribam
1443 935 1604 1026 prolerre
1635 961 1726 1008 nova
1748 956 1782 1012 et
1812 958 1939 1022 vetera.
1995 947 2084 1024 Vult

59 1034 112 1108 hil
137 1055 191 1112 est
218 1055 333 1112 autem
367 1040 487 1136 peius,
515 1061 630 1132 neque
657 1037 908 1129 perniciosius,
940 1061 1046 1134 quarn
1099 1031 1389 1124 igiturscribam,
1414 1035 1450 1104 id
1467 1050 1535 1118 0⁸22
1558 1033 1747 1110 D0210rem
1763 1067 1932 1118 noneste
1947 1051 2085 1140 uadem,

59 1153 185 1210 contra
211 1143 393 1212 veritatem
416 1139 568 1210 rationes
583 1139 710 1210 callide
726 1163 912 1233 quaerere,
937 1154 977 1210 ut
993 1139 1047 1210 la·
1099 1147 1159 1202 aut
1175 1133 1457 1207 inexercitatum:
1481 1137 1542 1206 sed
1557 1151 1658 1210 autea
1673 1139 1711 1210 in
1728 1137 1883 1217 Ecclesia
1905 1151 2084 1224 eruditum

59 1239 157 1310 ciunt
181 1243 344 1336 quidam,
369 1262 458 1336 quos
479 1239 599 1310 minus
613 1243 722 1331 pudet
737 1240 776 1310 in
793 1265 911 1312 errore
928 1263 1048 1332 perse·
1099 1249 1133 1304 et
1145 1233 1341 1320 excultum,
1367 1250 1491 1306 etvera
1504 1261 1544 1308 ac
1558 1239 1703 1310 salutari
1718 1243 1880 1318 doctrina
1896 1247 2084 1326 imbutum.

59 1362 201 1426 seme,
231 1367 338 1436 quam
358 1342 544 1412 emendare
568 1354 601 1411 21
617 1354 755 1412 mmm
770 1342 962 1414 ,potentiae
978 1340 1047 1412 fal.
1098 1329 1376 1406 DeindePaulus
1391 1360 1493 1430 saepe
1507 1332 1805 1434 hocpraeceptum
1817 1351 1957 1440 repetit:
1983 1352 2083 1427 iubet

59 1441 209 1516 ritatem.
266 1441 357 1514 Cum
378 1442 487 1532 igitur
508 1436 576 1512 boc
599 1442 718 1512 studio
739 1443 892 1514 muttum
913 1443 1046 1534 diuque
1099 1459 1171 1504 non
1187 1435 1348 1506 omittere
1357 1437 1562 1520 lectionem.
1588 1441 1685 1512 iubet
1701 1441 1782 1534 eligi
1797 1447 1982 1534 idoneum,
2007 1478 2082 1527 non

59 1563 138 1610 cum
165 1545 369 1628 nobiscum,
402 1555 478 1614 ium
506 1541 807 1633 disputationibus
832 1545 926 1636 apud
957 1543 1046 1614 ilios
1098 1536 1212 1604 solum
1230 1538 1273 1604 ad
1291 1539 1509 1620 docendum,
1534 1543 1594 1610 sed
1611 1543 1715 1612 etiam
1732 1548 1774 1614 ad
1797 1551 1978 1624 doctrinae
1998 1578 2083 1646 pro-

58 1648 244 1716 veritatem
274 1642 576 1734 vestigauerimus:
618 1641 669 1712 ibi
704 1643 846 1716 demum
879 1644 985 1734 longa
1011 1655 1046 1714 et
1098 1635 1359 1727 pugnationetn.
1400 1636 1586 1732 Utrunque
1600 1665 1731 1712 munus
1744 1671 1848 1740 quarn
1863 1653 1973 1724 molta
1986 1678 2083 1728 com-

58 1745 155 1830 gravi
171 1745 425 1818 deliberatione
441 1743 621 1832 eligendae
635 1756 718 1814 sunt
733 1745 937 1830 sententiae,
960 1765 1046 1838 quas
1097 1735 1285 1828 plectitur?
1326 1735 1417 1808 Nam
1433 1739 1614 1832 perspicue
1631 1744 1774 1832 docere,
1800 1750 1962 1824 evolvere
1978 1755 2083 1830 iuvo-

60 1844 103 1912 ια
126 1847 322 1938 populum,
355 1859 524 1936 unquam
554 1845 697 1914 oricula
725 1859 759 1914 et
778 1846 889 1936 leger,
921 1845 1046 1916 efferre
1098 1838 1189 1922 luta,
1220 1837 1379 1918 obscuris
1403 1840 1518 1911 lucem
1542 1843 1692 1931 addere,
1720 1859 1950 1940 attemperare
1972 1857 2083 1930 ratio-

58 1943 236 2021 volumus.
296 1945 379 2016 ldeo
396 1944 545 2014 maiores
560 1944 750 2016 voluerunt
773 1946 811 2014 in
828 1941 958 2016 scholis
974 1947 1046 2016 lre·
1097 1961 1178 2006 nem
1193 1939 1342 2008 docendi
1357 1941 1400 2008 ed
1416 1940 1661 2032 imperllorum
1675 1959 1709 2018 el
1723 1950 1916 2036 peritorum
1932 1971 2084 2048 captum,

59 2047 238 2133 quantiam
261 2069 351 2130 esse,
379 2069 419 2116 ac
441 2046 696 2134 disputationes
725 2045 974 2132 instituerunt,
1005 2058 1046 2116 ut
1097 2041 1261 2130 prodesse
1271 2039 1326 2128 (ut
1335 2037 1466 2110 Paulus
1481 2041 1613 2136 inquit)
1628 2047 1845 2138 sapientibus
1861 2067 1895 2122 et
1910 2053 2083 2148 insipien-

59 2145 161 2214 simul
185 2149 230 2218 ad
255 2143 346 2218 hauc
367 2146 633 2216 collocationem
654 2146 866 2238 opinionum
882 2146 1045 2218 assucbe·
1097 2139 1210 2225 tibus,
1248 2153 1415 2234 quautam
1443 2137 1528 2214 haec
1560 2148 1818 2236 eruditionem,
1858 2151 2083 2246 industriam,

59 2257 134 2314 rent
161 2248 331 2333 studiosi,
364 2260 399 2318 et
426 2241 492 2316 hoc
517 2245 681 2318 exercitio
705 2259 815 2318 artem
838 2247 1065 2334 disserendi,
1097 2241 1658 2332 prudentiam,moderationem,
1683 2264 1853 2340 (tuentum
1870 2257 2009 2326 consilii
2025 2285 2083 2330 re-

59 2357 91 2413 et
109 2331 313 2418 facultatem
337 2345 535 2438 explicandi
560 2345 628 2414 sibi
641 2363 903 2438 compararent.
961 2345 1043 2436 Quo
1097 2339 1267 2432 quirunt?
1298 2339 1434 2414 Deinde
1449 2343 1564 2414 multo
1578 2347 1758 2418 difficilior
1771 2363 1822 2421 est
1836 2360 2083 2448 propugnatid,

60 2467 155 2528 more
172 2450 259 2540 quid
275 2447 415 2518 dulcius
433 2445 581 2536 cogitari
602 2447 739 2538 potest?
768 2448 895 2520 utiam
914 2448 1044 2518 deuii.
1096 2440 1134 2508 in
1158 2465 1227 2532 qua
1253 2464 1390 2512 necesse
1417 2456 1468 2514 est
1495 2466 1622 2534 genera
1651 2449 1895 2524 doctrinarum
1917 2461 2083 2548 conferri,

59 2543 151 2614 liure
167 2573 243 2618 non
259 2549 386 2620 dicam.
438 2544 534 2634 Quid
550 2558 602 2616 est
615 2547 777 2632 suavius,
801 2573 906 2642 quam
922 2548 1044 2620 audire
1096 2541 1255 2610 omnium
1276 2555 1429 2614 aeorum
1452 2545 1644 2616 certamina
1666 2550 1900 2640 considerari,
1924 2561 2081 2648 patefieri

59 2646 101 2714 ab
116 2640 264 2718 homine
288 2650 411 2731 docio,
436 2647 522 2740 quid
542 2649 587 2716 de
602 2647 764 2718 imiimi,
785 2651 891 2718 rebus
905 2649 1045 2730 sentiat,
1096 2641 1261 2726 insidias,
1292 2643 1437 2714 refutari
1457 2639 1691 2738 sophismata,
1716 2647 1855 2722 detrahi
1871 2657 1969 2728 lucos
1984 2661 2081 2732 falsis

59 2767 124 2835 qua
159 2753 352 2820 verborum
383 2748 479 2836 lege,
516 2769 622 2840 quam
651 2746 906 2836 significanter,
937 2772 1043 2842 quam
1096 2742 1401 2835 persuasionibus,
1426 2768 1525 2814 veras
1544 2751 1734 2820 sententias
1755 2752 1932 2828 illustrare
1953 2772 2081 2832 etmu-

58 2851 218 2937 proprie,
248 2849 400 2942 denique
423 2845 529 2918 etiam
555 2868 660 2939 quarn
685 2849 842 2920 modeste
863 2872 920 2918 eas
937 2873 1044 2940 espo-
1095 2843 1185 2916 nire.
1232 2839 1328 2912 Haec
1352 2845 1428 2916 sine
1448 2867 1574 2934 magna
1602 2851 1769 2924 varietate
1797 2855 1926 2926 artium
1951 2873 1985 2931 et
2005 2862 2082 2932 sine

60 2947 141 3016 nat?
182 2948 365 3040 Fugienda
380 2961 432 3018 eat
447 2946 542 3016 enim
563 2947 602 3016 in
616 2969 777 3018 sermone
788 2949 1045 3040 improprietas,
1095 2943 1207 3014 literis
1225 2956 1401 3034 praestare
1421 2968 1526 3014 nemo
1539 2961 1663 3038 potest.
1713 2949 1831 3024 Multo
1849 2957 1954 3028 etiarn
1969 2963 2080 3052 magis

59 3046 201 3120 vitanda
217 3051 412 3122 obscuritas
427 3060 462 3120 et
473 3047 645 3133 conlusio.
695 3047 860 3143 Denique
878 3050 1044 3138 fugienda
1095 3043 1298 3114 mirandum
1317 3058 1388 3132 est,
1413 3047 1508 3138 quod
1519 3043 1650 3120 Paulus
1664 3050 1800 3144 inquit,
1825 3079 1891 3128 nos
1903 3081 2001 3150 apem
2016 3057 2082 3134 ha-

61 3151 227 3218 estetiam
243 3151 446 3222 scurrilitas.
498 3145 579 3218 Nati
594 3169 716 3218 sumus
732 3151 775 3218 ad
792 3164 952 3220 mutuam
968 3173 1044 3220 ser·
1095 3145 1178 3212 bere
1193 3168 1233 3214 ex
1251 3146 1491 3222 consolatione
1507 3148 1772 3240 scripturarum.
1824 3153 1883 3228 An
1901 3181 1979 3250 apes
1995 3163 2082 3234 niti-

2 3248 5 3252 '
60 3249 170 3320 monis
194 3249 563 3322 communicationem.
622 3244 887 3334 Quamobrem?
923 3248 982 3320 An
1003 3264 1044 3322 ut
1095 3257 1154 3314 tur
1185 3244 1317 3332 literis,
1352 3261 1386 3318 et
1419 3241 1474 3317 his
1505 3249 1644 3340 scriptis
1674 3259 1937 3330 monumentis?
1980 3257 2081 3334 Ana-

60 3357 192 3420 tantum
216 3352 362 3422 fabellas
384 3347 572 3420 amatorias
592 3345 795 3434 recitemus,
818 3363 880 3420 aut
902 3363 943 3422 ut
957 3373 1043 3420 con·
1095 3344 1268 3434 baptistae
1289 3347 1431 3438 quidem
1456 3348 1742 3422 absurdissimam
1759 3379 1832 3428 esse
1852 3353 1943 3432 hanc
1958 3385 2078 3434 vocem

2 3484 3 3487 =
61 3446 155 3519 viriis
171 3465 368 3536 certemus,
392 3448 694 3540 auttatpecuoiae
711 3449 945 3520 cumulandae
959 3474 1043 3522 cau.
1095 3445 1262 3520 dicerent.
1313 3446 1381 3518 Sed
1398 3469 1525 3538 niagno
1539 3451 1687 3522 consilio
1702 3454 1752 3524 sic
1765 3457 2078 3550 loquiturl’aulus:

62 3569 93 3618 sa
115 3552 157 3620 de
177 3553 433 3636 contractibus,
466 3548 664 3640 emptione,
691 3549 915 3636 venditione,
940 3565 976 3622 et
994 3551 1043 3620 si-
1094 3544 1182 3636 Spes
1205 3545 1333 3616 nititur
1355 3548 1430 3638 ipso
1454 3562 1597 3620 aeterno
1620 3545 1708 3622 Deo.
1768 3555 1838 3626 Sed
1869 3560 1990 3650 alligat
2013 3587 2079 3634 nos

61 3649 202 3722 milibus
217 3650 485 3745 colloquamur?
517 3645 691 3720 lmovero
705 3647 905 3736 utdeDeo,
929 3652 1043 3744 deque
1093 3643 1226 3716 Paulus
1248 3649 1291 3716 ad
1317 3641 1413 3718 laune
1431 3646 1564 3730 Deum,
1596 3651 1656 3744 qui
1680 3675 1718 3722 δῦ
1741 3653 1779 3722 in
1802 3681 1886 3728 voce
1906 3662 2080 3750 patefecit,

62 3745 229 3823 virtutum
245 3754 370 3824 officiis
384 3750 447 3822 alii
462 3749 552 3820 alios
565 3749 726 3824 doceant.
767 3748 823 3822 Sit
839 3773 921 3842 ergo
938 3751 1043 3824 bonis
1094 3771 1199 3838 quarn
1220 3748 1343 3818 referri
1364 3749 1402 3817 in
1417 3747 1536 3820 literas
1551 3775 1615 3844 per
1626 3747 1820 3844 Prophetas
1838 3773 1873 3830 et
1887 3755 2079 3852 Apostolos

61 3853 251 3938 menium,
276 3867 316 3928 ug
331 3867 401 3937 est,
426 3849 629 3924 dulcissima
644 3850 688 3920 de
707 3843 763 3920 his
778 3851 922 3946 optimis
936 3854 1043 3924 rebus
1094 3847 1227 3934 votuit,
1258 3862 1299 3922 ut
1324 3849 1523 3922 testimonia
1551 3875 1688 3944 semper
1720 3870 1886 3934 extarent.
1948 3860 1990 3930 ln
2023 3859 2079 3936 his

63 3947 262 4042 disputatio.
318 3951 476 4024 Maxime
499 3973 582 4022 vero
604 3945 663 4022 hic
680 3964 802 4022 noster
816 3965 934 4024 coetus
949 3945 1041 4022 hanc
1094 3948 1257 4036 cognosci
1283 3974 1446 4022 arcanam
1474 3953 1691 4024 voluntatem
1721 3957 1766 4026 de
1792 3962 2079 4036 reconciliatione

63 4051 279 4126 collationem
300 4066 413 4138 amet,
434 4052 496 4146 qui
514 4053 773 4144 praeparandus
793 4068 845 4124 eat
859 4055 905 4124 ad
918 4049 1042 4126 Eccle-
1093 4049 1226 4136 voluit,
1257 4074 1348 4144 quae
1370 4075 1445 4120 non
1463 4049 1679 4144 deprehendi
1706 4058 1821 4144 potuit
1851 4055 1997 4134 humani
2021 4066 2078 4136 iu..

65 4150 444 4244 siseguberuationem.
481 4151 594 4224 Nemo
604 4174 740 4222 remum
755 4155 862 4224 tradit
876 4154 1041 4246 cuiquam
1092 4151 1186 4240 genii
1215 4151 1411 4242 sagacitate.
1474 4149 1638 4246 Denique
1671 4158 1803 4228 multae
1830 4185 1953 4234 causae
1985 4181 2079 4254 sunt,

64 4251 98 4318 in
113 4279 217 4344 parva
232 4257 375 4350 cymba,
401 4252 464 4348 qui
480 4253 650 4342 remigare
663 4273 736 4322 non
752 4253 889 4324 didicit.
927 4253 1041 4326 Nemo
1093 4247 1326 4322 cnrlleusad
1348 4244 1433 4322 haec
1455 4274 1522 4321 nos
1544 4253 1743 4326 testimonia
1758 4259 1923 4349 alligarit.
1975 4264 2078 4354 Quo-

66 4351 134 4424 sine
154 4370 388 4426 monstratore
409 4377 511 4444 agros
531 4353 649 4422 colore
673 4367 805 4442 potest,
838 4369 879 4424 nt
895 4377 969 4424 non
984 4355 1040 4426 di·
1093 4351 1158 4424 ties
1178 4351 1287 4446 igitur
1311 4351 1547 4444 precationem
1571 4379 1671 4426 mens
1690 4353 1851 4443 inchoat,
1883 4377 1918 4434 et
1939 4367 2077 4458 quaerit

66 4476 134 4522 carn
155 4459 201 4526 de
223 4458 302 4526 aliis
318 4455 565 4528 subtilioribus
587 4452 754 4522 artificiis.
807 4453 953 4546 Quanto
973 4456 1038 4526 mi·
1093 4451 1226 4534 Deum,
1252 4477 1326 4522 non
1341 4455 1448 4524 modo
1465 4455 1602 4526 coelum
1625 4469 1661 4526 et
1677 4451 1743 4528 hoc
1758 4461 1936 4548 opificium
1953 4467 2076 4536 mundi

68 4576 127 4624 nus
142 4558 207 4628 crit
222 4559 395 4650 interpres
416 4555 575 4628 coelestis
594 4554 792 4640 doctrinae,
817 4569 852 4626 et
866 4553 1042 4626 Ecclesiae
1094 4555 1239 4642 cogitet,
1270 4567 1310 4626 ut
1331 4577 1368 4624 se
1389 4557 1434 4624 de
1454 4549 1646 4627 architecto
1664 4560 1869 4648 admoneat,
1894 4567 1953 4634 sed
1971 4567 2078 4636 simul

69 4657 292 4744 gubernator,
317 4659 475 4752 quinon
497 4653 685 4728 didicerit?
722 4650 802 4726 Etsi
824 4657 919 4726 enim
939 4679 1042 4726 nosse
1094 4655 1200 4726 etiam
1231 4655 1298 4725 sibi
1331 4655 1425 4726 dieta
1448 4649 1636 4746 Evangelii
1668 4677 1860 4752 proponat:
1899 4667 2078 4740 intueatur

18 4839 21 4849 .
70 4777 180 4828 omnes
194 4781 322 4851 pueros
337 4773 372 4830 et
385 4779 486 4830 senes
505 4779 675 4826 summam
691 4755 849 4828 coelestis
863 4757 1043 4828 doctrinae
1094 4756 1207 4828 fllium
1222 4753 1307 4841 Dei,
1330 4756 1393 4852 qui
1412 4777 1450 4826 se
1464 4755 1569 4828 nobis
1584 4759 1765 4849 patefecit,
1790 4763 1852 4857 qui
1868 4766 1979 4836 edidit
1993 4791 2078 4860 pro·

70 4877 198 4930 necesse
223 4875 294 4944 est,
321 4873 358 4930 et
379 4857 533 4930 breviter
553 4849 805 4948 comprehendi
827 4879 883 4928 res
912 4871 1043 4948 potest:
1096 4857 1281 4928 missiones
1299 4857 1345 4928 de
1363 4857 1671 4946 reconciliatione,
1693 4883 1733 4932 ac
1747 4861 1856 4936 dicat:
1888 4865 1941 4936 Te
1962 4868 2079 4938 omni-

71 4967 177 5028 tamen
190 4984 264 5032 non
282 4961 326 5030 de
338 4954 454 5030 nihilo
469 4973 538 5042 est,
561 4958 658 5050 quod
679 4956 827 5046 legimus
841 4959 935 5048 apud
954 4955 1044 5030 Dio-
1095 4973 1239 5052 potens,
1265 4971 1424 5044 aeterne,
1449 4970 1484 5027 et
1498 4957 1577 5030 vive
1591 4955 1706 5048 Deus,
1729 4977 1869 5036 aeterne
1889 4981 1988 5058 pater
2002 4965 2079 5040 Do-

71 5059 220 5147 nysium,
255 5061 302 5132 ab
319 5057 493 5152 Apostolo
517 5051 769 5130 Bartholomeo
796 5059 929 5137 dictum
959 5082 1045 5146 esse,
1095 5059 1185 5130 mini
1200 5059 1313 5132 nostri
1328 5057 1406 5130 lesu
1414 5052 1566 5142 Christi,
1592 5059 1738 5148 invoco,
1764 5065 1823 5156 qui
1840 5078 1873 5138 te
1888 5069 2080 5160 patefecisti

73 5151 295 5250 Evangelium
320 5183 393 5232 esse
414 5161 559 5249 longum
585 5171 621 5229 et
634 5159 752 5230 breve.
803 5157 949 5230 Summa
963 5161 1044 5232 bre-
1097 5161 1266 5230 immensa
1290 5159 1468 5244 bonitate,
1498 5173 1533 5232 et
1553 5160 1709 5232 clamasti
1725 5165 1769 5234 de
1784 5166 1858 5238 lilio
1876 5182 1938 5241 tuo
1953 5167 2080 5253 Domi-

75 5257 153 5330 siter
161 5263 253 5334 tradi
267 5275 400 5352 potest,
423 5261 485 5332 aed
498 5259 668 5352 paulatim
682 5261 912 5332 meditatione
924 5274 959 5330 et
970 5261 1045 5332 col·
1097 5285 1145 5332 no
1168 5274 1291 5335 nostro
1316 5259 1395 5332 lesu
1411 5253 1571 5332 Christo:
1603 5259 1712 5334 Hune
1722 5267 1850 5342 audite.
1906 5265 2081 5347 Conditor

76 5355 195 5432 latione
224 5358 509 5455 propheticarum
539 5373 575 5430 et
607 5362 879 5453 apostolicarum
902 5363 1044 5434 concio·
1098 5363 1257 5451 omnium
1284 5384 1438 5533 ῐεῐιιωὼ
1447 5376 1490 5500 ξι
1523 5378 1768 5454 conservator,
1806 5393 1887 5444 cum
1919 5373 1993 5446 lilio
2018 5388 2080 5446 tuo
