4614 5820
242 301 321 382 on
628 289 789 368 DECL.
839 285 913 364 DE
945 287 1206 366 s'rlttc‘ro
1238 289 1381 368 lUliE
1413 288 1487 366 ET
1519 287 1885 384 neomuto.
2193 293 2258 370 dit

245 469 532 554 commonefacta,
542 461 748 554 diligentius
761 459 888 551 cogitet
901 481 1022 531 causas
1034 483 1233 532 caraman.
1284 461 1602 534 mmoenfustone,
1628 477 1784 534 ,amm
1810 462 2160 554 103¹,m0b13v30mm
2177 475 2260 534 atm-

246 575 400 649 daesiut
415 573 525 660 leges,
546 589 612 636 cur
626 559 721 634 banc
736 561 934 632 doctrinam
950 561 1093 632 retineri
1109 561 1148 630 iu
1165 561 1232 630 im·
1287 562 1415 636 lerunt.
1466 561 1589 632 Postea
1607 561 1705 634 Deus
1725 563 1881 634 excitatis
1905 567 2007 632 novis
2026 563 2261 654 gubernatori-

248 675 509 770 P‘fll‘noeffl‘
525 667 592 746 *ἣν
618 664 901 756 ‘lellffluldffls
925 662 1008 754 quia
1023 675 1148 732 natma
1163 661 1233 730 im·
1285 661 1352 732 bus
1392 675 1570 756 utcunque
1603 664 1696 754 leges
1731 665 1955 736 instauravit.
2016 667 2071 734 Ac
2104 659 2260 734 historiae

249 766 577 870 patiensestlreoi,
600 763 789 858 etlegibus
811 763 1015 844 inimicum,
1035 783 1234 832 acusan-
1286 765 1495 847 ostendunt,
1530 765 1762 836 vetustissima
1797 789 1956 858 quaeque
1983 765 2125 835 vincula
2159 764 2262 855 pluri-

247 880 308 950 tit:
356 870 543 963 disputabo
577 866 688 952 igitur
727 864 861 956 aliquid
895 863 939 931 de
978 862 1054 951 lege
1086 859 1232 930 Placuit.
1286 886 1383 934 mum
1407 861 1599 934 severitatis
1619 859 1795 936 babuisse.
1846 861 1885 936 Si
1908 878 2022 936 statua
2046 864 2263 956 oppressisset

248 977 290 1051 G.
307 978 351 1047 de
365 970 517 1050 iudiciis,
542 965 606 1036 ubi
621 965 787 1054 seriptum
803 975 870 1032 est:
907 960 1043 1032 Placuit
1060 961 1099 1030 in
1115 959 1240 1030 omni-'
1287 957 1467 1032 bominem
1482 985 1582 1048 eun,
1607 977 1774 1056 tanquam
1791 966 1990 1036 damnatam
2008 989 2028 1034 e
2045 963 2263 1034 finibnseiiei

248 1081 318 1150 bus
339 1075 444 1150 rebus
465 1067 688 1162 praecipuam
710 1085 783 1132 esse
801 1061 954 1132 iustitiae
977 1059 1235 1156 aequitatisque
1285 1063 1455 1153 oportuit.
1492 1060 1543 1134 lta
1559 1063 1616 1133 vel
1628 1063 1773 1134 sonides
1791 1065 1896 1136 caede
1909 1066 2078 1156 pollutus,
2102 1061 2263 1136 maldra-

248 1178 419 1268 seriptae,
449 1192 554 1263 quam
580 1164 691 1236 stricti
712 1162 800 1232 iuris
821 1162 1003 1234 rationem.
1061 1159 1234 1246 Brevitas,
1286 1175 1379 1244 stus,
1404 1163 1461 1232 vel
1477 1163 1539 1256 qui
1555 1163 1773 1252 probabilem
1788 1179 1822 1234 ,ι
1843 1163 1969 1234 tugiam
1985 1189 2123 1234 cauum
2138 1158 2264 1232 habuc,

250 1277 364 1356 usne,
391 1270 526 1364 aliquid
544 1262 602 1334 bic
617 1262 840 1334 obscuritatis
856 1263 978 1332 adfert.
1016 1259 1107 1332 Nam
1123 1261 1234 1332 usita-
1285 1278 1367 1334 rant
1382 1263 1582 1332 trucidandi
1598 1287 1691 1348 suos,
1715 1277 1755 1334 ut
1771 1261 1965 1334 Alcmaeon
1981 1278 2015 1334 et
2031 1259 2194 1334 Orestes:
2216 1277 2263 1334 ta-

251 1393 328 1450 ¹⁰¹⁰
353 1387 406 1443 “l
425 1371 584 1442 “Pilum
607 1365 662 1433 5¹²³
675 1363 887 1448 initllldffls
909 1362 1078 1452 “fillium
1101 1361 1234 1452 ipsum:
1287 1385 1369 1432 men
1385 1363 1616 1433 eiiciebantur
1633 1388 1675 1434 ea
1689 1363 1788 1434 omni
1804 1365 2057 1435 consuetudine
2074 1359 2263 1446 huminum,

251 1476 465 1570 aequitatem
488 1491 590 1544 vero,
616 1464 702 1553 legis
723 1462 979 1550 mitigationem
1003 1461 1235 1550 probabilem,
1287 1465 1499 1532 arcebantur
1521 1485 1641 1534 mensa
1665 1477 1699 1534 et
1720 1455 1893 1554 bospitio,
1917 1488 1983 1534 nec
2010 1463 2264 1556 recipiebantur

252 1601 328 1650 non
341 1574 520 1664 scriptam,
532 1567 591 1636 sed
609 1559 757 1633 honesto
772 1561 899 1632 iudicis
912 1561 1059 1630 consilio
1069 1573 1102 1630 et
1113 1562 1236 1652 dispn-
1286 1561 1355 1632 nisi
1385 1562 1523 1652 expiata
1556 1565 1661 1633 caede
1689 1564 1810 1634 multis
1843 1579 1878 1633 et
1911 1564 2018 1632 variis
2050 1563 2263 1636 ceremoniis.

253 1679 386 1750 tatione
400 1669 604 1765 quaesitam.
657 1662 858 1754 Torquatus
873 1661 986 1732 filium
1009 1659 1236 1742 interficiens,
1286 1661 1410 1750 Quid?
1436 1661 1633 1732 Pudicitiae
1655 1664 1759 1752 longe
1780 1664 1893 1732 maior
1913 1659 2027 1734 bonus
2049 1664 2118 1734 luit
2140 1665 2178 1732 in
2199 1664 2263 1752 pri·

252 1779 349 1873 quod
368 1761 692 1844 contra.dictatoris
709 1765 915 1832 mandatum
931 1785 1015 1832 cum
1034 1755 1134 1830 leoste
1152 1784 1237 1850 pro-
1288 1763 1356 1832 mis
1372 1761 1508 1850 legibus
1519 1799 1533 1846 ,·
1553 1785 1659 1854 quam
1687 1777 1813 1852 postea.
1865 1763 2000 1832 Aeolus
2024 1787 2084 1832 m
2107 1759 2262 1832 Thmoo.

254 1889 401 1949 vocante
417 1869 635 1944 dimicasset,
661 1863 728 1952 legi
749 1863 899 1953 scriptae
920 1860 1053 1950 paruit.
1104 1860 1151 1929 At
1170 1856 1234 1930 bo-
1287 1885 1365 1932 rum
1386 1862 1479 1930 filiae
1501 1885 1540 1930 es
1562 1863 1668 1932 lratre
1692 1863 1856 1950 gravidae
1879 1864 2035 1952 gladium
2060 1863 2176 1946 misit,
2200 1887 2261 1955 qun

254 1977 389 2050 nestius
410 1971 597 2040 videbatur
619 1965 712 2056 quod
731 1963 813 2032 lecit
833 1959 1024 2054 Papyrius,
1047 1961 1109 2052 qui
1125 1959 1235 2030 Fabio
1287 1961 1347 2032 illa
1363 1961 1472 2053 patria
1485 1961 1574 2030 iram
1590 1961 1800 2050 intelligens,
1820 1986 1893 2031 sese
1908 1963 2090 2036 transfixit.
2128 1963 2262 2050 Quanta

253 2077 420 2168 magistro
444 2068 604 2162 equitum
629 2065 667 2132 in
689 2061 796 2132 simili
817 2083 898 2130 casu
919 2059 1053 2130 remisit
1076 2083 1237 2151 menam,
1287 2063 1451 2132 severitas
1473 2061 1559 2144 luit,
1584 2063 1678 2154 quod
1703 2061 1838 2151 legibus
1859 2064 2046 2132 duodecim
2068 2065 2261 2134 tabularum

254 2165 758 2270 deprecantepraeopopolo.
797 2155 1096 2250 Hicscriptonon
1107 2159 1236 2250 paruit,
1287 2161 1445 2254 periuros
1460 2163 1504 2230 de
1517 2184 1600 2234 saxo
1616 2159 1767 2254 Tarpeio
1785 2161 1888 2232 deiici
1910 2163 2091 2253 oportuit?
2126 2159 2174 2232 Et
2191 2185 2262 2252 pos-

255 2285 317 2352 sed
352 2270 605 2360 mitigationem
642 2261 861 2354 probabilem
896 2274 1041 2352 propter
1073 2255 1236 2330 honestas
1287 2275 1365 2332 sent
1385 2259 1496 2330 multa
1514 2263 1801 2345 commemorati,
1825 2285 1915 2354 quae
1933 2264 2126 2332 ostendunt
2149 2263 2262 2354 primis

255 2399 376 2452 causas
392 2369 566 2445 adhibuit.
619 2364 797 2456 Scriptum
814 2362 867 2430 ius
881 2375 949 2440 est,
975 2383 1020 2428 ne
1034 2360 1072 2428 in
1092 2361 1236 2430 sabbato
1287 2361 1413 2432 seculis
1437 2361 1553 2448 legum
1574 2385 1695 2430 curam
1719 2362 1886 2430 maiorem
1907 2363 2034 2443 luisse,
2061 2376 2095 2432 et
2112 2363 2261 2454 discipli.

255 2482 341 2552 bant
359 2473 501 2546 serviles
523 2489 660 2560 operae.
712 2463 759 2534 At
774 2460 916 2530 dimicat
933 2461 971 2528 in
991 2461 1137 2532 sabbato
1156 2457 1237 2529 Ma·
1287 2485 1369 2532 nam
1398 2461 1616 2550 graviorem,
1647 2485 1736 2554 quae
1766 2475 1858 2534 certe
1882 2463 1993 2533 literis
2018 2458 2262 2556 comprehensa

255 2576 447 2658 thebaeus,
472 2585 506 2642 et
521 2567 679 2661 sequitur
694 2589 767 2634 non
781 2563 967 2653 scriptum,
991 2561 1050 2628 sed
1070 2559 1236 2650 probabi·
1286 2562 1365 2633 fuit.

255 2683 324 2750 lem
338 2679 529 2756 rationem,
552 2693 641 2762 quae
654 2667 781 2757 scripta
796 2665 946 2758 quadam
960 2655 1126 2756 ἐπιεικείᾳ
1149 2661 1237 2734 lenit
1388 2659 1597 2737 Retineatur
1629 2687 1710 2756 ergo
1737 2663 1908 2757 scriptum
1940 2663 2012 2749 ius,
2046 2679 2081 2735 et
2109 2665 2262 2733 omniurn

255 2796 291 2856 et
314 2777 474 2856 inflectit.
531 2767 747 2844 Huiusmodi
771 2755 926 2856 exempla
954 2763 1064 2834 multa
1097 2761 1236 2834 recturi
1286 2765 1482 2858 sapientum
1499 2768 1773 2856 gubernatorum
1795 2766 2001 2848 autoritate,
2025 2761 2261 2834 omniumdd.

254 2893 411 2974 possunt.
449 2874 487 2946 Si
504 2869 870 2962 igiturstrictomnon
887 2865 1132 2936 aliudestnisi
1149 2865 1236 2936 scri-
1287 2879 1423 2936 ctorum
1464 2890 1568 2948 voce,
1609 2866 1789 2938 sententiis
1830 2881 1865 2940 et
1904 2865 2015 2936 literis
2048 2865 2260 2936 defendatur,

254 2997 374 3074 Pluma
407 2971 615 3067 P0¹P¹²¹l¹³⁸
636 2969 704 3037 ‘¹3²
728 2967 766 3035 ln
789 2963 1029 3055 immiscuit.
1070 2962 1149 3036 Etsi
1164 2966 1235 3034 scio
1288 2963 1405 3054 Quam
1444 2967 1650 3038 sententiam
1686 2981 1726 3036 nt
1757 2966 1923 3036 omuibus
1955 2967 2058 3036 bonis
2091 2967 2260 3035 mentibus

253 3081 387 3150 multos
404 3071 562 3145 cauillari
579 3066 811 3154 hanclegem,
836 3078 1047 3134 tamencum
1064 3066 1236 3136 sententia
1287 3065 1382 3137 Deus
1405 3065 1604 3147 confirmet,
1630 3067 1721 3136 veris
1742 3065 1833 3136 votis
1858 3069 2046 3157 petendum
2064 3079 2129 3138 est.
2180 3065 2260 3136 Nam

254 3183 301 3252 sit
316 3201 396 3248 vera
412 3188 447 3245 et
460 3169 623 3243 salmaria
639 3167 753 3254 vitae,
775 3165 1030 3235 defendendam
1051 3165 1236 3235 assedaei
1287 3165 1402 3255 legum
1425 3167 1635 3256 vituperatio
1658 3191 1730 3235 non
1752 3179 1888 3236 tantum
1908 3167 1953 3234 ab
1978 3161 2132 3234 humana
2158 3167 2260 3234 imbe,

255 3279 507 3352 Primumvera
524 3284 574 3340 est
590 3265 675 3340 haec
689 3265 882 3350 sententia,
901 3287 981 3336 cum
997 3288 1070 3334 non
1085 3266 1236 3336 dubium
1288 3267 1432 3337 cillitate
1446 3281 1480 3338 ut
1494 3266 1645 3336 stulticia
1664 3267 1789 3350 oritur,
1809 3268 1868 3335 sed
1885 3289 1905 3332 a
1919 3265 2080 3335 diabolo:
2107 3267 2172 3360 qui
2191 3289 2260 3334 cum

254 3381 300 3452 sit
323 3375 476 3470 praecipi
507 3371 672 3441 mandato
692 3363 779 3448 Dei,
806 3377 847 3437 nt
874 3364 914 3434 in
935 3365 1092 3458 qnalibet
1113 3365 1237 3456 politia
1287 3367 1604 3454 molituringentes
1617 3363 1862 3457 dissipationes
1879 3377 1912 3434 et
1927 3365 2162 3450 conlusiones,
2185 3365 2258 3436 serit

253 3483 389 3570 legum,
422 3494 573 3570 quarum
596 3468 765 3539 autoritas
787 3465 966 3559 probabili
989 3465 1034 3534 de
1052 3488 1154 3536 causa
1179 3489 1237 3535 re-
1289 3464 1392 3535 iuitiu
1408 3465 1523 3556 legum
1542 3466 1717 3550 convicia,
1743 3477 1777 3534 et
1792 3465 2023 3535 reverentiam
2036 3467 2166 3536 aniniis
2182 3467 2259 3534 levi-

254 3595 352 3674 cepta
365 3591 437 3660 est,
463 3573 540 3644 voci
558 3571 855 3661 obtemperemus,
878 3588 1018 3636 necesse
1033 3577 1085 3636 est
1100 3565 1237 3637 iudices
1288 3568 1355 3636 bus
1371 3567 1516 3637 excutit:
1542 3579 1660 3658 postea
1676 3565 1879 3636 confirmata
1898 3564 2037 3635 licentia
2054 3579 2088 3635 et
2106 3567 2258 3657 petolan.

254 3705 296 3752 ex
312 3680 441 3768 scripto
458 3675 534 3744 iure
548 3668 794 3762 pronunciare,
818 3665 953 3758 alloqui
968 3687 1138 3760 quorsum
1151 3665 1237 3737 atti·
1288 3665 1336 3740 tia
1359 3689 1506 3756 magnae
1527 3679 1724 3760 sequuntur
1747 3664 1882 3755 politici
1897 3678 2008 3738 status
2029 3667 2167 3740 ruinae.

253 3795 353 3852 neret
367 3776 449 3848 lerri
466 3776 569 3862 leges,
593 3771 624 3839 si
636 3768 814 3840 iudicibus
827 3779 964 3836 tantum
977 3765 1097 3837 liceret
1110 3789 1237 3836 essese
1389 3765 1458 3838 Sed
1484 3768 1528 3836 ad
1553 3779 1708 3836 nostram
1729 3766 1968 3857 quaestionem
1992 3767 2110 3840 redeo.
2165 3765 2202 3837 Sl
2223 3789 2257 3834 er

253 3883 384 3971 fingere
398 3876 601 3968 aequitates,
627 3883 669 3940 ut
682 3889 828 3938 amneae
840 3889 883 3936 ex
899 3889 972 3936 sese
985 3867 1071 3936 telas
1087 3871 1235 3936 texunt?
1287 3865 1417 3958 scripto
1432 3867 1510 3937 iure
1527 3865 1835 3958 pronunciandum
1852 3879 1924 3948 est,
1946 3865 2086 3936 videtur
2098 3867 2255 3936 acerrima

254 3979 355 4072 Quos
376 4003 414 4048 ea
437 3998 492 4044 res
511 3971 684 4044 tumultus
707 3967 888 4050 excitaret,
912 3966 943 4036 si
963 3965 1026 4035 alii
1047 3963 1151 4036 aliter
1172 3967 1231 4036 ad·
1286 3967 1398 4040 stricti
1412 3967 1500 4038 iuris
1514 3966 1713 4037 observatio
1727 3965 1871 4058 requiri.
1907 3964 2076 4036 Strictum
2092 3983 2143 4039 est
2160 3967 2256 4048 enim,

251 4082 354 4164 lecti,
389 4097 497 4148 novas
525 4064 716 4150 tamesim
742 4065 1118 4138 wmmlnltoettnlur?
1166 4064 1236 4136 Vix
1287 4069 1384 4160 quod
1398 4067 1514 4138 verbis
1535 4067 1620 4156 legis
1642 4059 1935 4156 comprehensum
1955 4080 1990 4138 et
2001 4067 2184 4138 delinitum
2197 4077 2255 4134 est:

252 4183 376 4264 etiam,
406 4200 486 4252 cnm
509 4187 561 4244 est
577 4191 733 4254 certum,
763 4167 975 4260 explicatum
997 4179 1032 4238 et
1051 4165 1235 4238 definitum
1286 4181 1345 4250 ut,
1369 4189 1531 4258 pugnans
1553 4182 1673 4237 contra
1695 4167 1876 4236 dictatoris
1896 4169 2122 4251 mandatnm,
2154 4165 2254 4235 securi

253 4273 611 4366 {antemuranum
637 4281 751 4363 potest
768 4267 834 4353 iis,
858 4267 921 4360 qui
936 4265 1097 4360 occupati
1118 4267 1235 4360 aliqua
1286 4267 1444 4338 leriatur:
1475 4267 1650 4360 Torquati
1670 4265 1764 4337 lilius
1782 4265 1833 4336 sic
1863 4267 2050 4359 pugnavit:
2077 4269 2133 4336 lex
2159 4265 2254 4356 igitur

252 4381 461 4473 cupiditate,
485 4375 635 4444 eludunt
656 4368 855 4462 perspicuas
870 4369 980 4457 leges,
1005 4380 1041 4438 et
1061 4381 1236 4460 quaerunt
1286 4381 1454 4439 servetur.
1505 4365 1726 4459 Responderi
1742 4377 1872 4457 potest,
1896 4389 1999 4458 saepe
2014 4367 2102 4439 duas
2124 4379 2251 4436 anten-

253 4509 295 4556 es
311 4480 422 4572 specie
438 4475 526 4550 iuris
545 4484 742 4564 praetextus
753 4471 799 4540 ad
816 4491 916 4538 suam
933 4467 1160 4559 'cupiditatem
1179 4491 1235 4536 ar-
1286 4469 1353 4538 tiaa
1364 4469 1510 4559 scriptas
1526 4490 1619 4553 esse,
1644 4465 1859 4538 acerbiorem
1873 4480 1908 4536 et
1929 4467 2118 4537 mitiorem.
2168 4465 2252 4535 Inter

253 4583 430 4664 numidam.
478 4574 589 4663 Quod
617 4571 714 4642 enim
744 4569 965 4640 arbitrantur
993 4567 1122 4660 aliqui,
1160 4591 1234 4638 non
1286 4562 1351 4638 bas
1373 4569 1495 4639 mitior
1524 4567 1683 4658 eligenda
1709 4580 1771 4640 est.
1821 4563 1894 4637 Nec
1915 4579 2044 4637 temere
2064 4566 2248 4657 fingendam

252 4688 360 4758 ffll⁵⁵⁰
376 4680 521 4768 ”illim
533 4687 614 4744 ³⁰⁸²
628 4671 840 4765 Lyculiumo
860 4668 1069 4754 nminem,
1092 4681 1152 4739 tul
1168 4666 1235 4738 So·
1286 4691 1359 4738 esse
1380 4669 1611 4762 aequitatem,
1643 4669 1704 4738 sed
1728 4691 1770 4738 ex
1791 4667 1920 4758 scripto
1940 4681 1974 4737 et
1997 4668 2090 4738 veris
2109 4667 2250 4737 sontibus

195 4799 198 4806 ¹
254 4790 373 4858 ¹⁰¹¹²¹¹¹
405 4781 443 4848 5¹¹
474 4773 639 4855 Gfmlls
673 4793 821 4860 'millu‘
849 4791 949 4846 ‘¹1⁰‘
968 4779 1028 4839 0⁸²·
1088 4767 1236 4858 Semper
1286 4769 1374 4838 iuris
1387 4771 1591 4840 sumendam
1604 4789 1687 4841 esse.
1722 4765 1771 4838 Ut
1786 4767 1880 4837 enim
1895 4763 2017 4837 Celsus
2032 4765 2248 4840 Iurisconsul-

252 4889 348 4980 apnd
363 4905 420 4952 eas
434 4891 554 4969 gentes
562 4925 575 4959 ,
590 4874 629 4942 in
646 4871 775 4962 quibus
786 4869 976 4960 disciplina
988 4869 1176 4939 mediocris
1201 4883 1236 4940 et
1286 4883 1343 4940 tus
1356 4869 1463 4955 dixit,
1488 4893 1567 4940 cnm
1583 4871 1626 4939 de
1646 4869 1742 4938 bono
1757 4881 1792 4938 et
1815 4891 1927 4960 aequo
1944 4869 2139 4962 quaeritur,
2162 4883 2247 4955 saepe

253 4983 412 5060 imildae
434 4974 627 5050 “mimi‘'
644 4986 679 5043 ‘²
698 4972 820 5044 lim
841 4970 1005 5054 fli‘fflssls
1025 4969 1133 5040 sulm
1148 4968 1235 5040 seri-
1286 4971 1352 5040 sub
1368 4970 1555 5042 autoritate
1576 4967 1830 5038 iurisscientiae
1846 4967 2040 5058 perniciose
2054 4967 2180 5056 errari,
2201 4963 2247 5032 vi·

254 5103 330 5181 ples
353 5087 465 5172 ledes·
491 5091 606 5148 “lm
624 5084 851 5148 mmmmm
875 5071 1027 5161 plurima
1052 5083 1236 5142 testantur.
1285 5069 1430 5155 delicet,
1451 5093 1530 5140 cum
1544 5068 1689 5159 tingitur
1704 5068 1861 5161 aequitas
1877 5091 1920 5137 ex
1939 5067 2158 5140 indoctorum
2172 5067 2245 5134 ims-

255 5187 324 5260 Sed
340 5184 442 5254 bellis
460 5193 495 5251 et
508 5173 762 5250 vastationibus
776 5171 943 5242 letalibus
957 5193 1080 5240 ornnes
1091 5170 1235 5262 politiae
1285 5171 1482 5261 ginatione,
1506 5193 1580 5240 non
1594 5195 1636 5240 ex
1649 5169 1743 5238 veris
1753 5169 1923 5243 lontibus.

254 5287 312 5355 vel
328 5295 519 5376 quassatae,
544 5276 600 5350 nel
615 5295 752 5344 eversae
762 5284 859 5353 aunt,
883 5286 918 5341 et
932 5269 1069 5364 aliquae
1082 5270 1236 5340 dillicul-
1387 5269 1456 5342 Sed
1477 5285 1614 5361 praeter
1635 5264 1726 5340 hane
1747 5267 2011 5362 responsionem
2035 5263 2102 5339 boe
2123 5283 2243 5361 quoqne
2297 5277 2298 5329 t

254 5403 308 5458 ter
325 5403 444 5452 rursus
462 5379 672 5448 instauratae
686 5385 782 5450 sunt.
832 5367 910 5448 llee
927 5393 1045 5442 mrum
1062 5365 1237 5446 bumana
1287 5370 1535 5444 universaliter
1545 5371 1615 5442 dici
1631 5383 1756 5462 potest,
1781 5392 1917 5464 semper
1932 5369 1970 5440 id
1986 5369 2081 5463 quod
2095 5367 2243 5458 seriptum
