4718 5828
241 197 291 272 91
821 179 985 260 DECL.
1017 177 1094 256 Dli
1124 177 1465 260 entuntuco
1489 179 1694 258 ELECT.
2224 183 2278 260 92

344 366 416 442 Sed
431 377 471 436 ut
484 359 658 452 intelligat
670 358 801 430 rectius
814 352 902 428 haec
915 356 1019 428 turba
1027 372 1043 442 ,·
1061 367 1231 450 quarum
1281 369 1439 442 raretur,
1475 353 1600 441 multi,
1634 367 1675 426 ut
1702 353 1741 425 fit
1770 353 1809 424 in
1839 375 1972 446 regno,
2007 355 2213 432 inviderent
2242 359 2278 430 ei

243 471 391 570 gratiam
404 466 570 538 manibus
584 458 691 533 huius
705 459 884 553 Principis
897 459 1040 544 debeat,
1064 457 1233 548 attingam
1282 459 1414 546 ocium,
1431 456 1537 530 multi
1549 456 1758 547 instigarent
1768 458 1814 526 ad
1828 460 2004 528 movenda
2019 481 2127 532 arma.
2160 457 2278 533 Crede

244 575 360 649 obiter
388 569 557 665 quasdam
584 563 660 636 eius
682 561 825 642 landes,
857 574 890 632 et
915 574 1085 654 tanquam
1109 559 1234 651 procul
1282 557 1390 646 mibi,
1415 583 1491 630 non
1505 557 1694 630 mediocris
1710 559 1771 628 illa
1787 572 1862 630 tum
1877 562 2067 652 prudentia
2083 576 2173 649 erat,
2199 576 2279 634 tum

245 675 441 751 ostendam.
492 665 540 740 Et
561 665 722 762 quamvis
747 687 822 734 non
844 686 946 734 sumo
966 657 1057 732 mihi
1081 674 1234 748 tantum,
1282 663 1466 748 fortitudo,
1490 660 1651 732 animum
1662 675 1768 756 atquc
1780 661 1999 732 iracundiam
2015 664 2168 752 vincere,
2193 689 2281 758 par-

243 793 285 854 ut
313 774 474 848 oratione
502 793 580 840 mea
606 766 718 838 levari
741 789 940 836 moerorem
965 764 1110 834 illorum
1132 787 1233 856 posse
1282 789 1361 836 cere
1383 763 1508 856 populi
1530 763 1643 850 vitae,
1669 777 1704 834 ct
1718 763 1899 856 pecuniis,
1922 765 2082 853 ratione,
2108 768 2280 838 consilio-

243 901 399 975 sperem,
432 873 495 968 qui
522 871 676 941 iacturae
706 867 990 959 magnitudinem
1018 865 1234 955 intelligunt,
1282 889 1351 961 que
1366 865 1438 936 vim
1454 860 1619 936 hostilem
1634 865 1819 940 discutere.
1870 864 2045 938 Periclem
2060 869 2183 945 iemut
2197 869 2282 940 aui-

244 1004 351 1078 quam
374 973 443 1046 hoc
464 996 547 1044 casu
570 969 728 1063 Respub.
751 970 853 1056 fecit,
882 983 1001 1040 tamen
1023 991 1125 1058 spero
1146 969 1235 1046 fore,
1285 993 1377 1040 mam
1395 969 1466 1038 iam
1481 989 1572 1058 pene
1586 981 1764 1056 agentem,
1790 991 1870 1038 cum
1887 969 2155 1043 circumstantes
2170 969 2281 1042 amici

229 1098 284 1156 ut
306 1081 368 1150 illa
391 1079 467 1169 ipsa
489 1073 659 1144 memoria
683 1071 875 1152 virtutum,
900 1069 998 1140 illius
1013 1069 1123 1138 leniat
1138 1091 1234 1138 acer·
1285 1071 1530 1163 praedicarent
1557 1069 1634 1140 eius
1662 1065 1831 1161 trophaea
1862 1083 1897 1141 et
1921 1071 2110 1159 -victorias,
2146 1073 2282 1144 dixisse

244 1185 394 1257 bitatem
415 1179 543 1248 luctus.
595 1171 686 1244 Cum
707 1174 850 1244 divinae
869 1172 992 1244 literae
1013 1171 1162 1240 doceant
1178 1171 1235 1240 di·
1286 1175 1385 1244 illam
1405 1162 1549 1241 laudem
1571 1195 1645 1241 non
1668 1185 1741 1242 tam
1764 1193 1972 1255 enarrasse,
1998 1175 2282 1268 quammilitum

243 1285 379 1357 viuitus
393 1277 534 1374 praefici
542 1274 771 1366 Magistratus
779 1272 987 1366 Rebuspub.
1002 1285 1037 1342 et
1049 1272 1120 1342 lato
1129 1270 1236 1341 Prin·
1286 1289 1348 1346 aut
1361 1275 1542 1345 fortunae:
1566 1268 1659 1342 banc
1677 1295 1750 1342 esse
1766 1273 1909 1366 proprie
1920 1298 2032 1361 suam,
2059 1279 2156 1370 quod
2172 1301 2282 1348 nemo

245 1389 341 1481 cipes
362 1381 460 1466 dari,
483 1378 680 1473 plurimum
702 1376 859 1470 prolecto
876 1373 1013 1465 superis
1029 1368 1116 1444 haec
1133 1375 1237 1443 debet
1286 1375 1372 1447 civis
1392 1399 1455 1448 sua
1479 1398 1581 1446 causa
1602 1399 1761 1468 uuquam
1783 1376 1923 1466 nigram
1942 1391 2073 1449 vestem
2095 1379 2284 1464 induisset,

242 1489 364 1573 natio,
387 1495 574 1576 postquam
595 1479 676 1548 talis
698 1477 846 1567 contigit
861 1475 1052 1569 Princeps,
1075 1475 1138 1567 qui
1156 1498 1235 1545 cum
1287 1479 1428 1550 volebat
1449 1476 1545 1546 enim
1568 1479 1716 1562 docere,
1741 1477 1899 1568 privatae
1922 1479 2105 1569 dignitatis
2126 1483 2285 1552 tuendae

246 1603 336 1662 esset
355 1585 510 1679 primum
534 1595 660 1651 natura
682 1581 794 1650 lactus
816 1580 862 1648 ad
886 1601 1009 1650 omncs
1026 1591 1116 1646 artes
1132 1577 1237 1666 pacis,
1287 1602 1391 1650 causa
1420 1578 1600 1649 neminem
1629 1603 1789 1672 uuquam
1816 1580 1929 1650 civem
1950 1581 2175 1654 interiectum
2200 1608 2221 1654 a
2244 1605 2283 1653 se

193 1755 196 1762 ,
242 1707 282 1764 et
304 1691 349 1761 ad
372 1682 629 1758 humanitatem
654 1697 687 1754 et
709 1681 1038 1763 mansuetudinem,
1064 1673 1238 1748 nihilan·
1288 1705 1372 1752 esse.
1434 1675 1483 1750 A:
1505 1676 1564 1750 hic
1583 1695 1705 1752 noster
1726 1705 1801 1750 non
1823 1685 1930 1753 modo
1952 1684 2107 1774 privatas
2129 1685 2284 1755 iniurias

245 1792 400 1888 tiquius,
424 1799 485 1857 aut
506 1785 606 1878 prius
627 1783 753 1876 populi
774 1783 887 1853 salute
901 1778 1040 1855 babuit.
1091 1779 1237 1850 Praedi—
1288 1805 1471 1876 nunquam
1496 1805 1576 1851 cum
1598 1783 1755 1874 periculo
1777 1783 1874 1854 ultus
1888 1798 1959 1867 est,
1984 1788 2045 1855 sed
2063 1787 2155 1856 bella
2172 1788 2284 1856 etiarn

244 1908 326 1968 cent
357 1889 420 1962 alii
448 1887 623 1958 maiorum
653 1885 824 1976 imagines
846 1898 881 1956 et
903 1899 1020 1954 vetera
1045 1895 1238 1966 stemmata,
1288 1899 1324 1956 et
1346 1885 1417 1954 vim
1440 1883 1618 1976 publicam
1641 1885 1797 1970 ratione,
1832 1886 1909 1956 sine
1931 1889 2063 1958 civium
2086 1891 2191 1959 caede
2213 1911 2286 1980 op-

245 2021 316 2094 qua
338 1993 444 2063 laude
467 2011 672 2084 quanquam
696 1987 880 2057 abundent
900 1983 1075 2056 Saroniae
1097 1981 1239 2054 Princi·
1288 1987 1424 2080 pressit.
1475 1979 1609 2060 Verius
1629 1981 1688 2056 hic
1710 1987 1754 2056 de
1776 2009 1812 2055 se
1833 1989 2036 2078 praedicare
2058 1991 2183 2082 possit:
2211 1989 2286 2062 Ce-

243 2121 327 2196 pes,
351 2107 470 2165 tamen
489 2101 589 2161 erant
606 2088 675 2158 alia
694 2087 732 2157 in
748 2085 931 2158 Frideri'co
945 2085 1098 2171 maiora,
1124 2085 1238 2155 scien·
1288 2091 1375 2158 dant
1390 2111 1486 2157 arma
1503 2100 1614 2178 togae,
1638 2111 1742 2181 quam
1759 2086 1896 2171 Cicero,
1918 2092 1981 2185 qui
1998 2107 2134 2164 motum
2147 2094 2186 2162 in
2200 2089 2287 2165 Rc-

244 2201 295 2273 tia
318 2193 466 2288 gerendi
485 2191 643 2284 imperii,
669 2203 704 2260 et
725 2189 836 2260 animi
859 2188 1068 2278 magnitudo
1089 2211 1237 2258 summa.
1288 2192 1374 2284 pub.
1396 2189 1537 2258 civilem
1559 2190 1668 2258 armis
1689 2191 1871 2262 crudelius
1893 2195 1999 2264 etiam
2022 2219 2128 2287 quam
2144 2217 2287 2286 respo·
2357 2199 2358 2202 ’

237 2301 399 2387 ,Fallitur
422 2307 558 2378 autem,
591 2291 704 2386 siquis
726 2303 828 2382 putat
852 2291 960 2360 armis
982 2302 1122 2360 tantum
1146 2301 1181 2358 et
1203 2288 1237 2356 vi
1287 2293 1424 2375 scebat,
1456 2289 1663 2363 vindicavit.
1715 2289 1830 2363 Porro
1857 2298 2156 2388 quemadmodum
2184 2297 2289 2389 peri-

244 2401 358 2474 teneri
372 2395 531 2488 Respub.
548 2395 628 2485 plus
644 2395 689 2463 ad
704 2417 780 2462 eam
796 2417 869 2462 rern
886 2393 1058 2461 momenti
1074 2391 1239 2458 adierunt
1289 2394 1419 2463 culosis
1433 2392 1698 2484 tempestatibus
1711 2393 1789 2464 sine
1803 2418 1942 2466 summa
1955 2399 2157 2489 vigilantia,
2182 2423 2289 2469 sum-

245 2503 340 2598 pacis
364 2513 473 2583 artes,
505 2495 664 2578 iusticia,
695 2493 893 2563 moderatio
916 2491 1046 2575 animi,
1072 2503 1239 2560 coustan-
1289 2519 1419 2588 moquc
1441 2495 1563 2564 labore
1576 2517 1702 2565 navem
1717 2519 1856 2567 servare
1871 2499 2088 2572 incolumem
2101 2505 2309 2594 guberna-'⁴

243 2608 315 2690 tia,
335 2601 434 2692 tangi
454 2623 538 2669 cura
564 2595 728 2688 publicae
749 2594 895 2677 salutis,
922 2592 1107 2682 diligentia
1126 2592 1163 2660 in
1183 2591 1239 2662 di·
1289 2610 1346 2666 tor
1373 2619 1448 2666 non
1478 2607 1609 2687 potest,
1643 2596 1691 2668 ita
1721 2611 1793 2668 tam
1824 2601 1916 2670 duro
1939 2614 2098 2695 tempore
2120 2618 2288 2698 pacatam

247 2705 359 2780 cendo
381 2703 478 2782 iure,
505 2700 544 2768 in
567 2695 778 2767 dirimendis
801 2695 933 2766 civium
949 2693 1240 2778 dissensionibus,
1290 2713 1409 2769 tenere
1431 2697 1651 2790 provinciam
1667 2712 1720 2770 tot
1734 2723 1866 2783 annos,
1892 2725 1966 2772 non
1983 2719 2035 2776 est
2051 2707 2207 2797 vulgaris
2223 2705 2288 2775 in-

247 2803 438 2882 tolerantia
471 2801 511 2872 in
540 2797 779 2891 perpetiendis
808 2797 907 2887 vulgi
931 2797 1076 2882 erratis,
1108 2795 1240 2865 severi·
1289 2799 1383 2890 genii
1405 2823 1508 2892 opus.
1557 2793 1605 2869 Et
1626 2799 1656 2869 si
1677 2801 1846 2872 victoriae
1868 2807 2045 2896 sanguine¹
2061 2823 2182 2901 partae
2205 2822 2289 2879 tro-

244 2927 299 2983 tas
314 2909 354 2976 in
371 2899 602 2976 cohercendis
617 2899 811 2991 improbis,
837 2899 1023 2969 clementia
1040 2898 1078 2966 in
1096 2921 1239 2968 servan·
1290 2897 1412 2994 pbaeis
1430 2926 1469 2971 ac
1492 2897 1683 2993 triumphis
1704 2899 1897 2988 ornantur,
1924 2933 2030 3001 quam
2053 2924 2151 3000 grata
2174 2911 2289 2982 nobis

246 3013 304 3085 dis
325 3004 382 3078 his
399 3005 462 3100 qui
479 3001 609 3092 corrigi
624 3013 784 3094 possunt.
835 2995 893 3070 Ad
907 3001 1035 3090 vulgus
1050 3000 1089 3067 in
1107 2999 1240 3068 maiore
1290 3025 1362 3074 esse
1383 3005 1487 3074 debet
1509 2997 1636 3074 harum
1660 3005 1891 3076 victoriarum
1913 3013 2104 3098 memoria,
2137 3013 2200 3083 ubi
2223 3035 2289 3083 so·

248 3108 484 3186 admiratione
512 3117 615 3188 sunt,
649 3103 849 3195 clariusque
872 3116 1069 3172 cernuntur
1092 3100 1241 3191 bellicae
1289 3103 1544 3195 liusPrincipis
1558 3105 1707 3196 consilio
1723 3107 1976 3206 diligentiaque
1990 3114 2083 3184 bella
2097 3115 2290 3206 profligata

249 3216 420 3295 virtutes,
445 3222 480 3279 et
502 3205 615 3300 pluris
631 3204 671 3273 lit
688 3205 790 3273 miles
807 3203 938 3296 aliquis
950 3198 1116 3273 athletico
1132 3203 1241 3272 robo-
1289 3219 1383 3280 sunt.
1435 3206 1543 3296 Quod
1564 3206 1595 3274 si
1611 3207 1825 3298 intelligeret
1838 3213 1988 3303 vulgus,
2014 3231 2182 3310 quantam
2200 3239 2290 3307 per-

246 3341 305 3398 re,
337 3334 445 3406 quam
466 3309 670 3378 moderatus
693 3319 727 3375 et
748 3305 908 3395 placidus
930 3303 1027 3378 civis.
1086 3302 1242 3394 Togatae
1290 3308 1419 3394 niciem
1442 3333 1483 3378 ac
1506 3309 1703 3380 vastitatem
1724 3312 1989 3384 loelicissimum
2013 3319 2120 3388 etiam
2146 3319 2289 3388 bellum

246 3419 395 3488 virtutes
411 3425 446 3481 et
460 3411 638 3491 urbanae,
667 3422 708 3478 ut
721 3406 810 3475 aliae
826 3429 881 3476 res
895 3407 1010 3504 bonae
1022 3406 1152 3490 latent,
1176 3429 1241 3475 nec
1291 3410 1442 3495 adterat,
1469 3423 1504 3480 et
1524 3409 1661 3481 videret
1680 3413 1827 3504 propius
1849 3418 1946 3508 pacis
1964 3422 2170 3506 commoda,
2196 3445 2289 3512 pro-

247 3518 332 3591 satis
356 3525 462 3585 notae
481 3525 566 3602 sunt
583 3508 769 3600 imperitis.
825 3507 946 3602 ltaque
961 3508 1087 3576 leviter
1103 3507 1241 3576 laudari
1290 3511 1380 3582 secto
1405 3525 1574 3583 statueret
1595 3509 1689 3585 nihil
1713 3539 1731 3583 a
1756 3514 1832 3586 Deo
1854 3518 2003 3606 melius,
2029 3517 2124 3590 nihil
2147 3523 2290 3607 utilius,

246 3645 307 3694 eos
327 3603 473 3712 putant}
499 3614 631 3707 quibus
647 3612 742 3704 pacis
760 3609 877 3680 studia
895 3622 1057 3702 artesque
1075 3610 1242 3679 tribuun-
1291 3609 1384 3682 nihil
1405 3613 1564 3682 divinius
1585 3608 1641 3683 bis
1657 3616 1864 3705 regionibns
1881 3621 1958 3689 dari
1974 3623 2147 3714 potuisse,
2173 3647 2288 3718 quarn

248 3740 318 3797 tur.
378 3713 456 3807 Ego
487 3738 571 3784 vero
601 3713 649 3780 ita
674 3711 787 3781 sentio
810 3713 915 3799 longe
941 3725 1133 3800 praestare,
1168 3711 1242 3780 sive
1290 3711 1605 3804 talemPrincipem
1620 3729 1691 3784 tarn
1708 3717 1936 3808 pertinaciter
1949 3724 2156 3814 fugitantem
2174 3726 2288 3798 bella.

248 3824 329 3921 quis
359 3819 551 3890 utilitatem
582 3825 731 3904 spectet,
772 3811 845 3880 sive
879 3807 1036 3879 bominis
1066 3823 1244 3896 naturam,
1293 3813 1404 3884 Porro
1435 3839 1509 3885 nou
1542 3832 1730 3888 caruerunt
1760 3813 1899 3892 honore
1929 3819 1995 3894 hae
2021 3825 2170 3897 virtutes
2194 3828 2289 3908 eius,

249 3921 418 4000 castrensi
449 3918 532 3990 usui
562 3915 657 4006 pacis
679 3913 813 3997 studia,
850 3935 915 3981 nec
936 3911 1051 4003 patiar
1071 3913 1243 4004 praeponi
1292 3918 1377 3986 dum
1409 3919 1504 3986 enim
1534 3916 1659 3990 vident
1686 3921 1840 4012 publicis
1871 3929 2066 3998 commodis
2092 3941 2188 3999 tama
2213 3930 2289 4000 fide

248 4025 410 4115 Augusto
434 4017 596 4108 Principi
619 4014 749 4108 quietis
775 4011 915 4107 ociique
938 4014 1090 4096 amanti,
1127 4009 1244 4084 Anto-
1292 4042 1372 4088 eum
1390 4019 1522 4088 servire
1537 4021 1736 4111 populares,
1763 4036 1930 4118 tanquam
1946 4043 2081 4119 patrem
2097 4031 2170 4100 lere
2185 4053 2290 4100 ama-

253 4129 356 4199 nium
383 4121 636 4213 imperatorem
667 4138 834 4204 magnum
859 4115 963 4184 illum
984 4115 1149 4209 quidem,
1182 4119 1241 4185 sed
1292 4134 1395 4201 runt,
1422 4121 1520 4190 nulla
1545 4123 1763 4196 crudelitatis
1784 4141 1843 4197 aut
1861 4129 2015 4201 iniuriae
2030 4133 2182 4224 suspirio
2198 4127 2290 4202 hae-

251 4225 492 4324 perniciosum
514 4219 671 4310 Reipub.
723 4214 967 4286 Nec'Graccis
990 4218 1071 4308 plus
1093 4219 1243 4288 contulit
1293 4223 1338 4293 sit
1361 4223 1400 4290 in
1422 4223 1532 4294 ullius
1548 4223 1679 4295 animo.
1731 4224 1890 4322 Eratque
1906 4231 1941 4301 id
1960 4249 2168 4307 consecutus
2185 4240 2288 4332 quod

250 4327 476 4409 Alcibiades,
510 4345 617 4416 quam
643 4318 773 4390 Solon:
810 4316 973 4408 Quorum
998 4319 1086 4389 alter
1110 4321 1242 4389 bellurn
1293 4323 1416 4394 scribit
1444 4320 1664 4416 Xenophon:
1707 4325 1793 4400 Esse
1834 4333 2084 4408 difficillimum
2112 4352 2146 4409 ct
2177 4341 2290 4433 plane

250 4459 291 4505 ex
315 4429 409 4501 bello
435 4447 554 4496 serens
571 4421 698 4492 evertit
715 4419 882 4510 patriam,
908 4421 997 4492 alter
1013 4421 1149 4510 legibus
1164 4421 1244 4492 latis
1293 4426 1474 4509 divinum,
1506 4439 1544 4497 ut
1569 4429 1771 4502 volentibus
1797 4434 1997 4526 imperaret.
2051 4439 2173 4534 Neque
2198 4467 2287 4514 vero

252 4549 287 4607 et
307 4531 448 4604 civitate
472 4527 550 4596 iure
573 4521 764 4593 constituta
788 4543 862 4590 non
888 4522 996 4591 semel
1010 4535 1156 4592 ¹tantum
1171 4547 1245 4593 ser·
1293 4525 1452 4618 Principi
1477 4528 1672 4622 quidquam
1690 4533 1894 4627 contingere
1911 4553 2026 4629 potest
2043 4536 2289 4616 bonorificen-

253 4635 362 4706 vavit.
416 4629 586 4701 Finxerat
610 4625 728 4716 itaque
751 4619 849 4693 Deus
872 4625 915 4692 ad
939 4619 1001 4693 has
1027 4625 1188 4694 utiliores
1212 4639 1245 4694 et
1294 4629 1381 4710 tius,
1408 4654 1511 4724 qnam
1535 4643 1573 4700 nt
1597 4635 1805 4723 prudentiae
1826 4652 1860 4708 et
1882 4638 2037 4712 iustitiae
2062 4643 2200 4716 laudem
2226 4648 2288 4718 illi

250 4737 416 4809 meliores
449 4732 598 4801 virtutes
622 4725 857 4796 Fridericurn.
912 4723 1139 4817 Quapropter
1171 4727 1244 4819 pri·
1293 4731 1388 4801 ultro
1407 4733 1599 4802 concedant
1620 4736 1774 4816 subditi,
1800 4742 2002 4813 utsalntem
2018 4767 2116 4816 suam
2134 4763 2210 4820 tuto
2226 4749 2290 4821 illi

251 4863 351 4911 mum
375 4829 594 4906 turbulentis
619 4826 833 4898 Germaniae
854 4829 1090 4918 temporibus,
1126 4844 1243 4898 tamen
1268 4873 1272 4908 ,
1293 4833 1514 4902 commissam
1540 4847 1675 4924 putent.
1726 4837 1786 4910 sic
1807 4842 1868 4914 ille
1884 4846 2059 4938 aequitate
2080 4850 2292 4942 diligentia-

254 4962 392 5032 semper
423 4922 531 5014 cavit,
568 4955 613 5000 ne
648 4953 718 5023 quo
752 4929 846 4998 bello
879 4951 962 4998 suae
992 4943 1111 5018 gentes
1141 4957 1244 5000 vexa·
1267 4911 1271 4942 ¹
1295 4959 1363 5026 que
1388 4935 1484 5003 domi
1509 4937 1665 5030 lorisque
1688 4937 1866 5036 Rempub.
1889 4962 2046 5036 pacatam
2069 4975 2182 5022 annos
2202 4955 2288 5046 plus

254 5057 391 5114 rentur.
1295 5037 1438 5126 triginta
1460 5039 1591 5122 tenuit,
1623 5041 1778 5130 legibus,
1809 5047 1989 5136 moribus,
2015 5055 2199 5136 aediliciis,
2226 5059 2288 5126 di.

353 5140 472 5231 Quam
494 5129 587 5204 mibi
611 5132 792 5202 victoriam
817 5133 924 5201 audet
947 5133 1076 5226 aliquis
1099 5129 1245 5205 adhaec
1294 5139 1427 5208 tionem
1450 5139 1609 5233 undique
1631 5147 1825 5234 exornavit,
1876 5151 1918 5221 Id
1940 5154 2049 5243 magis
2073 5159 2290 5246 putavitre-

252 5245 430 5326 conlerre,
456 5262 536 5309 cum
555 5249 627 5306 tam
642 5234 733 5304 varii
746 5249 863 5306 motus
880 5234 984 5305 annis
999 5235 1069 5303 iam
1085 5236 1166 5326 plus
1180 5236 1245 5307 tri·
1294 5241 1390 5329 giam
1422 5263 1515 5322 esse,
1562 5245 1737 5327 excolere,
1786 5275 1984 5346 ornareque
2013 5258 2109 5328 bono
2137 5261 2286 5352 publico

254 5349 352 5440 ginta
366 5345 405 5414 iu
420 5353 494 5414 tota
511 5335 705 5409 Germania
719 5337 874 5422 fuerint,
901 5361 981 5408 cum
995 5337 1099 5408 toties
1113 5338 1167 5408 vis
1181 5341 1248 5430 pa·'
1294 5342 1535 5434 provinciam,
1576 5369 1682 5438 quam
1714 5353 1865 5425 maiores
1893 5357 2140 5450 tradidissent,
2176 5387 2288 5458 quam
