4646 5824
96 277 174 350 867
537 273 699 352 DECL.
731 272 807 350 ott
841 271 1077 350 STUllllS
1105 263 1374 343 LINGUAE
1409 258 1700 340 GRAECAE.
1819 329 1822 335 ,
2049 261 2123 336 858

94 453 232 525 mitaris
254 461 412 536 nostrae,
436 472 558 520 cesssas
578 450 662 520 item
678 471 872 540 poenarum
888 471 929 518 ac
943 445 1088 517 calami·
1135 440 1389 531 Apostolorum
1407 439 1546 528 linguae
1563 438 1731 508 dissectae
1747 437 1785 506 in
1802 438 1947 508 modum
1962 437 2125 506 flammae

96 574 211 629 tatum
234 550 495 638 humanarum,
521 567 555 622 et
576 575 638 642 per
653 553 799 620 eandem
816 549 1014 620 doctrinam
1030 571 1087 616 rc-
1136 545 1394 634 adparuerunt,
1419 555 1454 610 et
1470 541 1536 632 ipsi
1553 541 1670 612 statim
1686 539 1794 610 variis
1809 539 1938 630 linguis
1955 538 2124 622 miracula

94 657 216 728 media
246 655 351 726 nobis
373 667 478 747 atque
504 652 753 724 liberationem
775 653 820 721 ab
841 651 1009 720 omnibus
1030 645 1087 719 his
1136 642 1203 714 Dei
1231 644 1352 735 eloqui
1380 665 1420 712 ac
1447 641 1649 734 praedicare
1679 655 1883 732 coeperunt.
1947 639 2125 731 Adporuit

96 758 296 839 aerumnis,
327 757 459 850 quibus
481 767 627 847 propter
649 767 827 846 peecatum
848 775 1013 844 oppressa
1037 764 1088 820 est
1136 761 1221 818 tnnc
1239 743 1393 836 Spiritus
1416 759 1556 816 sanetus
1580 745 1645 814 sub
1669 745 1783 834 specie
1806 743 1968 812 flammae
1992 767 2031 812 ac
2053 743 2125 810 lin-

96 875 227 932 natura
254 855 429 942 humana,
462 871 496 927 et
524 870 702 926 aeternam
730 853 880 932 salntem
909 855 1087 946 vitamque
1136 871 1305 936 guarum,
1337 861 1371 918 et
1392 847 1505 937 prima
1527 846 1624 914 illius
1647 845 1890 937 virtusatque
1910 843 2061 914 efficacia
2085 844 2123 912 in

96 963 205 1034 nobis
234 961 350 1030 offert.
418 957 520 1029 Misit
547 959 592 1027 ad
622 981 687 1026 nos
718 957 876 1026 eiusdem
905 955 1087 1025 doctrinae
1137 950 1198 1018 illa
1228 949 1395 1018 varietate
1424 949 1628 1037 linguarum
1659 971 1733 1016 sese
1761 947 1931 1018 ostendit:
1963 945 2039 1016 Deo
2062 968 2125 1036 per

94 1064 251 1135 nuncios
273 1071 313 1130 a'c
334 1060 534 1145 ministros,
574 1059 730 1149 primum
750 1071 889 1128 sanctos
911 1070 1026 1149 patres
1048 1079 1088 1125 ac
1135 1047 1204 1120 hoc
1243 1051 1357 1141 ipsnm
1389 1050 1624 1139 significante,
1664 1049 1804 1142 qualem
1836 1044 2049 1131 Ecclesiam,
2090 1059 2125 1114 et

95 1161 311 1256 Prophetas:
337 1162 435 1232 misit
455 1163 597 1231 tandem
619 1173 799 1230 aeternum
816 1173 923 1252 atque
940 1157 1085 1228 unicum
1136 1153 1239 1246 quale
1252 1174 1419 1239 regnum,
1445 1167 1478 1222 et
1493 1177 1563 1244 quo
1579 1147 1685 1220 modo
1701 1151 1736 1220 id
1754 1151 1848 1220 inter
1861 1145 2024 1218 homines
2038 1172 2125 1217 con-

95 1268 213 1338 filium
238 1288 343 1336 snum
363 1263 558 1334 Dominum
580 1285 620 1332 ac
642 1262 900 1352 redemptorem
925 1273 1085 1330 nostrum
1136 1267 1341 1343 gregaturus
1356 1268 1461 1338 esset,
1487 1276 1613 1342 nempe
1628 1276 1690 1344 per
1705 1252 1917 1335 doctrinam,
1944 1249 2126 1320 cuinsmi-

96 1368 217 1438 lesum
233 1361 433 1445 Christum,
456 1378 496 1434 ut
511 1365 541 1432 is
558 1363 697 1432 victime
714 1385 778 1452 pro
794 1359 1087 1453 peccatisnostris
1137 1357 1246 1437 nistra
1263 1355 1384 1443 lingua
1401 1368 1488 1425 esset
1505 1355 1635 1427 futura.
2150 1370 2153 1377 ⁴

95 1472 215 1553 fieret,
248 1491 287 1537 ac
315 1491 381 1537 nos
408 1467 595 1536 decadem
620 1464 801 1534 voluntate
823 1463 957 1534 aeterni
980 1459 1087 1553 patris
1237 1452 1328 1526 Cum
1344 1457 1453 1546 igitur
1466 1456 1569 1525 aliter
1583 1451 1650 1536 hoc
1663 1469 1802 1526 tantum
1818 1456 1954 1526 bonum
1969 1453 2126 1544 accipere

95 1574 272 1640 edoceret.
324 1565 489 1660 Eumque
508 1566 692 1635 hominem
708 1564 804 1648 fieri,
830 1560 984 1634 humana
1002 1586 1088 1632 voce
1137 1583 1211 1628 non
1240 1559 1432 1649 possimus,
1464 1581 1571 1650 quam
1598 1557 1768 1632 beneficio
1796 1557 1969 1626 sermonis
1997 1568 2031 1624 et
2054 1555 2127 1624 lin-

96 1673 205 1742 nobis
226 1670 345 1763 loqui,
371 1683 406 1738 et
427 1669 569 1761 quidem
588 1667 721 1738 aeterni
735 1670 845 1758 patris
860 1667 1009 1738 verbum
1024 1688 1088 1733 vo-
1137 1683 1242 1752 guae,
1274 1673 1315 1730 ut
1345 1661 1450 1730 divus
1472 1657 1604 1728 Paulus
1632 1659 1701 1744 ait,
1734 1659 1819 1728 fides
1842 1672 1895 1730 est
1918 1682 1958 1727 ex
1983 1657 2125 1726 auditu:

97 1774 173 1843 cari
194 1773 326 1854 voluit,
358 1783 399 1841 ut
419 1769 616 1840 doctrinam
642 1767 752 1858 ipsios
775 1769 960 1860 praecipue
984 1765 1088 1836 nobis
1136 1761 1263 1832 merito
1279 1762 1512 1851 magnifacere
1525 1761 1691 1830 debemus
1706 1761 1809 1830 istam
1826 1761 1983 1830 nobilem
2000 1781 2127 1843 arcam,

96 1875 374 1945 commendaret.
435 1869 490 1941 Ac
512 1882 611 1962 pater
632 1870 707 1960 ipse
728 1871 772 1938 de
791 1871 890 1940 coelo
911 1866 1088 1960 praecepit
1138 1864 1175 1932 in
1191 1886 1259 1957 qua
1272 1877 1391 1934 tantus
1401 1857 1586 1932 thesaurus
1596 1862 1769 1953 repositus
1779 1863 1994 1946 adservatur,
2020 1883 2126 1953 qnam
2216 1915 2217 1918 η

96 1979 218 2067 ipsum
248 1974 375 2046 audiri.
441 1970 523 2059 Quo
552 1984 710 2060 tempore
739 1993 810 2040 une
840 1995 922 2042 cum
951 1968 1088 2060 Spiritu
1137 1965 1200 2059 qui
1221 1965 1421 2060 negligunt,
1450 1959 1487 2032 hi
1511 1987 1627 2058 neque
1650 1960 1815 2036 thesauro
1839 1965 2039 2054 potientur,
2066 1963 2127 2030 sed

96 2090 222 2148 sancto
243 2077 282 2143 in
305 2073 480 2166 baptismo
497 2067 632 2146 Christi
654 2093 691 2140 sc
709 2072 966 2150 manifestavit,
989 2071 1089 2140 acde
1136 2089 1210 2138 true
1232 2091 1311 2136 eum
1337 2089 1437 2157 capsa
1462 2066 1578 2156 ipsum
1601 2089 1743 2159 quoque
1759 2065 1931 2136 amittent.
1984 2064 2127 2153 Quanta

98 2179 200 2248 coelo
226 2177 408 2273 clamavits
440 2172 548 2243 Hunc
566 2173 694 2242 audite.
747 2171 910 2266 Denique
925 2168 1089 2243 Christus
1137 2193 1222 2238 vero
1239 2180 1273 2238 et
1288 2193 1396 2260 quam
1412 2181 1500 2238 tetra
1518 2167 1736 2256 ingratitudo
1752 2181 1820 2250 est,
1847 2181 1943 2238 tanta
1960 2168 2054 2234 dona
2071 2165 2128 2232 di-

98 2283 191 2370 ipse,
222 2301 301 2348 eum
324 2303 343 2346 a
367 2274 528 2355 ludaeis,
561 2275 642 2368 quis
664 2289 770 2359 esset,
802 2275 1090 2363 interrogaretur,
1138 2270 1220 2339 vina
1247 2269 1446 2359 negligere?
1479 2281 1610 2363 quanta
1632 2269 1860 2354 infoelicitas,
1891 2263 1947 2338 his
1970 2268 2129 2337 excidere

98 2376 178 2453 lob.
202 2383 237 2453 B.
268 2378 470 2470 respondit,
514 2397 551 2445 se
578 2399 724 2467 prorsus
751 2376 849 2446 aliud
880 2370 974 2444 nihil
1006 2397 1090 2458 esse,
1137 2397 1177 2442 ac
1192 2371 1378 2442 frustrari?

98 2505 207 2576 quam
231 2505 312 2551 cum
334 2479 394 2573 qui
416 2480 623 2572 loqueretur
640 2477 742 2565 ipsis:
774 2473 842 2549 hoc
866 2491 935 2561 est,
967 2478 1090 2545 docto-
1239 2470 1467 2542 Ροττοιίτῑετ
1489 2471 1646 2562 linguas,
1674 2469 1826 2556 Graeca,
1859 2471 1933 2540 sive
1952 2468 2128 2560 multipli-

97 2608 175 2652 rem
202 2595 307 2674 atque
328 2579 500 2650 nuncium
522 2578 662 2649 consilii
683 2603 724 2648 ac
745 2579 938 2650 voluntatis
954 2577 1089 2648 aeterni
1138 2597 1213 2644 cero
1240 2574 1437 2644 doctrinam
1458 2587 1672 2665 spectemus,
1703 2597 1809 2666 quam
1832 2570 1928 2644 Dens
1951 2595 2014 2664 per
2038 2567 2129 2638 hanc

96 2683 300 2777 patrissui.
350 2677 520 2752 Eiusdem
541 2679 724 2751 doctrinae
740 2681 936 2769 vulgandae
951 2703 992 2748 ac
1008 2702 1090 2768 pro-
1138 2677 1295 2766 linguam
1317 2671 1475 2747 humano
1499 2698 1625 2764 genere
1645 2674 1858 2766 impertivit,
1890 2699 1952 2746 sen
1975 2672 2128 2742 suavita·

97 2785 281 2878 pagandae
301 2783 542 2875 provinciam,
566 2776 730 2852 Christus
750 2796 828 2873 post
847 2805 882 2849 se
898 2777 1090 2871 Apostolis,
1138 2792 1209 2847 tem
1241 2800 1280 2846 ac
1308 2777 1536 2866 elegantiam,
1573 2777 1676 2848 facile
1705 2777 1860 2868 primum
1888 2779 2005 2846 locum
2034 2773 2129 2844 obti-

96 2909 294 2979 eurumque
317 2883 521 2975 discipulis,
543 2905 655 2975 usqua
677 2885 762 2952 dum
785 2879 842 2952 hic
858 2883 956 2952 orbis
972 2893 1090 2960 staret,
1139 2876 1247 2950 nebit.
1839 2893 1842 2900 ⁴

97 2987 295 3060 mandavit.
352 2981 400 3055 llt
422 2987 517 3077 quod
540 2985 781 3054 inenarrabile
803 2984 1013 3054 miraculum
1040 2996 1091 3052 est
1140 3008 1144 3015 ·
1240 2977 1330 3048 Nam
1354 2977 1509 3069 primurn
1531 2974 1615 3050 huic
1632 2980 1775 3070 linguae
1791 2977 1887 3054 Deus
1903 3002 2038 3048 novum
2058 2975 2131 3047 Te-

97 3088 308 3162 clementiae
329 3085 732 3171 achonitatisdivinae,
754 3099 886 3156 tantam
903 3080 1090 3156 huiusdo-
1140 3093 1370 3164 stamentum,
1403 3074 1471 3150 hoc
1500 3095 1570 3162 est,
1603 3105 1679 3150 earn
1707 3081 1926 3160 doctrinam,
1960 3080 2060 3151 cuius
2085 3080 2131 3150 ad
2172 3139 2185 3150 .

97 3191 235 3263 etrioae
250 3188 323 3256 vim
339 3209 413 3256 esse
425 3188 557 3270 voluit,
583 3199 623 3256 ut
638 3188 740 3256 nullo
755 3187 826 3256 alio
840 3189 966 3271 modo,
991 3187 1091 3256 nulla
1140 3206 1206 3253 nos
1228 3181 1400 3252 nuncium
1420 3205 1460 3252 ac
1476 3177 1666 3254 Doctorem
1688 3197 1869 3254 aeternum
1891 3182 2003 3251 filium
2028 3204 2132 3250 suum

96 3291 256 3374 ratione,
280 3284 442 3360 homines
466 3289 511 3357 ab
532 3300 673 3358 aeterna
695 3303 811 3360 morte
832 3288 997 3373 liberari,
1020 3287 1089 3356 sal·
1139 3283 1255 3369 misit,
1282 3284 1511 3354 concredidit.
1563 3283 1654 3357 Cum
1675 3287 1771 3354 enim
1795 3285 1949 3377 populus
1967 3281 2132 3353 Iudaicus

97 3394 209 3488 vique
231 3391 308 3460 fieri
330 3415 437 3484 quam
458 3413 522 3481 per
544 3384 612 3459 hoc
637 3391 786 3460 verbum
803 3403 961 3481 possent.
1012 3386 1092 3458 Hoc
1139 3398 1285 3478 propter
1304 3383 1596 3474 ingratitudinem
1619 3411 1638 3456 a
1661 3387 1772 3474 gratia
1795 3386 1917 3456 divina
1940 3385 2133 3467 excidisset,

98 3495 209 3566 unico
237 3495 342 3562 modo
365 3489 461 3562 Deus
484 3493 722 3577 innotescere,
755 3492 996 3562 sementibus
1021 3485 1091 3559 hu·
1141 3501 1245 3580 atque
1272 3487 1368 3556 iuxta
1396 3499 1554 3557 veterum
1587 3490 1812 3558 oraculorum
1842 3486 2131 3578 praedictionem,

98 3595 218 3666 manis
231 3594 331 3664 illabi
345 3594 440 3678 vult,
464 3609 497 3665 et
513 3617 576 3683 per
590 3593 739 3662 eundem
754 3595 901 3662 modum
916 3590 1090 3683 Spiritum
1141 3588 1305 3679 gentibus
1325 3581 1411 3656 haec
1426 3588 1592 3682 mysteria
1610 3587 1816 3660 clementiae
1832 3587 1975 3656 divinae
1990 3609 2133 3658 annun-

98 3720 205 3768 snum
231 3707 391 3766 sanctum
415 3695 583 3787 inspirat,
610 3718 671 3786 per
689 3719 795 3788 quem
812 3695 850 3762 io
868 3708 1008 3786 pectore
1022 3687 1092 3762 hu·
1141 3690 1268 3760 cianda
1285 3703 1390 3782 atque
1405 3687 1587 3759 offerenda
1603 3705 1716 3760 essent
1724 3743 1737 3776 ,
1765 3704 1798 3760 et
1815 3687 2034 3760 Graecorum
2052 3711 2132 3758 cum
2158 3675 2165 3690 ’

99 3823 209 3868 mano
229 3819 341 3866 novos
363 3811 481 3866 motus
507 3797 595 3880 ciet,
628 3819 760 3867 novam
783 3797 897 3866 lucem
923 3794 1093 3880 accendit,
1141 3792 1259 3871 natio,
1292 3803 1368 3862 tum
1397 3791 1517 3881 lingua
1539 3792 1643 3882 longe
1667 3794 1807 3886 lateque
1828 3805 1913 3861 tunc
1937 3787 2058 3860 Asiam
2080 3803 2134 3858 at-

99 3925 143 3970 ae
172 3921 288 3990 saepe-
301 3911 467 3982 testatur,
497 3921 574 3966 non
603 3897 691 3966 alibi
714 3893 907 3967 Ecclesiam
932 3920 1033 3968 snam
1058 3908 1093 3966 et
1142 3918 1210 3988 que
1226 3890 1408 3984 Europam
1429 3908 1677 3985 occupaverat:
1704 3894 1820 3964 voluit
1833 3892 1930 3963 Deus
1951 3887 2043 3961 hanc
2058 3891 2131 3960 lin-

100 4001 295 4071 electorum
322 4013 441 4069 coetus
465 4021 556 4082 esse,
582 3999 769 4092 quamubi
785 3995 853 4069 hoc
869 3999 1018 4070 verbum
1035 4021 1092 4066 so-
1136 4019 1246 4086 guam
1262 3995 1337 4066 eius
1352 3996 1536 4066 doctrinae
1553 3997 1776 4088 potissimum
1792 3996 1960 4076 nunciam
1976 4007 2010 4065 et
2024 3993 2136 4062 mini-

99 4115 182 4184 nat,
208 4102 358 4171 discitur
379 4125 420 4170 ac
440 4102 598 4171 docetur.
651 4097 726 4188 Qui
749 4125 824 4170 non
844 4101 974 4171 dixerit
995 4100 1092 4170 iuxta
1143 4112 1250 4169 stram
1267 4119 1350 4166 esse.

99 4205 251 4273 verbum
280 4198 368 4285 hoc,
400 4226 475 4270 non
500 4201 569 4271 erit
595 4201 628 4270 ei
658 4201 829 4272 matutina
860 4202 942 4284 lux,
974 4201 1093 4294 inquit
1247 4193 1305 4268 Ad
1328 4201 1609 4288 cognoscendum
1631 4199 1741 4290 igitur
1761 4209 1867 4294 atque
1885 4211 1979 4269 recte
1998 4194 2135 4268 intelli-

98 4305 239 4376 Esaias.
289 4302 468 4396 Tantiqoe
482 4303 566 4372 facit
581 4303 873 4373 clementissimos
888 4317 923 4373 et
937 4304 1093 4393 optimus
1143 4301 1297 4390 gendum
1336 4323 1469 4370 novum
1509 4299 1798 4387 Testamentum,
1844 4302 1941 4394 quod
1976 4299 2136 4370 corstinet

98 4397 198 4478 Dens
220 4401 328 4475 huius
344 4405 526 4476 doctrinae
540 4404 695 4474 studium
711 4427 751 4474 ac
765 4405 1027 4489 tractationem,
1052 4415 1093 4474 ut
1144 4397 1377 4490 llivangelinm
1398 4397 1554 4489 Christi,
1580 4401 1728 4474 omnino
1752 4426 1841 4495 opus
1862 4416 1913 4472 est
1933 4398 2041 4472 huius
2064 4399 2135 4468 lin-

98 4509 197 4578 filius
218 4506 353 4576 aeterni
376 4508 488 4598 patris
510 4529 552 4575 ex
569 4502 645 4576 Deo
667 4504 745 4595 ipso
766 4506 860 4577 dicat
884 4520 986 4576 natos
1007 4529 1093 4592 esse,
1143 4526 1232 4594 guae
1250 4503 1395 4577 anxilio.
1454 4502 1544 4572 Nam
1567 4529 1647 4575 cum
1672 4519 1705 4574 et
1728 4506 1822 4576 lilius
1843 4503 1909 4576 Dei
1933 4505 2136 4594 redemptor

99 4609 165 4704 qui
188 4604 256 4678 hoc
277 4609 425 4679 verbum
447 4606 613 4686 audiant,
639 4606 855 4678 meditentur
875 4632 915 4677 ae
929 4621 1091 4679 tractent.
1143 4618 1282 4691 noster,
1306 4605 1344 4674 io
1363 4601 1431 4676 hoc
1453 4604 1546 4675 libro
1569 4609 1614 4678 de
1635 4609 1741 4680 rebus
1763 4607 1991 4687 coelestibus,
2016 4607 2059 4673 de
2079 4627 2136 4673 re-

99 4710 185 4800 Qno
214 4709 329 4800 elogio
359 4709 445 4804 qnid
477 4708 635 4793 dulcius,
666 4708 825 4779 maiusve
855 4709 927 4782 dici
947 4724 1008 4780 aut
1031 4734 1093 4780 co·-
1144 4729 1214 4798 gno
1234 4706 1346 4799 patris
1367 4707 1442 4790 sui,
1467 4731 1621 4802 suoque,
1649 4711 1692 4778 de
1716 4721 1856 4780 aeterna
1880 4709 1991 4780 salute
2015 4719 2136 4778 nostra

99 4811 205 4905 gitari
224 4810 361 4901 potest?
1144 4811 1192 4882 ita
1207 4808 1463 4900 significanter,
1488 4809 1535 4882 ita
1551 4811 1706 4882 dilucide
1720 4811 1961 4892 condonetur,
1982 4807 2137 4880 utnulla

206 4911 307 4983 lianc
333 4934 418 4982 vero
445 4911 672 4982 foelicitatem
702 4923 837 4982 tantam
861 4924 902 4982 rt
924 4912 1093 5006 consequi
1144 4925 1321 4996 creatura,
1348 4912 1470 4982 nullus
1492 4912 1547 4981 vel
1565 4908 1743 5002 Angelus,
1770 4914 1826 4982 vel
1844 4907 1953 4984 homo
1970 4910 2018 4982 ita
2036 4909 2137 5003 loqui

100 5014 294 5107 possimus,
329 5037 448 5084 amare
477 5027 511 5082 et
540 5013 775 5104 magnifacere
808 5014 928 5084 omnia
959 5014 1093 5086 instru-
1144 5012 1377 5106 potneritset
1392 5011 1743 5106 ApostoliaSpiritu
1759 5029 1880 5086 sancto
1895 5012 2025 5098 afflati,
2051 5035 2137 5082 ean-

98 5131 219 5190 menta
233 5117 419 5196 debemus,
444 5137 509 5207 per
521 5138 611 5208 quae
626 5115 692 5186 iste
706 5109 893 5186 thesaurus
908 5139 1093 5207 compara·
1143 5117 1224 5188 dem
1240 5114 1279 5184 in
1296 5115 1446 5184 dicendo
1464 5116 1580 5186 lucem
1594 5117 1728 5187 imitari
1745 5119 1978 5200 studuerunt,
2004 5127 2039 5184 et
2053 5137 2135 5182 ora-

98 5234 179 5303 tor,
204 5219 298 5289 inter
318 5240 409 5310 quae
429 5217 633 5306 lingonum
653 5217 809 5306 cognitio
830 5218 956 5290 merito
977 5218 1092 5306 prima
1143 5218 1277 5289 tionem
1307 5241 1406 5288 suam
1431 5219 1476 5286 ad
1496 5213 1631 5290 Christi
1654 5218 1889 5310 praeceptoris
1913 5217 1969 5288 sui
1994 5215 2138 5286 dicendi

98 5333 275 5392 censetur.
328 5316 368 5390 ld
398 5319 492 5412 quod
517 5315 615 5389 Deus
643 5317 749 5388 etiam
780 5321 818 5390 in
846 5341 942 5390 saera
963 5317 1094 5390 Pente-
1143 5320 1308 5408 figuram,
1349 5343 1455 5412 quarn
1477 5321 1636 5410 proxime
1655 5321 1876 5394 effinxerunt.
1928 5317 2137 5412 Multaeque

99 5437 195 5495 coste
222 5420 399 5506 ostendit,
431 5443 512 5491 cum
540 5419 578 5490 in
609 5421 766 5492 adventu
795 5420 951 5514 Spiritus
982 5423 1094 5494 sancti
1142 5417 1201 5492 bic
1218 5434 1301 5494 sunt
1316 5443 1435 5507 voees,
1460 5421 1592 5494 multae
1608 5422 1740 5512 figurae
1755 5447 1795 5494 ac
1811 5418 1977 5516 phrases,
2002 5421 2137 5494 multae
