4616 5816
78 247 136 324 su
467 211 469 218 '
620 233 784 316 onon
821 233 900 312 nn
924 169 1207 360 ,encoma
1239 167 1510 312 sunvnn.
2012 238 2088 314 sss

77 418 216 490 libertate
227 403 384 484 aliorum
392 408 527 484 bellum
543 422 651 502 gerat,
674 411 804 506 detque
820 433 976 503 operam,
997 433 1044 480 ne
1094 403 1243 502 hospes,
1272 407 1317 478 sd
1341 429 1447 502 quem
1470 420 1585 482 tutum
1608 407 1655 480 sit
1679 407 1829 498 diverti,
1864 413 1960 504 apud
1982 436 2088 507 quem

78 519 156 614 quod
177 527 248 586 toto
272 513 359 585 orbe
383 527 558 586 terrarum
580 513 752 586 iniustum
777 511 967 605 imperium
987 511 1046 598 sit,
1095 533 1240 582 securus
1261 510 1475 604 acquiescat,
1509 509 1572 605 qui
1597 512 1782 599 comitate,
1816 515 1879 607 qui
1909 515 2091 586 mundicia

78 637 106 692 ct
118 619 237 712 ubique
258 617 327 702 las,
353 617 429 699 lex,
454 615 699 710 potentissima
725 615 817 702 sint,
843 615 893 687 ita
910 614 1046 686 iudica·
1096 611 1235 684 itineris
1249 613 1405 682 taedium
1422 611 1557 682 leniat?
1592 609 1691 684 Gens
1704 614 1778 706 ipsa
1796 617 1944 687 minime
1961 617 2091 688 idonea

76 735 146 794 mnt
161 717 299 806 Gracci,
318 742 393 789 non
409 719 507 790 aliud
525 718 639 788 maius
655 718 865 788 beneficium
882 712 1046 788 homines
1097 715 1142 786 ad
1156 715 1370 799 fallendum,
1391 713 1571 806 inprimis
1592 717 1720 806 gaudet
1740 716 1847 788 fidem
1867 741 1967 789 suam
1988 741 2091 812 pere-

76 821 260 896 hominibus
287 835 463 914 praestare
488 843 610 912 posse,
644 844 750 914 quam
773 822 870 914 quod
891 819 1046 912 accepis·
1097 817 1210 908 griuis
1227 816 1383 910 probari.
1417 815 1477 888 Sic
1492 817 1680 888 intersuos
1696 819 1802 889 ctiam
1819 822 1965 906 vivunt,
1989 822 2090 892 nulla

76 940 141 998 sent
159 949 179 996 a
198 921 382 996 Romanis.
442 921 543 1012 Quid
568 922 664 994 enim
690 935 782 994 certa
807 946 891 1014 pace
912 921 1046 1011 gratius
1098 919 1267 993 diuturna
1290 919 1372 988 odia
1399 932 1501 1004 sunt,
1530 920 1651 988 nullae
1677 921 1845 1008 insidiae;
1886 947 2092 1017 quanquam

77 1043 133 1113 cst,
166 1026 368 1120 praesertim
394 1025 425 1094 si
457 1025 647 1096 coniuncta
682 1023 728 1097 sit
753 1049 834 1095 cum
861 1022 1048 1095 libertate?
1099 1021 1193 1092 euim
1216 1021 1360 1112 ingenia
1385 1020 1457 1092 sint
1479 1022 1671 1108 ferociora,
1697 1037 1815 1094 tamen
1830 1025 2092 1117 facilcplacan-

76 1129 144 1200 Non
165 1129 279 1198 minus
303 1127 412 1218 igitur
436 1127 554 1198 laudis
582 1127 621 1196 in
644 1125 838 1198 Germania
866 1140 1048 1197 merentur
1099 1138 1169 1206 tur,
1193 1137 1228 1195 et
1242 1123 1325 1217 quia
1341 1117 1436 1192 nihil
1452 1123 1675 1195 dissimulare
1691 1126 1905 1212 didicerunt,
1927 1127 2093 1198 insidiari

75 1229 184 1313 Sucvi,
208 1231 270 1324 qui
285 1253 350 1300 suo
369 1229 544 1322 praesidio
560 1253 681 1322 pacem
696 1230 776 1299 aliis
794 1229 1049 1320 gentibussine
1099 1251 1172 1296 non
1188 1238 1335 1300 norunt.
1368 1223 1556 1296 Caeterum
1571 1251 1646 1296 nou
1662 1229 1780 1299 deesse
1795 1229 1844 1299 cis
1866 1229 2093 1320 ingeniorum

75 1333 190 1404 iactura
202 1333 374 1403 libertatis
390 1355 511 1402 earum
527 1330 714 1417 muniunt,
737 1356 844 1426 quam
859 1333 1048 1402 mereban-
1080 1329 1348 1414 ·acrimoniam,
1388 1329 1473 1396 inde
1507 1331 1673 1421 adparet,
1718 1333 1815 1424 quod
1846 1332 2094 1404 celeberrimos

75 1449 137 1522 tur,
159 1435 210 1504 vel
227 1429 484 1520 Athenienses,
508 1435 565 1504 vel
582 1434 733 1526 populus
745 1432 932 1507 Romanus
953 1434 1048 1524 apud
1098 1431 1321 1524 maximeque
1344 1445 1508 1501 strenuos
1533 1445 1744 1503 mercatores
1763 1429 1916 1526 bahent.
1968 1433 2093 1527 Neque

75 1535 210 1608 Graecos
224 1536 448 1606 immunitate
464 1537 632 1607 donatos:
675 1559 759 1608 nam
775 1551 829 1607 ter
844 1560 863 1606 a
878 1533 1049 1606 Maximi·
1100 1535 1227 1604 desunt
1247 1533 1318 1618 ibi,
1351 1531 1469 1626 quiet
1492 1547 1614 1604 ament
1636 1549 1671 1604 ct
1695 1535 1815 1608 colant
1836 1537 1974 1626 literas;
2007 1531 2094 1606 haec

74 1641 147 1710 liani
166 1653 277 1710 morte
296 1635 529 1708 Germaniam
548 1636 712 1708 maximis
734 1639 900 1729 periculis
922 1659 1049 1729 magna
1100 1637 1195 1706 enirn
1218 1635 1315 1708 natio
1331 1635 1520 1706 Albertum
1545 1637 1763 1727 procreavit,
1796 1663 1867 1732 quo
1894 1664 1936 1710 ex
1959 1638 2093 1710 nostris

75 1741 243 1812 faelicitate
267 1740 521 1810 liberaverunt.
580 1737 691 1812 Favet
715 1741 811 1810 enim
835 1737 932 1811 Deus
957 1741 1047 1810 iusta
1101 1733 1307 1810 hominibus
1340 1761 1445 1808 nemo
1485 1738 1688 1808 uberiorem
1722 1741 1938 1812 naturalium
1972 1763 2093 1810 rerum

75 1845 151 1914 bella
165 1868 227 1937 pro
243 1843 388 1936 publica
405 1843 517 1914 salute
538 1841 754 1932 gerentibus.
807 1841 928 1932 Quare
951 1856 1048 1934 grata
1100 1840 1339 1932 cognitionem
1355 1835 1490 1914 habuit.
1542 1834 1720 1910 Nonnihil
1735 1867 1818 1914 vero
1842 1843 1957 1914 laudis
1970 1842 2095 1914 intulit

74 1946 162 2017 nobis
180 1945 348 2016 memoria
369 1943 512 2016 Suevici
533 1944 686 2014 foederis
706 1968 779 2015 esse
802 1945 919 2017 debet.
971 1943 1049 2014 Hoc
1101 1969 1142 2016 eo
1158 1940 1353 2034 ctCapnio,
1369 1955 1528 2012 versatus
1544 1942 1584 2012 in
1600 1939 1746 2014 Graecis
1762 1960 1797 2017 et
1811 1944 1997 2017 Hebraicis
2011 1946 2094 2014 lite·

76 2048 157 2118 enim
176 2049 313 2140 ocium,
352 2073 424 2142 quo
445 2045 518 2118 frui
542 2046 643 2116 vobis
666 2042 838 2118 hactenus
863 2047 984 2132 licuit,
1015 2059 1050 2116 et
1100 2047 1150 2116 ris
1165 2044 1386 2116 difficillimis
1407 2044 1646 2138 temporibus,
1673 2059 1803 2118 etcum
1828 2049 2094 2144 peregrinarum

76 2144 147 2220 haec
160 2152 292 2236 studia,
317 2173 407 2244 quae
429 2149 550 2220 omnia
572 2147 676 2220 nobis
689 2149 735 2218 de
756 2149 922 2220 manibus
945 2173 1049 2220 excu-
1100 2149 1304 2239 linguarum
1320 2147 1438 2218 studia
1454 2149 1618 2218 nondum
1634 2148 1674 2216 in
1688 2145 1790 2220 ltalia
1805 2152 1888 2222 satis
1912 2151 2094 2228 florerent.

75 2251 214 2334 liuntur,
247 2251 357 2322 simul
380 2265 486 2346 atquc
509 2249 640 2343 aliquis
662 2264 779 2324 motus
800 2252 968 2322 bellicum
992 2275 1049 2322 ca·
1102 2248 1233 2342 Accepi
1248 2249 1343 2318 enim
1357 2249 1406 2319 ita
1418 2247 1592 2320 Venetum
1607 2253 1786 2344 quendam
1804 2268 1980 2324 oratorem
2006 2253 2095 2324 olim
2218 2305 2222 2332 ,
2267 2325 2271 2333 ,

76 2355 290 2448 nerccoepit,
316 2354 468 2424 istorum
490 2354 598 2422 armis
613 2353 755 2424 defensa
774 2366 869 2426 sunt.
923 2351 1050 2443 Quan-
1101 2357 1146 2424 de
1163 2377 1203 2423 co
1218 2351 1445 2444 praedicasse.
1487 2350 1579 2421 Nam
1598 2375 1679 2421 cum
1699 2355 1795 2446 apud
1811 2353 1997 2426 Caesarem
2012 2353 2096 2426 Fri-

76 2469 138 2527 tum
158 2471 276 2527 autem
299 2457 456 2528 studium
484 2454 537 2525 rei
560 2454 725 2526 militaris
746 2455 852 2526 sitin
874 2450 913 2526 ca
935 2469 1050 2548 gente,
1102 2455 1261 2527 dericum
1278 2451 1430 2544 Legatus
1447 2454 1503 2524 sui
1520 2453 1697 2547 Principis
1713 2471 1801 2527 esset
1816 2456 1972 2550 Capnio,
1994 2482 2094 2528 cum-

76 2571 188 2652 quanta
203 2559 338 2644 virtus,
363 2570 496 2654 quanta
513 2555 659 2628 scientia
670 2559 827 2646 ‘gerendi
844 2557 950 2645 belli,
976 2582 1051 2629 non
1084 2583 1171 2654 ,que
1187 2555 1342 2626 Venetae
1359 2555 1511 2627 civitatis
1533 2559 1753 2644 oratoribus,
1786 2559 1850 2654 qui
1865 2585 1929 2654 per
1951 2559 1987 2630 id
2004 2573 2095 2632 tem-

75 2660 247 2750 iguoratis3
275 2684 390 2755 neque
409 2658 589 2730 enimalia
605 2657 701 2730 natio
717 2659 927 2730 celebriores
944 2662 1051 2732 duces
1102 2683 1169 2752 pus
1199 2682 1240 2728 co
1266 2671 1454 2742 venerant,
1494 2659 1697 2752 frequenter
1729 2677 1838 2747 esset,
1872 2662 2010 2738 accidit.
2027 2661 2096 2730 ali·

75 2756 173 2834 babet.
222 2763 339 2834 Porro
362 2787 443 2833 cum
466 2760 554 2831 foris
569 2758 679 2832 Suevi
703 2773 739 2831 et
761 2762 970 2834 fortitudine
992 2762 1051 2832 in·
1103 2763 1265 2860 quando,
1297 2775 1338 2831 ut
1370 2757 1508 2850 Capnio
1542 2761 1634 2831 forte
1666 2759 1925 2854 pulcherrimae
1955 2767 2093 2836 Graece

77 2863 239 2948 credibili,
278 2878 313 2936 et
336 2887 474 2936 summa
492 2861 631 2933 iusticia
656 2861 695 2931 in
713 2865 944 2935 defendendis
963 2865 1052 2935 vici·
1102 2865 1274 2958 scriptum
1292 2856 1531 2934 Euchiridion
1552 2863 1641 2936 rsovi
1654 2868 1857 2937 testamenti
1872 2868 1912 2936 in
1927 2868 2095 2938 manibus

75 2967 121 3036 nis
144 2981 309 3053 utantur,
349 2966 437 3060 quid
466 2965 670 3037 dubitemus
691 2965 813 3060 quales
834 2967 933 3036 domi
955 2967 1052 3038 sint?
1102 2963 1257 3038 haberet.
1302 2962 1410 3054 Quod
1427 2989 1507 3036 cum
1522 2965 1667 3036 vidisset
1683 2967 1859 3054 Venetus,
1884 2984 1919 3041 et
1931 2971 2096 3040 animad-

75 3066 140 3141 Nisi
161 3070 258 3140 enim
275 3069 373 3139 domi
398 3068 555 3138 civitates
578 3061 750 3138 haberent
771 3069 862 3139 bene
885 3085 1052 3156 moratas,
1103 3069 1281 3152 vertisset,
1307 3091 1382 3138 non
1406 3090 1479 3136 esse
1502 3069 1628 3138 rudem
1651 3065 1870 3143 Graecarum
1891 3073 2095 3164 linguarum

17 3181 18 3188 ’
76 3195 128 3241 uec
145 3185 324 3266 sumptus,
357 3193 423 3240 nce
447 3169 578 3240 milites
600 3184 842 3263 suppeterent:
878 3187 940 3243 aut
961 3197 1052 3266 quo·
1102 3171 1346 3264 Capnionem,
1391 3193 1584 3240 conversus
1623 3173 1667 3241 ad
1707 3195 1790 3244 suos
1824 3174 1991 3268 collegas,
2030 3175 2095 3244 ait:

76 3276 166 3345 modo
179 3276 314 3352 milites
329 3295 452 3366 parere
469 3271 597 3342 armati
613 3271 764 3359 scirent,
789 3273 852 3367 qui
869 3273 967 3344 domi
988 3298 1051 3367 pa·
1104 3273 1229 3344 Videte
1249 3295 1378 3366 quaeso
1401 3273 1439 3340 in
1462 3269 1656 3344 Germania
1685 3270 1781 3346 hunc
1804 3277 1922 3348 virum
1949 3289 2096 3369 propter

17 3443 18 3452 ,
75 3399 138 3444 rere
157 3377 296 3468 legibus
315 3399 390 3445 non
414 3373 647 3444 didicissent?
679 3388 741 3446 aut
760 3377 940 3470 quomodo
962 3377 1052 3448 tole·
1103 3375 1342 3466 coguitionem
1364 3373 1548 3444 literarum
1571 3375 1610 3444 in
1633 3377 1868 3450 admiratione
1890 3403 1980 3460 esse,
2007 3401 2097 3472 quas

75 3499 139 3548 rare
151 3480 298 3550 militiae
312 3475 564 3548 difficillimum
580 3477 752 3557 laborem,
779 3490 814 3546 ct
828 3499 934 3566 grave
950 3477 1052 3548 Mar·
1102 3477 1216 3551 nostri
1231 3491 1301 3546 tam
1317 3475 1546 3568 pertinaciter
1559 3491 1807 3552 contemnunt.
1858 3477 1907 3551 Et
1922 3479 2095 3551 nobilita·
2222 3477 2225 3482 ’

76 3579 111 3649 tis
125 3605 228 3674 opus,
250 3595 293 3653 ut
307 3579 457 3669 Vergilii
472 3579 589 3649 verbis
603 3593 694 3663 utar,
717 3577 749 3648 si
764 3580 956 3652 domestico
973 3581 1051 3650 ocio
1102 3581 1154 3652 vit
1177 3577 1324 3669 egregiis
1352 3579 1595 3648 monumentis
1617 3578 1783 3651 Sucviam
1804 3581 1993 3654 Stolilcrus
2012 3579 2095 3652 Ma·

76 3703 108 3752 ac
119 3681 199 3755 luxu
212 3681 429 3754 effoeminati
447 3681 587 3752 essent?
615 3679 760 3752 Habent
776 3681 884 3770 igitur
906 3697 941 3754 et
961 3683 1051 3754 civi·
1102 3678 1332 3760 thematicus,
1365 3680 1612 3772 cumprimis,
1645 3695 1680 3753 et
1699 3684 1851 3774 diligens
1873 3684 2096 3766 ecstaticus,

75 3795 166 3867 tates,
190 3787 329 3877 legibus
343 3810 384 3864 ac
398 3783 541 3854 iudiciis
557 3783 746 3874 diligenter
765 3786 992 3871 constitutas,
1015 3799 1051 3857 et
1102 3785 1204 3857 cuius
1219 3781 1303 3878 quia
1318 3781 1489 3854 beneficio
1506 3783 1667 3878 quotidie
1679 3787 1825 3873 utimur,
1843 3788 1930 3858 duxi
1944 3787 2019 3856 eius
2034 3781 2094 3856 hic

74 3889 330 3982 tranquillitatis
345 3887 503 3960 urbanae
517 3889 669 3956 tuendae
687 3909 770 3956 cura
784 3910 859 3957 non
873 3887 960 3958 alibi
976 3911 1051 3958 ma·
1102 3886 1321 3958 mentionem
1336 3908 1409 3955 esse
1423 3886 1637 3974 faciendam;
1664 3889 1771 3962 fastos
1785 3890 1883 3960 wenim
1898 3889 2092 3961 multorum

75 3985 121 4057 ior
140 4003 198 4062 est.
249 3989 324 4061 Lex
346 4002 398 4061 cst
416 3987 512 4058 enim
531 3989 570 4058 in
585 3987 745 4060 Suevicis
768 3989 938 4071 urbibus,
963 4003 1004 4061 ut
1021 3990 1050 4062 si
1102 4013 1280 4061 annorum
1302 3987 1454 4058 coniecit
1483 4002 1518 4058 et
1538 3989 1697 4080 digessit,
1727 3991 1766 4060 in
1789 3993 1921 4086 quibus
1948 4015 2095 4083 compo-

75 4087 106 4159 in
118 4092 187 4164 rixa
202 4092 317 4186 aliqui
331 4091 468 4182 gladios
483 4089 709 4176 strinxerint,
733 4115 773 4164 ac
788 4091 845 4161 vel
860 4116 968 4184 puer,
993 4093 1051 4162 vel
1102 4091 1230 4163 nendis
1245 4089 1316 4160 dici
1332 4111 1407 4159 non
1424 4103 1555 4182 potest,
1581 4107 1753 4184 quantum
1776 4094 1910 4166 laboris
1928 4093 2037 4166 suerit
2060 4093 2096 4163 ei

74 4195 286 4282 muliercula,
316 4193 440 4286 procul
464 4193 570 4264 etiam
593 4193 788 4264 inclamans
805 4217 925 4286 pacem
937 4195 1050 4286 impe·
1101 4189 1402 4278 exhauriendum
1428 4206 1480 4262 est
1497 4192 1591 4260 enim
1614 4193 1779 4266 immensi
1794 4197 1951 4287 negocii,
1976 4209 2094 4266 motus

74 4310 128 4382 ret,
150 4299 263 4390 capite
278 4297 462 4390 puniatur,
488 4295 686 4389 quiaudito
701 4295 846 4365 nominc
861 4297 969 4389 pacis,
994 4296 1050 4366 in·
1102 4298 1270 4392 syderum
1286 4307 1405 4366 exacte
1425 4308 1627 4387 supputare.
1673 4295 1782 4368 Nulla
1797 4311 1997 4392 temporum
2018 4298 2093 4368 dis·

74 4417 165 4488 super
175 4400 282 4470 ferire
296 4400 415 4471 audet.
467 4395 560 4469 Cum
575 4397 676 4468 nulla
699 4411 772 4468 tam
794 4421 914 4468 severa
935 4399 990 4468 lex
1011 4399 1050 4468 in
1098 4397 1270 4483 crimina,
1307 4397 1426 4466 nullas
1453 4397 1628 4468 mensium
1657 4400 1750 4470 vices
1781 4423 1984 4488 nossemus,
2022 4400 2094 4470 nisi

74 4499 196 4594 reliqna
222 4497 418 4572 Germania
445 4499 510 4582 sit,
547 4499 723 4572 aestimari
751 4513 884 4590 potest,
916 4515 1049 4598 quanta
1102 4495 1369 4572 hunclaborem
1385 4498 1442 4568 vir
1459 4499 1520 4568 ille
1537 4499 1692 4592 optimus
1713 4504 1927 4594 sumpsisset.
1978 4501 2093 4574 Porro

75 4599 244 4693 diligentia
267 4604 395 4695 vulgus
418 4602 616 4674 Suevorum
642 4593 881 4690 coherceatur.
931 4602 982 4676 Et
1004 4605 1050 4674 ad
1102 4603 1218 4674 simile
1231 4600 1402 4696 quiddam
1418 4603 1594 4693 pecudum
1610 4604 1703 4674 vitae
1719 4605 1845 4692 fuerit,
1870 4629 1945 4676 non
1960 4599 2093 4676 habere

74 4706 356 4800 tranquillitatem
376 4705 522 4777 urbium
553 4697 620 4773 hoc
648 4727 791 4798 quoquc
821 4706 923 4792 facit,
952 4708 1049 4801 quod
1102 4705 1318 4798 descriptum
1340 4727 1476 4774 annum
1506 4704 1544 4773 in
1567 4720 1660 4776 certa
1691 4707 1828 4800 spacia,
1859 4732 1933 4777 non
1956 4707 2094 4791 arandi,

74 4805 197 4878 urbana
216 4808 409 4882 multitudo
429 4807 549 4878 minus
568 4806 752 4901 aliquanto
773 4806 843 4876 ocii
866 4803 990 4892 habet,
1016 4823 1051 4880 ct
1101 4807 1260 4891 serendi,
1286 4805 1490 4898 plantandi,
1512 4819 1573 4878 aut
1588 4809 1738 4878 aliarum
1754 4834 1874 4880 rerum
1894 4811 2092 4880 insultem-

73 4906 231 4999 lmgalior
254 4925 325 4998 cst,
356 4935 462 5006 quam
486 4909 526 4978 in
551 4907 677 4980 vicinis
700 4908 916 4985 nationibus.
967 4907 1051 4980 Ma·
1100 4933 1186 5004 pora
1207 4903 1326 4983 nossa*x
1373 4905 1517 4978 Habent
1541 4923 1575 4980 et
1600 4910 1749 4982 artifices
1774 4911 2091 5002 ingeniosissimos;

74 5029 169 5098 snum
204 5013 259 5086 ibi
290 5014 404 5085 scelus
440 5024 511 5096 cst,
531 5073 533 5076 .
556 5025 591 5085 et
622 5011 850 5098 inusitatum,
893 5012 1050 5104 conspici
1101 5007 1138 5082 hi
1156 5011 1250 5083 enim
1274 5011 1446 5106 plasticen
1466 5011 1650 5103 sculpendi
1675 5027 1807 5096 artem,
1834 5039 1924 5108 quae
1945 5037 2092 5106 prorsus

75 5111 211 5206 ebrium,
261 5117 305 5188 in
329 5115 535 5186 diversoriis
555 5117 683 5204 magna
706 5113 903 5184 mundicias
920 5127 989 5196 est,
1015 5129 1051 5186 et
1100 5113 1226 5184 amissa
1248 5114 1383 5199 fuerat,
1425 5127 1660 5199 renovarunt,
1712 5113 1784 5186 Sed
1814 5117 1938 5186 desino
1969 5118 2090 5186 omnia

75 5211 148 5288 taes
161 5211 340 5311 hospitum
354 5241 504 5302 summa,
527 5241 592 5286 nec
608 5216 720 5307 magis
735 5215 833 5286 domi
850 5239 934 5288 suae
948 5241 1050 5308 pere-
1099 5216 1281 5311 persequi,
1305 5239 1389 5285 nam
1408 5237 1475 5305 ego
1495 5239 1571 5285 non
1593 5237 1715 5286 omnes
1737 5219 1878 5301 laudes,
1905 5221 1964 5290 sed
1987 5241 2093 5310 prac-

75 5315 173 5404 grint,
207 5345 314 5416 quam
336 5321 430 5413 apud
457 5321 540 5390 illos
561 5317 632 5392 tuti
650 5331 747 5390 sunt.
807 5316 912 5408 Quid
929 5333 1046 5390 autem
1098 5319 1218 5413 cipuas
1233 5317 1403 5392 Suevicac
1426 5317 1539 5408 gentis
1554 5341 1736 5388 recensere
1758 5321 1867 5390 volui.
1918 5318 2089 5409 Magnam

76 5421 195 5506 natiue
214 5423 371 5496 accidere
395 5419 636 5516 peregrinanti
665 5435 798 5513 potest,
833 5445 941 5517 quam
966 5423 1046 5494 talis
1097 5419 1440 5496 commendationem
1455 5415 1562 5492 habet
1574 5420 1711 5512 generis
1734 5422 1904 5496 nobilitas
1923 5436 1956 5494 st
1975 5420 2093 5490 maio-
