4614 5820
173 260 246 332 ss1
528 225 536 240 ‘
718 247 897 328 naen.
943 249 1019 328 nn
1050 251 1389 332 nronrrsrn
1426 253 1652 336 aucun
2050 246 2053 250 ’
2148 265 2219 344 oss

180 432 249 504 tiae
263 453 344 500 suas
365 425 555 499 sententias
569 427 822 498 accommodat.
872 424 922 500 Ut
937 421 1090 498 Athenis
1109 429 1177 498 do·
1225 429 1313 500 siam
1333 453 1434 502 suam
1454 455 1531 502 non
1555 429 1641 502 sinit
1663 429 1829 502 funditus
1846 433 1979 522 deleri,
2004 448 2040 508 et
2056 431 2160 520 haee,
2183 453 2221 507 ut

183 557 248 604 nec
262 532 375 604 Solon
390 528 540 623 praefuit
558 528 704 613 civitati,
728 529 842 600 valuit
856 528 976 620 legum
989 530 1172 602 autoritas.
1225 546 1383 619 maneat,
1417 535 1478 604 dat
1499 528 1673 625 hospitia,
1704 549 1890 606 conservat
1909 539 2111 624 connubia,
2141 563 2222 630 pro-

184 633 323 708 Romae
338 635 456 723 legum
478 631 676 700 reverentia
691 631 842 715 mansit,
867 631 1176 723 donecAugustus
1226 637 1452 717 creationem,
1479 633 1738 722 educationem,
1763 649 1977 726 contractus,
2003 641 2135 725 literas,
2159 643 2221 710 do-

186 737 293 822 vixit,
325 738 382 805 sed
410 747 561 826 utroque
580 733 660 802 loco
682 733 783 802 brevi
807 747 888 826 post
910 735 1070 826 oppressi
1095 748 1178 806 sunt
1226 738 1377 808 ctrinam
1391 739 1436 806 de
1452 737 1550 808 coelo
1567 737 1752 807 traditam:
1780 761 1853 808 esse
1876 740 1987 830 igitur
2002 757 2124 814 coetus
2140 743 2223 832 legi-

187 841 282 912 cives
296 836 505 933 tyrannide,
530 847 563 906 et
576 835 669 924 leges
692 836 961 918 conticuerunt,
986 851 1029 908 ut
1045 835 1177 908 Solone
1226 841 1294 910 bus
1310 840 1449 910 iunctos
1465 861 1606 909 necesse
1617 838 1695 910 erit.
1749 837 1870 929 Quare
1885 843 2023 912 etiamsi
2039 845 2154 915 multa
2169 846 2224 912 in-

187 941 269 1012 vivo
296 941 501 1010 Pisistratus
525 937 645 1028 rapuit
671 937 973 1024 dominationem,
1006 951 1086 1030 post
1100 937 1178 1010 Au·
1227 943 1351 1013 sidunt
1374 955 1552 1033 tempora,
1584 941 1716 1034 quihus
1740 942 1884 1034 politica
1906 945 2080 1036 sapientia
2101 970 2224 1038 parum

187 1057 328 1134 gustum
367 1065 450 1110 mox
491 1038 634 1132 tyranni
676 1039 814 1133 aliquot
846 1065 952 1133 quam
988 1042 1179 1112 crudeliter
1227 1039 1334 1116 babet
1355 1043 1442 1128 loci,
1466 1055 1507 1113 ut
1528 1044 1568 1111 in
1584 1042 1798 1114 saevissimis
1817 1049 2082 1137 tempestatibus
2098 1063 2226 1119 nautae

109 1165 114 1176 ·
188 1143 334 1242 grassati
358 1154 442 1214 sunt
469 1140 509 1209 in
535 1138 711 1232 Rempub.
768 1139 865 1212 Haec
894 1143 1052 1235 exempla
1078 1167 1179 1235 saepe
1227 1146 1334 1238 periti
1351 1145 1559 1232 vincuntur,
1591 1158 1710 1214 tamen
1728 1148 1841 1216 donec
1859 1149 1927 1218 erit
1941 1147 2122 1236 Ecclesia,
2148 1175 2225 1220 coe-

186 1259 332 1316 movent
357 1246 463 1315 etiam
491 1265 638 1333 magnos
666 1239 847 1328 homines,
879 1257 920 1314 ut
941 1258 1003 1316 aut
1027 1245 1180 1330 nullum,
1228 1264 1285 1320 tus
1306 1260 1411 1318 erunt
1433 1247 1571 1336 legibus
1595 1245 1730 1332 iuncti,
1755 1242 1822 1317 bos
1844 1249 1874 1318 si
1893 1265 2055 1340 regerent
2079 1253 2227 1337 indocti,

187 1363 250 1420 aut
265 1348 428 1448 exiguum
443 1367 545 1416 usum
560 1368 632 1414 esse
647 1359 788 1416 nostrae
803 1347 984 1416 doctrinae
1002 1347 1180 1417 arbitren-
1228 1353 1305 1420 sine
1327 1364 1422 1420 certo
1446 1349 1542 1434 iure,
1567 1348 1643 1418 sine
1667 1347 1780 1418 literis
1804 1364 1838 1420 et
1859 1353 2079 1439 eruditione,
2106 1355 2225 1448 quales

187 1466 266 1536 tur,
295 1449 515 1543 quiquidem
530 1447 664 1518 dictum
680 1448 769 1518 illud
785 1445 966 1518 Ciceronis
981 1449 1020 1517 in
1036 1473 1096 1519 ore
1115 1444 1181 1519 ha·
1229 1455 1396 1524 tenebrae
1415 1465 1530 1521 essent
1546 1449 1664 1520 vitae?
1688 1447 1743 1520 Ac
1758 1454 1863 1523 redeo
1880 1455 1925 1522 ad
1942 1459 2101 1548 exempla
2125 1481 2225 1548 supe·

186 1555 289 1624 hent:
325 1549 536 1622 Interarma
558 1549 665 1620 silent
687 1550 788 1640 leges.
840 1550 980 1620 Marius
1002 1552 1110 1636 dixit,
1144 1574 1180 1622 se
1231 1557 1336 1628 riora.
1389 1552 1501 1624 Solon
1518 1553 1611 1642 leges
1628 1553 1778 1623 tradidit
1796 1551 1935 1624 Atticae
1951 1557 2109 1640 civitati,
2138 1583 2225 1652 quae

187 1657 305 1745 legum
321 1677 441 1723 vocem
465 1652 559 1721 inter
581 1651 723 1720 classica
742 1666 776 1722 et
792 1654 959 1723 tubarum
978 1677 1083 1724 sonos
1105 1677 1181 1723 non
1230 1657 1368 1728 etiamsi
1390 1680 1464 1726 non
1486 1655 1705 1725 sustulerunt
1728 1656 1849 1724 omnia
1866 1657 1973 1743 vitia,
1999 1673 2121 1728 tamen
2144 1685 2227 1730 con-

188 1756 376 1830 audivisse.
408 1751 456 1824 Et
469 1752 713 1824 Nazianzenus
729 1756 772 1824 de
789 1751 927 1825 luliano
945 1755 1079 1849 inquit:
1106 1755 1182 1825 Vo-
1230 1773 1362 1831 tractus
1379 1773 1413 1830 et
1427 1757 1558 1828 iudicia
1576 1757 1729 1850 quadam
1747 1752 1968 1830 humanitate
1985 1776 2168 1844 rexerunt,
2194 1777 2227 1832 et

188 1864 362 1933 luntatem
380 1856 551 1949 principis
568 1880 641 1926 esse
657 1857 800 1927 iusnon
816 1857 998 1949 scriptum·
1050 1857 1099 1931 Ut
1113 1858 1180 1947 igi·
1231 1863 1430 1934 voluntates
1455 1859 1587 1930 civium
1608 1857 1883 1932 coniunxerunt.
1936 1859 2004 1930 His
2030 1864 2170 1954 legibus
2183 1867 2228 1934 ad

189 1979 249 2036 tur
269 1963 344 2054 ipse
370 1983 488 2028 meum
512 1959 690 2044 animum,
716 1974 750 2030 et
771 1960 801 2028 si
821 1983 910 2052 quos
923 1961 1069 2030 sortasse
1093 1961 1182 2030 alios
1230 1961 1395 2036 Romana
1411 1975 1570 2052 tempora
1592 1961 1696 2030 annis
1713 1961 1793 2052 plus
1808 1963 2012 2054 quingentis
2027 1966 2153 2036 civitas
2166 1989 2229 2036 usa

190 2065 414 2146 confirmem,
437 2060 588 2130 refutare
608 2061 706 2129 illam
722 2061 1019 2152 vituperationem
1041 2077 1182 2134 nostrae
1231 2080 1293 2138 est·
1325 2063 1405 2137 Etsi
1419 2079 1536 2136 autem
1552 2063 1686 2132 interea
1703 2063 1789 2132 urbs
1803 2063 1899 2134 hello
1916 2064 2058 2136 Persico
2083 2069 2231 2138 incensa

190 2166 373 2264 doetrinae
387 2162 537 2242 institui,
563 2174 597 2231 et
611 2166 793 2233 ostendam
811 2177 846 2235 et
859 2188 944 2245 esse,
972 2178 1005 2234 et
1020 2166 1181 2236 futurum
1232 2182 1265 2238 et
1280 2169 1391 2239 deleta
1410 2179 1481 2252 est,
1506 2190 1586 2235 cum
1601 2164 1695 2234 cives
1713 2178 1828 2234 essent
1844 2166 1883 2234 in
1901 2167 2065 2255 navibus,
2090 2182 2126 2239 et
2140 2195 2231 2240 uxo-

191 2291 266 2342 esse
281 2290 384 2340 usum
401 2259 506 2354 huius
523 2265 626 2349 artis,
649 2265 787 2336 etiamsi
805 2291 952 2357 magnae
966 2267 1122 2353 fuerunt,
1149 2280 1183 2336 et
1231 2295 1287 2340 res
1310 2286 1344 2342 et
1365 2271 1499 2338 liberos
1521 2266 1739 2337 abdidissent
1759 2267 1854 2338 inter
1870 2271 2034 2360 scopulos
2055 2271 2231 2354 marinos,

190 2397 288 2445 nrrnc
303 2384 403 2457 sunt,
429 2381 463 2440 et
478 2367 684 2460 impendent
699 2369 789 2437 aliae
808 2392 925 2438 rerum
945 2364 1182 2439 humanarum
1231 2387 1349 2442 tamen
1373 2395 1448 2440 non
1471 2381 1656 2461 propterea
1671 2367 1817 2440 Solonis
1837 2370 1929 2459 leges
1945 2372 2092 2442 fuerunt
2115 2374 2231 2443 inuti-

189 2475 421 2556 mutationes,
445 2494 510 2540 nec
532 2471 637 2540 nobis
659 2473 816 2540 studium
842 2471 1081 2541 abiiciendum
1098 2495 1182 2550 esse,
1232 2475 1302 2558 les,
1329 2495 1419 2566 quae
1434 2487 1468 2542 et
1483 2484 1585 2540 antea
1599 2469 1638 2538 in
1654 2493 1739 2561 pace
1754 2473 2051 2564 tranquillitatem
2069 2475 2231 2544 retinue-

191 2580 308 2650 sedeo
324 2575 436 2664 magis
453 2573 660 2654 colendum,
694 2586 733 2643 ut
749 2587 986 2647 conservetur.
1038 2571 1092 2642 Ac
1108 2573 1183 2664 pri·
1231 2589 1332 2662 rant,
1355 2590 1388 2645 et
1405 2575 1588 2666 aliquanto
1612 2585 1710 2663 post,
1736 2596 1859 2642 rursus
1880 2574 2081 2645 instaurant
2104 2575 2232 2646 civita-

189 2704 288 2750 mum
304 2676 559 2748 constituamus
573 2697 646 2744 esse
658 2689 766 2744 artem
778 2675 974 2766 politicam:
1001 2676 1182 2744 nonenim
1232 2693 1314 2750 tem.
1365 2675 1439 2746 Nec
1455 2676 1543 2744 illud
1561 2674 1662 2744 urbis
1686 2672 1910 2760 incendium,
1936 2677 2000 2746 etsi
2019 2677 2154 2767 ligneas
2176 2692 2233 2748 ta-

189 2784 319 2852 frustra
336 2777 433 2849 Deus
450 2777 582 2847 indidit
595 2771 761 2846 humanis
777 2777 956 2846 mentibus
970 2779 1062 2865 leges
1076 2791 1182 2848 natu·
1232 2781 1335 2867 bulas
1356 2776 1595 2867 consumpsit,
1634 2789 1820 2866 propterea
1845 2777 1938 2866 leges
1960 2779 2079 2848 delere
2102 2781 2235 2870 potuit,

192 2907 262 2958 rae.
314 2880 453 2951 Harum
470 2877 736 2969 explicationem
754 2879 866 2949 voluit
883 2894 999 2948 extare
1014 2880 1051 2948 in
1070 2879 1184 2950 literis
1234 2907 1323 2975 quae
1340 2881 1464 2950 infixae
1481 2877 1609 2947 animis
1624 2877 1754 2946 civium
1771 2891 1847 2948 tum
1862 2881 2014 2950 maxime
2028 2881 2234 2954 valuerunt.

191 2999 226 3056 et
240 2981 482 3055 monumentis
496 2981 716 3070 sapientum,
742 2975 834 3050 hanc
851 2981 964 3051 voluit
979 3005 1053 3051 esse
1071 2982 1185 3073 impe·
1233 2983 1310 3054 Hac
1334 2981 1520 3072 disciplina
1542 2979 1698 3049 instituti
1724 2979 1837 3060 cives,
1869 2995 1999 3052 norant
2026 2983 2236 3052 barbaricos

189 3087 328 3158 riorum
345 3099 380 3156 et
396 3083 611 3154 iudiciorum
628 3083 804 3172 regulam,
823 3107 912 3176 quae
928 3107 1002 3152 non
1021 3097 1183 3175 propter·
1234 3107 1350 3158 mores
1366 3107 1440 3152 non
1460 3105 1532 3152 esse
1558 3080 1818 3166 admittendos,
1840 3095 1971 3152 norant
1987 3084 2235 3154 dimicandum

192 3213 232 3260 ea
256 3182 350 3256 nihil
372 3200 444 3271 est,
475 3185 612 3255 etiamsi
628 3186 758 3256 multae
772 3184 859 3254 aliae
877 3209 933 3254 res
955 3185 1185 3276 gubernatio-

193 3314 275 3360 nem
296 3288 546 3360 interturbant.
586 3285 635 3358 Ut
649 3309 705 3356 ars
722 3287 856 3356 medica
876 3312 957 3357 vera
984 3303 1035 3359 est
1051 3288 1184 3358 divini-

192 3408 250 3466 tus
272 3391 420 3475 tradita,
449 3403 486 3459 et
513 3389 675 3459 salutaris
697 3384 855 3458 humano
878 3390 1016 3479 generi,
1050 3389 1185 3460 etiamsi

193 3517 341 3586 corpora
364 3487 520 3562 humana
541 3515 616 3561 non
640 3504 778 3562 tantum
801 3493 956 3562 medicae
975 3492 1061 3562 artis
1084 3516 1186 3582 prae-

192 3597 303 3690 ceptis
316 3606 499 3684 reguntur,
517 3595 694 3685 sedsaepe
711 3593 870 3679 occultis,
888 3608 950 3664 aut
963 3595 1089 3665 subitis
1105 3619 1186 3665 cau-

194 3703 241 3772 sis
256 3701 457 3778 laeduntur,
480 3720 570 3789 quae
583 3695 763 3786 provideri
779 3719 852 3764 non
868 3709 1034 3787 possunt:
1056 3697 1102 3766 ita
1120 3721 1187 3766 no-

194 3817 266 3875 stra
293 3825 349 3872 ars
368 3823 451 3870 vera
472 3811 523 3867 est
530 3849 545 3884 ,
573 3797 745 3866 divinitus
763 3811 957 3868 monstrata
979 3799 1100 3887 generi
1118 3792 1187 3868 hu-

195 3927 324 3987 mano,
357 3915 392 3971 et
417 3900 599 3984 salutaris,
633 3898 770 3968 etiamsi
804 3898 892 3974 aliae
918 3923 973 3968 res
1002 3903 1187 3983 accedunt,

196 4029 284 4102 quae
298 4001 392 4074 hanc
405 4001 613 4094 sapientiam
631 4023 732 4092 saepe
749 4000 959 4092 reprimunt.
1011 3999 1188 4071 Laceran-

141 4123 147 4130 '
196 4128 257 4182 tur
270 4107 418 4197 imperia
434 4107 613 4175 interdum
631 4104 797 4174 fatalibus
811 4105 956 4193 poenis,
979 4105 1036 4174 vel
1053 4103 1189 4173 diaboli

195 4214 316 4282 furore
338 4223 371 4278 et
392 4221 626 4301 tyrannorum
644 4205 911 4298 cupiditatibus:
950 4209 1042 4279 cedit
1057 4207 1189 4276 talibus

197 4311 417 4403 temporibus
433 4309 602 4399 sapientia
617 4309 770 4399 politica.

301 4409 401 4500 Quid
416 4411 510 4479 enim
525 4409 596 4479 loci
608 4423 683 4480 erat
697 4410 801 4479 bonis
816 4411 919 4494 viris,
946 4435 1025 4480 cnm
1043 4411 1189 4500 triginta

198 4513 344 4612 tyranni
366 4524 529 4582 tenerent
547 4507 727 4581 Athenas?
761 4508 809 4581 Et
830 4513 912 4604 quia
930 4535 1032 4603 saepe
1049 4513 1190 4582 violen-

198 4619 248 4690 tia
266 4615 491 4698 dominatur,
517 4628 552 4684 et
569 4614 702 4683 multae
725 4615 879 4684 existunt
904 4615 1039 4686 subitae
1064 4627 1099 4685 et
1122 4615 1191 4683 im-

200 4719 362 4813 provisae
378 4714 602 4800 mutationes,
625 4711 794 4806 Epicurei
808 4729 935 4806 putant
948 4741 1004 4785 res
1017 4711 1191 4786 humanas

202 4847 284 4892 casu
318 4819 420 4904 ferri,
453 4831 487 4887 et
519 4830 657 4888 tantum
684 4843 859 4910 quemque
892 4820 1052 4888 obtinere
1079 4842 1192 4910 posse,

202 4937 374 5018 quantum
391 4920 484 4990 valet
505 4919 674 5010 potentia.
728 4918 796 4990 Sed
816 4944 901 5006 nos,
929 4923 990 5014 qui
1013 4921 1052 4988 in
1067 4916 1192 4990 Eccle-

1235 3211 1308 3258 esse
1337 3183 1537 3256 coniunctis
1558 3183 1694 3253 viribus
1724 3207 1788 3272 pro
1812 3183 2018 3253 defensione
2045 3185 2236 3267 libertatis,

1235 3288 1303 3361 hoc
1317 3304 1388 3374 est,
1413 3285 1621 3376 disciplinae
1638 3297 1672 3354 et
1692 3279 1833 3354 honesti
1856 3297 1983 3371 status,
2010 3301 2044 3356 et
2068 3289 2114 3356 ob
2136 3283 2236 3358 hanc

1236 3415 1376 3462 causam
1392 3388 1530 3460 omissis
1546 3385 1693 3478 privatis
1708 3386 1978 3471 certaminibus,
2003 3389 2238 3459 concordiam

1237 3495 1330 3564 inter
1356 3516 1391 3561 se
1423 3492 1634 3572 tuebantur,
1671 3490 1836 3558 extabant
1863 3489 1974 3578 leges,
2007 3503 2043 3561 et
2070 3491 2239 3584 quotidie

1237 3619 1358 3666 earum
1371 3593 1529 3683 exempla
1543 3591 1792 3681 spectabantur
1805 3591 1843 3658 in
1858 3591 1958 3660 factis
1968 3585 2240 3676 Themistoclis,

1237 3696 1429 3780 Aristidae,
1445 3691 1618 3772 Cimonis,
1636 3705 1670 3760 et
1681 3693 1833 3760 aliorum
1847 3687 2078 3762 honestorum
2090 3693 2239 3762 civium.

1239 3800 1292 3871 lta
1315 3823 1396 3869 cum
1413 3796 1529 3869 Roma
1552 3790 1706 3864 aGallis
1728 3808 1929 3884 caperetur,
1955 3819 2030 3863 non
2048 3809 2240 3886 propterea

1238 3899 1396 3992 Respuh.
1411 3899 1525 3968 deleta
1541 3908 1613 3981 est,
1639 3896 1777 3966 etiamsi
1795 3895 1951 3966 aedificia
1968 3897 2110 3966 incensa
2127 3912 2238 3968 sunt:

1240 4003 1369 4073 mansit
1391 4001 1487 4070 enirn
1511 3997 1624 4068 virtus
1646 4011 1681 4067 et
1701 3996 1890 4088 disciplina
1906 3999 2038 4068 civium
2061 3999 2239 4088 alegibus

1240 4119 1329 4177 orta.
1355 4101 1452 4173 Haec
1462 4099 1639 4193 praesidio
1649 4111 1684 4170 et
1699 4099 1804 4169 saluti
1819 4113 1903 4170 sunt
1917 4099 2069 4170 civibus:
2096 4101 2240 4170 etiamsi

1240 4207 1335 4278 Nero
1360 4203 1616 4299 aliquantisper
1642 4201 1868 4272 latrocinium
1893 4202 1988 4272 inter
2013 4202 2106 4272 cives
2135 4227 2240 4272 exer-

1241 4310 1335 4394 cuit,
1360 4333 1401 4378 ac
1413 4305 1589 4399 oppressis
1602 4303 1738 4393 legibus
1754 4304 1860 4372 etiam
1877 4300 2134 4374 Iurisconsulto
2147 4301 2239 4374 Cas-

1241 4412 1293 4482 sio
1308 4409 1473 4500 Longino
1490 4405 1612 4477 oculos
1634 4405 1772 4475 effodit:
1799 4405 1936 4475 etiamsi
1951 4403 2143 4476 Bassianus
2162 4405 2239 4476 fra-

1242 4529 1295 4586 tre
1331 4525 1473 4596 necato,
1515 4509 1622 4579 etiam
1658 4505 1893 4598 Papinianum
1937 4503 2238 4578 Iurisconsultum

1242 4617 1423 4686 nolentem
1439 4623 1638 4706 praetextus
1654 4609 1786 4700 fingere
1803 4611 1849 4679 ad
1866 4612 2104 4680 excusandum
2119 4610 2239 4700 parri-

1243 4719 1376 4788 cidium
1393 4713 1580 4794 interfecit,
1606 4725 1725 4781 tamen
1741 4736 1814 4780 non
1831 4722 2015 4801 propterea
2032 4713 2073 4780 in
2090 4711 2238 4782 univer-

1243 4843 1322 4891 sum
1337 4819 1471 4888 deletae
1486 4827 1586 4887 erant
1599 4814 1702 4903 leges.
1753 4811 1807 4882 Ne
1828 4813 1991 4882 funditus
2012 4813 2145 4904 periret
2169 4809 2238 4884 hu-

1244 4944 1390 4992 manum
1423 4943 1554 5010 genus,
1592 4912 1689 4984 Deus
1713 4910 1830 4985 adhuc
1861 4914 2048 5005 politicum
2074 4915 2238 4985 ordinem

204 5026 254 5094 sia
269 5023 336 5095 Dei
353 5022 518 5107 instituti,
541 5035 636 5091 certo
651 5021 780 5092 scimus
794 5019 908 5091 Deum
926 5047 998 5093 esse
1016 5023 1191 5112 inspecto·
1244 5025 1338 5114 apud
1355 5023 1492 5116 aliquos
1506 5019 1690 5102 tuebatur,
1717 5030 1819 5087 erant
1833 5017 1965 5086 alicubi
1980 5018 2021 5088 in
2042 5017 2240 5108 provinciis

203 5151 279 5196 rem
292 5141 327 5197 et
344 5126 498 5196 iudicem
514 5121 669 5193 universi
690 5123 826 5213 generis
849 5119 1016 5211 humani,
1042 5125 1192 5194 sciamus
1244 5124 1475 5216 Magistratus
1497 5121 1709 5204 mediocres,
1740 5119 1803 5212 qui
1824 5121 1942 5208 legum
1965 5143 2086 5188 vocem
2108 5119 2239 5210 =audie-

203 5229 351 5320 imperia
367 5232 482 5321 n'eque
497 5226 602 5312 oriri,
628 5249 743 5319 neque
759 5225 905 5295 interire
918 5251 1011 5298 casu.
1051 5225 1192 5298 Deinde
1246 5229 1342 5299 hant.
1392 5225 1476 5295 Non
1490 5223 1682 5293 amittenda
1700 5235 1752 5292 est
1773 5221 1883 5310 igitur
1897 5219 2081 5289 doctrinae
2102 5221 2238 5311 profes-

204 5326 271 5400 hac
286 5353 352 5399 nos
370 5328 610 5400 consolatione
626 5329 779 5398 maxime
800 5341 1044 5400 sustentemus.
1094 5327 1194 5400 Etsi
1246 5331 1319 5411 sio,
1351 5327 1486 5398 etiamsi
1509 5339 1571 5397 aut
1590 5324 1702 5404 bella,
1732 5337 1793 5392 aut
1805 5321 2012 5416 tyrannides
2025 5322 2237 5416 aliquantis-

204 5432 361 5504 concutit
383 5428 479 5502 Deus
500 5445 562 5504 aut
588 5431 712 5504 evertit
736 5431 900 5524 imperia,
927 5443 1043 5502 tamen
1068 5427 1193 5501 Eccle-
1245 5455 1310 5524 per
1332 5431 1406 5502 eius
1429 5451 1532 5501 usum
1554 5425 1769 5522 impediunt:
1797 5425 1869 5495 imo
1889 5425 1982 5494 bona
2004 5425 2147 5516 ingenia
2169 5421 2236 5494 hoc
