4646 5824
188 269 263 344 886
786 267 946 346 DECL.¹
980 267 1054 344 DE
1087 271 1240 348 CASP.
1273 269 1635 352 CRUClGERO.
2162 281 2234 356 888

191 443 310 534 putari
338 445 492 534 possent:
560 441 630 514 Sed
660 465 740 514 cum
770 443 905 533 ingenii
933 458 968 515 et
989 445 1190 518 studiorum
1239 447 1285 516 ad
1309 441 1373 518 bos
1398 447 1488 518 fines
1507 449 1624 518 studia
1651 463 1685 520 ct
1704 443 1813 518 vitam
1840 450 2031 535 referebat,
2061 449 2164 536 Deo,
2197 466 2235 522 ot

195 545 402 636 significatio
418 545 462 614 sit
477 543 642 629 illustris,
662 559 796 616 caetera
811 546 949 622 omitto.
999 543 1049 618 Et
1062 543 1190 620 habuit
1237 563 1358 640 postea
1388 563 1536 620 eventus
1565 553 1740 636 ostendit,
1782 551 1883 644 quasi
1909 576 1972 642 per
1997 554 2129 642 gradus
2155 575 2232 622 cmn

192 650 274 742 ipsc.
290 648 561 738 gubernatorem
584 647 695 717 alium
718 648 831 718 multo
855 649 1041 722 meliorem
1066 665 1100 722 et
1121 675 1189 741 po·
1239 653 1389 721 ducente
1412 653 1450 720 in
1475 647 1568 722 banc
1587 654 1796 738 stationem,
1818 653 1858 722 in
1874 677 1944 746 qna
1960 669 2081 746 postea
2100 657 2233 726 bonam

192 749 398 834 tentionem,
435 749 568 818 scilicet
593 747 766 841 Spiritum
792 765 972 838 sanctum,
1013 777 1084 846 quo
1107 777 1188 824 cum
1238 777 1380 844 operam
1403 751 1582 824 Ecclesiae
1600 755 1755 828 navavit.
1805 751 1875 824 Hic
1897 757 1941 846 ad
1958 757 2080 848 priora
2102 757 2234 828 exerci-

192 866 336 922 aeterno
351 865 449 942 patre
466 864 499 920 ct
512 847 668 921 Domino
683 865 804 922 nostro
823 849 901 924 lesu
915 850 1059 926 Christo
1078 879 1188 946 copu·
1238 855 1286 924 tia
1311 853 1453 944 linguae
1473 853 1622 926 Latinae
1649 869 1684 926 et
1708 853 1864 926 Graecae
1891 858 2054 929 adiunxit
2075 860 2233 930 studium

192 953 334 1024 labatur
358 976 441 1022 vcro
468 953 634 1024 incendio
653 955 783 1024 amoris
801 955 935 1038 divini,
961 971 995 1028 ct
1013 957 1187 1038 virtutum
1238 957 1379 1047 linguae
1400 953 1577 1042 Ebraeae,
1611 983 1652 1028 ac
1681 981 1806 1028 omnes
1830 957 1877 1028 ita
1904 961 2047 1044 didicit,
2078 975 2122 1032 ut
2149 964 2235 1032 adeo

193 1055 327 1126 semina
344 1056 383 1124 in
402 1079 443 1124 eo
462 1055 685 1130 fovebantur.
916 1144 922 1159 ι
1236 1059 1460 1129 familiariter
1482 1059 1550 1129 sibi
1573 1075 1678 1131 notae
1700 1073 1834 1146 essent,
1871 1085 1911 1130 ac
1938 1061 1969 1130 si
1992 1061 2136 1132 nativae
2158 1063 2235 1154 ipsi,

296 1159 436 1229 Acccdo
453 1157 561 1248 igitur
575 1160 618 1226 ad
636 1158 949 1248 pueritiaestudia.
999 1157 1079 1232 Etsi
1093 1153 1187 1228 nihil
1237 1183 1312 1230 non
1334 1160 1510 1232 insiticiae
1532 1161 1693 1233 fuissent.
1741 1157 1921 1234 Audiebat
1941 1165 2098 1234 studiose
2116 1179 2151 1234 et
2171 1166 2234 1235 do·

193 1263 231 1329 in
248 1285 289 1332 eo
307 1267 474 1339 toruum,
500 1274 561 1330 ant
583 1283 766 1350 asperum,
791 1275 852 1332 ant
871 1263 1007 1334 immite
1024 1261 1107 1334 suit:
1135 1276 1187 1330 ta·
1238 1263 1388 1333 ctrinam
1403 1259 1598 1348 Ecclesiae,
1623 1289 1662 1334 ac
1678 1264 1866 1334 universae
1882 1266 2106 1360 antiquitatis
2120 1281 2234 1338 certa-

192 1387 275 1432 men
306 1375 623 1454 temperamentum
653 1363 721 1433 fuit
749 1360 1064 1449 melancholicum,
1094 1377 1128 1434 et
1147 1378 1186 1436 ut
1237 1365 1334 1434 mina
1351 1377 1385 1436 et
1401 1365 1532 1436 iudicia
1548 1367 1769 1449 conferebat,
1789 1390 1830 1437 ac
1846 1391 1947 1437 veros
1963 1369 2128 1438 omnium
2147 1371 2233 1460 dog·

192 1467 241 1536 ita
264 1465 398 1550 dicam,
431 1487 521 1556 pene
544 1462 774 1540 Socraticum.
832 1466 954 1561 ltaque
978 1467 1186 1558 etpaucilo-
1238 1469 1496 1538 matumfontes
1512 1471 1715 1560 quaerebat.

192 1591 285 1661 quus
298 1579 390 1650 erat,
416 1579 450 1636 et
466 1567 742 1656 cogitabundus,
768 1581 802 1638 et
816 1592 918 1660 saepe
932 1569 971 1639 in
987 1569 1114 1638 mediis
1128 1592 1186 1638 so-
1339 1567 1418 1640 Hoc
1440 1570 1600 1642 studium
1621 1583 1657 1642 ct
1677 1570 1838 1642 moribus
1859 1571 1961 1641 castis
1982 1595 2022 1642 ac
2038 1571 2109 1664 piis
2126 1595 2231 1644 orna-

192 1669 325 1742 dalitiis
340 1669 440 1762 quasi
453 1668 700 1770 peregrinante
716 1670 848 1739 animo.
892 1669 997 1741 Visus
1012 1685 1064 1740 est
1078 1671 1186 1762 igitur
1236 1672 1317 1758 bat,
1350 1685 1494 1766 eratque
1510 1671 1587 1742 eins
1604 1673 1825 1744 familiaritas
1841 1671 2022 1758 Bornero‚
2050 1670 2231 1747 loachimo

191 1771 296 1842 initio
323 1770 529 1862 parentibus
552 1765 714 1840 hebetior
734 1786 773 1842 et
795 1773 948 1861 segnior.
971 1845 980 1858 ,
1009 1772 1080 1844 Sed
1104 1797 1183 1842 cum
1237 1771 1462 1859 Camerario,
1494 1771 1599 1844 Petro
1621 1771 1819 1860 Suavenio,
1850 1772 2073 1870 Hieronymo
2096 1773 2230 1848 Baum-

193 1874 354 1944 celeriter
370 1873 581 1964 percepisset
595 1869 861 1945 Grammaticen
883 1878 979 1966 apud
993 1877 1110 1944 virum
1128 1876 1185 1942 in·
1236 1890 1419 1966 gartnero,
1450 1871 1619 1946 Chiliano
1641 1873 1841 1962 Goltstcin,
1870 1873 2043 1952 Michaeli
2059 1875 2231 1970 Rotingo,

192 1975 419 2066 tegerrimum
445 1971 641 2064 Georgium
662 1972 828 2062 Heltum,
860 1991 979 2070 postea
1002 2001 1185 2046 commen·
1237 1991 1272 2049 et
1288 1979 1368 2048 aliis
1385 1978 1534 2049 eruditis
1551 1979 1638 2047 viris
1654 1977 1920 2050 iucundissima.

192 2081 296 2150 datus
317 2090 368 2146 est
389 2074 544 2168 Casparo
564 2073 742 2146 Bornero:
776 2078 838 2172 qui
864 2079 1184 2150 cumanimadver·
1337 2079 1533 2174 Aliquanto
1565 2095 1642 2172 post
1678 2082 1920 2151 11xoreducta
1952 2081 2111 2152 medicae
2144 2083 2231 2152 artis

193 2194 299 2266 teret,
324 2201 547 2272 nequaquam
574 2201 648 2248 esse
670 2181 805 2250 tardam
822 2181 1062 2271 autignavam
1080 2195 1184 2252 natu·
1236 2183 1435 2253 doctrinam
1454 2205 1663 2272 cognoscere
1683 2183 1815 2274 coepit,
1849 2207 1955 2276 quam
1977 2197 2013 2254 et
2037 2197 2157 2274 postea
2181 2185 2231 2254 sic

193 2307 288 2368 ram,
322 2295 362 2352 ut
385 2281 591 2365 videbatur,
624 2283 685 2350 sed
707 2297 742 2354 et
763 2283 902 2354 avidam
924 2285 1126 2366 doctrinae,
1150 2296 1185 2354 et
1236 2285 1386 2370 amavit,
1410 2298 1451 2354 ut
1465 2308 1649 2377 nunquam
1668 2285 1742 2353 eius
1756 2285 1915 2355 studium
1931 2285 2103 2358 omiserit.
2156 2283 2231 2356 Nec

192 2385 352 2456 celeriter
371 2383 599 2475 arripientem
622 2385 742 2454 omnia
772 2409 861 2479 quae
882 2387 1185 2478 proponebantur,
1234 2387 1350 2458 solnm
1367 2401 1471 2456 norat
1492 2381 1620 2455 herbas
1633 2401 1667 2458 et
1683 2385 1844 2472 frutices,
1871 2388 1933 2456 sed
1948 2387 2023 2478 ipse
2035 2389 2127 2456 duos
2142 2382 2231 2456 bor-

193 2501 227 2560 et
250 2487 308 2556 vel
329 2487 423 2556 inter
437 2486 558 2570 ludos,
583 2509 663 2554 cum
679 2487 775 2556 aliud
792 2510 894 2578 agere
909 2489 1185 2574 existimabatur,
1236 2501 1290 2558 tos
1312 2513 1373 2560 sua
1403 2511 1513 2558 manu
1540 2510 1666 2576 magna
1691 2489 1861 2560 varietate
1884 2487 2050 2580 stirpium
2074 2491 2230 2562 ornavit.

191 2589 403 2680 cogitatione
416 2589 589 2664 intentam
605 2587 644 2656 in
658 2611 698 2657 ea
713 2613 802 2681 qnae
825 2589 999 2670 discebat,
1026 2613 1066 2658 ac
1087 2591 1185 2660 sani·
1233 2589 1406 2662 Remedia
1429 2589 1534 2659 etiarn
1556 2591 1742 2681 praecipua
1763 2591 1972 2660 morborum
1995 2589 2027 2659 ei
2043 2592 2230 2662 notissima

190 2705 298 2763 tatem
318 2691 464 2776 indicii,
494 2714 534 2759 ac
554 2689 757 2760 facilitatem
782 2703 817 2762 et
842 2691 1124 2782 perspicuitatem
1144 2692 1184 2760 in
1234 2709 1350 2778 erant,
1372 2705 1408 2762 et
1424 2691 1498 2784 ipse
1512 2693 1624 2762 multa
1643 2692 1816 2780 singulari
1830 2692 2006 2782 industria
2022 2695 2230 2784 adparabat.

192 2791 409 2887 explicandis
443 2791 717 2882 cogitationibus
758 2793 921 2864 eximiam
957 2817 1050 2874 esse,
1093 2794 1184 2863 bene
1335 2793 1516 2864 Hactenus
1530 2817 1570 2862 ea
1585 2796 1843 2885 propemodum
1858 2793 2039 2878 recensui,
2064 2819 2154 2888 quae
2170 2809 2230 2889 ty-

190 2920 330 2989 sperare
361 2898 524 2988 picentes
553 2895 597 2962 de
632 2893 776 2984 ingenio
805 2896 868 2964 filii
903 2897 1021 2968 iussit:
1057 2910 1091 2966 ct
1114 2896 1184 2966 fnit
1232 2898 1361 2968 roeinii
1383 2895 1528 2988 propria
1549 2896 1704 2964 fuerunt.
1756 2893 1881 2966 Postea
1899 2897 1931 2964 ei
1950 2893 2158 2968 mandatum
2176 2911 2230 2968 est

189 2995 371 3082 hortator,
396 3012 436 3069 ut
450 2998 544 3088 apud
560 2993 704 3066 Petrum
719 2995 957 3068 Mosellanum
980 2998 1019 3067 in
1034 3011 1184 3091 utraque
1231 3023 1363 3069 munus
1387 3011 1423 3068 et
1443 2997 1700 3088 interpretandi
1731 2993 1937 3088 prophetica
1969 3011 2005 3068 et
2032 3000 2228 3089 apostolica

189 3101 312 3190 lingua
354 3112 583 3170 exerceretur.
651 3093 766 3166 Antea
805 3096 940 3170 Graece
979 3101 1184 3184 docentem,
1230 3112 1480 3184 monumenta,
1513 3111 1549 3170 et
1571 3097 1761 3189 intemplo
1784 3099 2034 3170 concionandi.
2094 3098 2138 3170 ln
2156 3095 2227 3171 boc

119 3253 121 3260 ,
190 3203 369 3296 paulisper
383 3201 520 3271 audivit
534 3197 682 3270 Crotum
697 3195 931 3287 Britannum,
956 3203 1019 3274 ubi
1034 3203 1182 3272 commi·
1230 3206 1343 3292 gradu
1365 3226 1445 3272 cum
1469 3201 1539 3270 iarn
1552 3198 1688 3272 Doctor
1702 3214 1808 3284 essct,
1835 3225 1926 3294 quae
1939 3201 2048 3272 fuerit
2062 3201 2139 3274 eins
2153 3203 2228 3270 mi-

188 3307 337 3376 litonem
370 3299 498 3376 babuit
530 3295 748 3373 loachimum
779 3300 1039 3390 camerarium,
1075 3327 1180 3397 quem
1230 3305 1327 3392 litia,
1351 3303 1583 3374 considerate.
1639 3299 1709 3372 Hic
1726 3303 1770 3371 de
1785 3297 1943 3373 Ecclesia
1967 3317 2002 3373 et
2017 3315 2090 3376 tota
2105 3319 2227 3394 poste-

187 3403 257 3478 illav
267 3407 401 3499 primae
416 3405 540 3478 aetatis
553 3405 671 3475 studia
689 3421 1022 3478 commemorantem
1040 3407 1181 3478 audivi·
1231 3407 1333 3478 ritate
1346 3407 1438 3476 bene
1451 3403 1600 3474 meritus
1615 3417 1677 3478 est.

189 3535 269 3581 mus
283 3512 328 3580 de
342 3506 533 3599 Crucigero
550 3507 667 3577 dicere
673 3555 686 3597 ,
711 3520 797 3578 tunc
818 3534 960 3603 quoque
976 3509 1180 3599 inspeciem
1331 3507 1512 3587 Primum,
1538 3505 1621 3599 quia
1639 3505 1678 3574 in
1695 3504 1950 3576 transferendis
1965 3505 2004 3574 in
2023 3528 2226 3576 sermonem

188 3613 305 3684 vnum
329 3635 402 3682 esse
425 3610 571 3682 cacteris
594 3611 809 3700 segniorem,
842 3625 876 3682 ct
895 3626 1011 3683 tamen
1027 3611 1108 3702 plns
1124 3610 1182 3680 di·
1230 3609 1483 3682 Germanicum
1506 3607 1610 3680 libris
1627 3603 1844 3700 pmpbeticis
1866 3629 1995 3696 magna
2017 3607 2106 3688 fide,
2139 3608 2227 3678 dili-

188 3701 334 3799 uicisse,
369 3737 476 3808 quam
505 3713 595 3782 alios
618 3711 891 3786 commilitones.
949 3711 1074 3784 Postea
1100 3737 1179 3782 cum
1228 3715 1345 3804 gentia
1366 3725 1402 3782 et
1423 3710 1652 3794 adsiduitate,
1676 3707 1928 3781 Reverendum
1952 3709 2070 3780 virum
2087 3705 2132 3782 D.
2149 3707 2224 3780 bu-

187 3819 282 3910 apud
291 3814 437 3886 Petrum
448 3813 687 3886 Mosellannm
704 3813 1029 3885 formareLatinam
1046 3816 1180 3885 oratio·
1228 3811 1371 3886 therum
1400 3812 1549 3884 adiuvit.
1616 3807 1696 3880 Etsi
1726 3812 1821 3880 enim
1843 3804 2024 3882 Lutherus
2043 3805 2224 3882 Ebraeam

187 3943 270 3988 nem
296 3917 495 4004 didicisset,
527 3929 561 3987 et
580 3915 619 3984 in
636 3913 772 3986 Graeca
788 3916 908 4006 lingua
926 3917 1078 3986 multum
1096 3941 1178 4008 pro-
1228 3917 1386 4008 lingnam
1410 3916 1522 4008 probe
1546 3913 1715 3997 callebat,
1746 3927 1866 3984 tamen
1888 3911 1973 4005 quia
1996 3912 2223 3983 collationem

187 4022 322 4102 liceret,
348 4035 383 4092 et
403 4020 443 4090 in
461 4019 623 4090 moribus
644 4012 738 4087 nihil
755 4007 843 4090 esset
858 4019 1098 4110 arrogantiae,
1122 4017 1179 4086 ni·
1227 4019 1443 4092 iudiciorum
1462 4015 1679 4086 sciebatnon
1697 4016 1979 4106 adspernandam
2000 4037 2092 4100 esse,
2117 4008 2225 4084 adbi-

185 4117 240 4192 hil
256 4121 485 4207 insolentiae,
510 4115 708 4207 nihilium,
730 4115 824 4190 nibil
840 4121 1094 4214 perversitatis,
1117 4123 1177 4190 sed
1228 4123 1307 4192 buit
1329 4121 1425 4190 viros
1448 4118 1488 4190 in
1504 4142 1543 4188 ea
1567 4118 1688 4207 lingua
1704 4117 1882 4208 praeclare
1898 4113 2076 4200 eruditos,
2098 4111 2224 4186 Auro-

186 4237 314 4296 natnra
336 4238 450 4311 recta,
476 4225 647 4308 candida,
672 4225 851 4316 modesta,
883 4223 1093 4315 disciplinae
1113 4247 1179 4315 pa·
1227 4224 1381 4314 gallum,
1405 4217 1637 4311 Crucigerum
1657 4232 1690 4289 et
1713 4215 1931 4290 Forsterum.
1982 4213 2108 4288 Boset
2123 4217 2226 4288 indi-

155 4355 161 4377 *
185 4327 293 4412 tiens,
323 4350 445 4398 amans
474 4328 677 4412 veritatem,
708 4325 873 4416 pietatem
904 4346 985 4417 erga
1005 4323 1120 4396 Deum
1143 4339 1179 4398 et
1227 4350 1284 4396 ces
1304 4325 1345 4394 in
1367 4321 1527 4394 obscuris
1549 4319 1656 4402 locis,
1683 4333 1719 4392 et
1742 4321 1825 4392 suae
1840 4319 1925 4390 bdci
1949 4343 1991 4390 ac
2015 4319 2224 4410 diligentiae

41 4469 44 4476 .
129 4421 131 4424 ’
186 4428 396 4501 castitatem:
419 4428 545 4500 Petrus
559 4453 658 4514 eum,
682 4439 723 4497 ut
738 4441 814 4498 erat
831 4449 934 4519 sagax
950 4427 1177 4519 ingeniorum
1227 4441 1330 4500 testes
1344 4422 1476 4496 babere
1499 4423 1623 4494 voluit.

186 4553 328 4617 censor,
360 4531 409 4602 ita
427 4545 467 4604 ut
489 4531 602 4602 lilium
625 4529 828 4619 complexus
855 4544 927 4615 est,
960 4545 994 4604 et
1017 4527 1179 4600 laudavit
1326 4526 1511 4598 Praeterea
1526 4547 1608 4595 cnm
1625 4537 1714 4594 esset
1729 4523 1768 4592 in
1785 4524 1973 4601 scribendo
1986 4522 2080 4593 mim
2094 4522 2224 4594 celcri-

184 4633 378 4720 indolem,
395 4635 530 4720 studia,
562 4647 600 4704 et
616 4654 734 4702 mores
756 4633 989 4704 adolescentis
1011 4632 1176 4705 universa
1226 4645 1279 4702 tas
1305 4628 1507 4720 Crucigeri,
1539 4648 1702 4716 magnam
1734 4640 1870 4716 partem
1894 4625 2163 4696 enarrationum
2183 4639 2222 4698 et

185 4735 388 4810 Academia.
1225 4733 1437 4803 concionum
1451 4722 1601 4800 Lutheri
1614 4727 1748 4818 excepit
1764 4727 1803 4795 in
1815 4721 1946 4799 scholis
1959 4740 1992 4798 et
2004 4727 2042 4796 in
2060 4727 2221 4819 templis:

286 4835 378 4910 Cum
397 4847 523 4906 antem
558 4835 756 4907 utilissimis
787 4835 961 4906 exercitiis
990 4834 1175 4926 utriusque
1224 4857 1313 4929 quas
1341 4847 1376 4904 et
1403 4831 1572 4904 brevibus
1600 4829 1694 4900 notis
1723 4829 1943 4900 velocissime
1975 4829 2151 4914 scribere,
2183 4843 2221 4900 et

113 4975 119 4982 ·
184 4941 325 5033 linguae
346 4940 441 5034 apud
464 4935 608 5008 Petrum
630 4938 784 5029 amplius
805 4937 1041 5031 quadriennio
1055 4935 1176 5006 excul·
1224 4950 1343 5027 postea
1365 4956 1488 5006 rursus
1510 4932 1656 5021 integris
1678 4931 1824 5024 syllabis
1842 4938 1883 5001 'ac
1899 4930 2117 5004 dictionibus
2131 4931 2219 5000 red·

184 5055 241 5114 tus
272 5058 379 5128 esset,
411 5055 446 5112 et
481 5045 647 5133 propter'
661 5041 757 5110 luem
786 5038 929 5132 Lipsiae
959 5050 1173 5130 grassantem
1223 5039 1314 5109 ditas
1338 5039 1460 5122 edera,
1489 5056 1636 5124 magnae
1660 5033 1857 5104 industriae
1879 5047 1915 5105 et
1938 5035 2059 5123 magni
2081 5033 2220 5104 laboris

182 5145 362 5238 paulisper
376 5144 609 5214 secedendum
622 5154 729 5227 esset,
753 5165 824 5212 una
842 5167 923 5212 cnm
933 5139 1094 5212 Bornero
1110 5163 1173 5206 ve-
1222 5165 1311 5232 opns
1339 5140 1429 5220 fuit,
1461 5161 1531 5230 qua
1562 5135 1601 5204 ira
1626 5158 1665 5204 re
1687 5134 1793 5204 fidem
1814 5134 1927 5228 ipsius
1951 5135 2118 5228 probavit
2140 5134 2219 5226 ipse

182 5246 238 5317 nit
248 5246 288 5314 in
300 5241 393 5316 hanc
408 5246 559 5314 vicinam
575 5241 822 5328 Academiam,
848 5245 1036 5335 praecipue
1050 5257 1090 5314 ut
1104 5243 1171 5310 do·
1221 5237 1411 5313 Lutherus.
1466 5233 1517 5310 Et
1538 5250 1626 5309 teste
1646 5233 1800 5308 Rotaria
1825 5237 1903 5306 viro
1920 5235 2217 5326 integerrimo,a

182 5346 294 5418 ctrina
316 5349 360 5416 de
381 5347 456 5416 Deo
482 5359 574 5418 recte
603 5348 761 5438 cognita,
789 5346 883 5414 veris
907 5345 1030 5416 officiis
1053 5342 1170 5415 Deum
1220 5369 1292 5437 quo
1314 5345 1354 5416 iu
1378 5340 1448 5426 boc
1460 5341 1584 5412 labore
1599 5361 1739 5429 semper
1760 5339 1902 5410 adiutus
1916 5353 1985 5424 est,
2009 5339 2116 5410 etiam
2133 5351 2222 5431 post·

180 5448 329 5527 coleret,
355 5460 389 5516 et
403 5443 579 5518 Ecclesiae
595 5464 713 5541 postea
730 5448 811 5519 usui
827 5469 900 5516 csse
915 5462 1044 5538 posset.
1077 5445 1169 5518 Nam
1219 5442 1533 5518 Lutherimor'tem
1548 5442 1653 5514 fidem
1668 5441 1855 5533 praestitit.
1934 5472 1937 5486 ·
