4616 5816
53 237 138 318 ,458
595 233 757 314 nuel.
795 233 872 312 DE
899 223 1149 308 orrtclo
1183 225 1527 304 PRINCIPUM.
1749 295 1755 302 .
1999 243 2074 321 434

52 388 208 482 'Proinde
227 405 387 500 quisquis
410 417 479 493 est,
507 405 570 501 qui
591 400 661 477 boc
685 419 822 480 tantum
848 429 979 478 mamus
1000 407 1038 476 in
1087 400 1161 472 Nec
1184 400 1415 496 cstSynodus
1437 401 1513 471 sine
1532 400 1661 493 capite,
1685 405 1822 479 etiamsi
1842 433 1917 480 non
1934 417 2075 492 accedat

69 507 217 592 Ecclesia,
239 509 294 578 vel
310 509 403 586 inter
414 503 579 579 homines
594 508 753 596 sustinet,
778 509 952 593 videlicet,
976 509 1038 602 qui
1089 504 1259 574 autoritas
1274 503 1498 588 Pontificum,
1519 505 1580 596 qui
1595 507 1749 594 officium
1765 533 1867 580 suum
1882 516 2074 606 negligunt.

69 624 111 682 est
124 611 157 678 in
174 611 339 696 excubiis,
365 623 406 680 ut
423 610 604 680 doctrinae
618 611 754 702 puritas
773 624 807 680 et
821 612 906 680 boni
923 633 1037 680 mores
1087 601 1165 676 Etsi
1181 605 1275 674 enim
1290 599 1476 696 Episcopis
1491 628 1553 674 sua
1569 609 1762 680 reverentia
1779 614 1940 701 debetur,
1957 633 2074 690 tamen
2100 645 2102 655 ¹

69 724 321 796 conserventur,
345 713 376 780 is
398 711 477 782 iure
496 735 672 784 summum
691 715 837 802 gradum
856 712 950 780 inter
970 706 1037 780 ho·
1087 719 1161 776 tota
1186 703 1341 776 Ecclesia
1366 707 1571 776 mandatum
1595 703 1721 794 habet,
1747 725 1786 782 ut
1808 731 1927 790 caveat
1950 743 2077 809 pravas

68 813 165 881 mines
179 823 285 885 tenet.
324 809 372 883 Et
387 826 504 884 tantae
518 814 569 882 rei
587 837 706 884 curam
723 811 898 885 Romanis
914 811 1038 882 Ponti·
1088 807 1292 898 opiniones,
1317 821 1351 878 ‘l
1373 809 1533 896 d⁰8ffl³l²
1557 809 1743 896 diiudicet,
1771 827 1811 884 ul
1834 816 2077 910 lnquflChri-

68 915 175 982 ficibus
192 913 276 980 olim
292 911 427 1007 Synodi
444 917 750 987 commendarunt.
799 913 902 983 Nunc
919 927 1035 984 autem
1088 922 1176 978 stus:
1202 905 1714 1000 CavetcaPseudopropbetis.
1756 911 2076 1012 Hocpraeccptum
2181 951 2185 958 ·

68 1015 98 1082 in
112 1009 173 1082 hoc
186 1025 285 1084 tanto
298 1015 445 1086 dissidio
460 1016 557 1086 orbis
572 1030 757 1099 terrarum,
785 1027 819 1084 et
835 1015 1037 1105 ingentibus
1088 1011 1132 1078 ad
1154 1009 1355 1078 universam
1374 1005 1567 1079 Ecclesiam
1590 1012 1754 1102 pertinet.
1804 1011 1918 1106 Ergo,
1939 1023 2076 1096 etiamsi

68 1115 260 1206 religionum
275 1139 314 1184 ac
331 1117 447 1206 legum
462 1117 647 1208 periculis,
673 1119 771 1186 nulla
787 1139 896 1210 aequa
915 1117 1036 1206 cogni.
1087 1109 1275 1180 Pontifices
1308 1111 1345 1178 id
1373 1111 1568 1200 negligant,
1605 1126 1724 1182 tamen
1754 1116 1889 1209 reliqua
1919 1117 2078 1198 Ecclesia

67 1217 107 1288 tio
127 1211 289 1286 hactenus
312 1216 472 1289 instituta
496 1231 559 1288 est.
619 1215 738 1288 Audio
764 1218 866 1286 etiarn
891 1233 1037 1286 conten·
1089 1214 1331 1302 obtemperare
1345 1211 1460 1295 debet,
1485 1211 1669 1282 instituere
1680 1217 1918 1304 cognitionem
1933 1237 1966 1292 et
1982 1227 2078 1298 diiu.

67 1319 135 1388 dere
147 1317 295 1402 multos,
321 1313 413 1386 nibil
429 1342 518 1409 opus
534 1331 584 1389 est
603 1343 695 1390 nova
711 1319 929 1408 cognitione,
952 1318 1035 1410 quia
1089 1313 1314 1406 dicationem.
1365 1311 1407 1380 ld
1424 1325 1464 1382 ut
1482 1313 1552 1396 fiat,
1577 1316 1763 1406 praecipua
1781 1323 1937 1394 membra
1953 1321 2077 1398 Eccle-

68 1414 193 1486 haeres
215 1432 319 1488 antea
341 1419 380 1486 in
396 1418 551 1512 Synodis
575 1419 748 1492 iudicatae
772 1433 807 1490 et
827 1419 1037 1490 constitutae
1087 1413 1159 1484 siae
1174 1413 1319 1484 caeteris
1332 1413 1466 1482 anteire
1483 1415 1624 1490 debent.

68 1519 135 1588 sint.
184 1516 304 1606 Quare
322 1543 394 1590 non
411 1521 456 1590 sit
473 1520 767 1611 permittendum,
792 1532 832 1589 ut
854 1541 975 1590 rursus
998 1521 1037 1588 in
1190 1509 1353 1600 Adhaee,
1385 1516 1450 1584 etsi
1484 1515 1630 1586 interest
1659 1517 1753 1586 inter
1782 1521 1936 1594 officium
1964 1525 2078 1601 civilis

68 1618 288 1712 quaestionem
315 1635 496 1694 vocentur.
553 1619 701 1694 Nullum
731 1621 899 1714 inquiunt
930 1621 1036 1688 finem
1089 1613 1334 1702 Magistratus,
1368 1629 1403 1684 et
1425 1624 1628 1705 potestatem
1651 1619 1934 1710 ecclesiasticam,
1959 1641 2115 1711 tamen,

68 1721 127 1788 lore
156 1721 324 1789 movendi
356 1723 538 1812 dogmata,
578 1722 608 1790 si
635 1721 863 1817 Synodorum
889 1723 1037 1802 decretis
1090 1714 1318 1804 Magistratus
1332 1716 1446 1784 civilis
1459 1731 1574 1786 custos
1589 1731 1642 1790 est
1656 1719 1763 1790 totius
1780 1722 1865 1811 legis
1881 1726 1919 1795 in
1935 1743 2079 1804 externa

70 1834 250 1892 assuescant
265 1816 429 1893 homines
443 1823 623 1913 refragari.
675 1822 744 1896 Sed
762 1819 1038 1894 haecfacilere-
1089 1816 1287 1906 disciplina·
1339 1815 1391 1888 Ut·
1410 1813 1578 1908 prohibet
1603 1843 1642 1887 ac
1669 1822 1773 1908 punit
1794 1827 1901 1896 armis
1931 1829 2080 1904 iniustas

68 1923 156 1992 lutari
170 1937 335 2014 possunt.
1025 1972 1028 1978 ,
1090 1919 1230 2002 caedes,
1264 1920 1375 2002 lurta,
1408 1933 1441 1988 et
1469 1919 1599 1988 similia
1622 1921 1746 1992 delicta
1778 1931 1972 2014 pugnantia
1997 1957 2078 2004 cum

144 2022 303 2092 Primum
319 2023 449 2092 multae
463 2047 560 2094 nunc
574 2022 752 2114 agitantur
767 2024 1039 2110 controversiae,
1089 2021 1241 2088 secunda
1262 2019 1383 2090 tabula
1407 2017 1593 2109 Decalogi‚
1620 2021 1667 2090 ita
1691 2023 1803 2092 multo
1826 2031 1936 2119 magis
1954 2030 2079 2122 prohi-

69 2123 104 2191 de
116 2125 301 2193 recentium
318 2137 516 2215 temporum
538 2127 725 2211 abusibus,
751 2151 1037 2220 quaenunquam
1090 2121 1173 2189 bere
1204 2143 1244 2188 ac
1268 2119 1397 2210 punire
1421 2121 1524 2190 debet
1556 2135 1696 2192 externa
1726 2125 1854 2198 scelera
1884 2137 2079 2222 pugnantia

70 2225 101 2290 in
114 2226 283 2294 veteribus
299 2223 454 2318 Synodis
468 2227 616 2316 agitatae
631 2242 725 2298 sunt.
757 2225 925 2298 Nondum
942 2228 1038 2296 enim
1090 2244 1171 2289 cum
1205 2221 1319 2311 prima
1354 2221 1492 2305 tabula,
1536 2223 1700 2293 videlicet
1731 2224 1909 2300 idolorum
1946 2235 2081 2324 cultus,

70 2325 100 2392 iu
113 2321 299 2395 Ecclesiam
318 2319 355 2392 hi
373 2327 488 2395 morbi
511 2329 725 2401 invaserant.
775 2326 915 2398 Deinde
931 2351 1037 2422 quae·
1091 2315 1297 2410 blasphema
1330 2323 1510 2411 dogmata,
1560 2325 1735 2414 periuria,
1780 2327 2080 2421 prophanationes

70 2426 136 2494 dam
153 2427 187 2494 in
204 2427 384 2498 veteribus
398 2425 553 2520 Synodis
568 2431 725 2514 decreta,
751 2453 840 2522 quae
862 2432 905 2498 ad
921 2451 1041 2498 causas
1091 2422 1292 2490 manifestas
1334 2423 1612 2493 ceremoniarum
1647 2425 1819 2496 divinitus
1856 2435 2079 2514 traditarum.

72 2541 246 2616 praesentes
267 2529 462 2622 quadrant,
495 2530 606 2618 magis
628 2531 896 2622 patrocinantur
915 2525 1040 2600 Ecclc-
1090 2519 1198 2593 Errat
1215 2522 1278 2615 qui
1294 2523 1434 2592 nullum
1452 2546 1523 2592 esse
1546 2526 1735 2594 discrimen
1751 2527 1884 2604 iudicat
1898 2535 1994 2608 inter
2008 2535 2081 2608 Ar-

73 2627 265 2709 abnostris,
294 2653 399 2720 quam
414 2631 634 2699 adversariis.
671 2627 853 2702 Postremo
867 2633 1039 2724 quaedam
1091 2625 1305 2692 menteriurn
1331 2637 1365 2692 et
1381 2614 1646 2712 Magistratus,
1673 2629 1736 2722 qui
1759 2645 1875 2704 custos
1892 2651 1944 2709 est
1964 2640 2081 2714 civilis

72 2743 157 2798 antea
185 2731 314 2820 agitata
347 2743 431 2800 sunt
462 2745 608 2823 propter
638 2731 726 2800 alias
751 2731 1042 2816 circumstantias,
1092 2725 1278 2798 societatis·
1328 2720 1555 2795 Armentario
1580 2728 1664 2796 satis
1686 2743 1738 2800 est
1765 2737 1940 2821 pecudum
1964 2745 2082 2814 ventri

72 2853 145 2920 quae
159 2853 258 2922 saepe
273 2827 412 2901 'variant
426 2833 581 2920 negocia.
632 2831 808 2926 Tempore
825 2833 961 2928 Synodi
977 2831 1042 2902 Ni·
1092 2825 1301 2916 prospicere.
1352 2823 1422 2896 Sed
1439 2839 1554 2898 custos
1570 2828 1683 2899 civilis
1706 2833 1880 2906 societatis
1904 2864 1976 2911 non
2000 2859 2113 2915 tan-·

72 2953 160 2999 cenae
180 2945 282 3002 erant
303 2931 342 2999 in
367 2955 434 3001 usu
456 2933 724 3005 satisfactiones:
756 2935 816 3004 sed
839 2950 923 3006 tune
941 2945 1042 3002 erant
1093 2941 1168 2998 tum
1190 2949 1357 3018 corpora,
1389 2949 1529 3017 pacem,
1564 2942 1598 2998 et
1619 2925 1680 3024 (ut
1710 2933 1757 3003 ita
1778 2936 1914 3034 dicam)
1948 2947 2082 3018 ventris

73 3027 328 3120 castigationes,¹
341 3033 398 3100 vel
413 3035 560 3124 exempli
572 3043 679 3104 'causa
699 3035 899 3120 institutae,
925 3035 981 3103 vel
997 3036 1041 3102 ad
1092 3029 1193 3098 bona·
1202 3025 1295 3096 tueri
1309 3027 1424 3112 debet,
1450 3030 1512 3098 sed
1530 3031 1730 3103 meminerit
1747 3058 1782 3104 se
1798 3060 1871 3108 esse
1886 3041 1959 3112 Dei
1972 3048 2083 3140 mini-

73 3133 288 3220 explorandos
309 3157 425 3202 mores
448 3157 591 3220 eorum,
623 3135 685 3228 qui
709 3137 872 3228 lapsuum
896 3157 1040 3204 suorum
1093 3143 1216 3200 strum.
1267 3126 1384 3198 Huius
1401 3129 1533 3217 gloriae
1549 3131 1703 3221 primum
1728 3139 1873 3225 serviat»
1901 3143 2083 3220 {Mutatur

73 3233 192 3301 reniam
212 3235 391 3326 petebant.
449 3232 562 3304 Nemo
587 3249 672 3305 tune
695 3237 883 3326 affingebat
908 3250 1042 3326 specta·
1092 3230 1198 3298 finem
1213 3223 1390 3298 humanae
1405 3233 1596 3316 societatis,
1622 3248 1655 3304 et
1669 3230 1765 3306 hunc
1785 3244 1973 3336 praecipue
1994 3249 2083 3325 sciat

74 3333 137 3402 cula
159 3335 218 3404 illa
244 3334 375 3404 mereri
397 3335 638 3405 remissionem
662 3351 895 3428 peccatorum.
947 3335 1043 3406 Haec
1092 3331 1161 3400 sibi
1178 3330 1346 3400 tuendum
1364 3345 1447 3402 esse.
1501 3330 1591 3402 Tota
1609 3337 1703 3404 enim
1719 3333 1804 3408 haec
1824 3345 1971 3418 societas
1987 3350 2082 3419 divi-

73 3437 228 3504 recentior
241 3451 336 3508 aetas
350 3435 535 3525 vestigium
551 3438 679 3508 retinet
694 3438 832 3530 antiqui
847 3439 955 3522 ritus,
981 3438 1041 3506 sed
1094 3433 1191 3500 nitus
1212 3431 1396 3521 praecipue
1417 3431 1577 3504 instituta
1598 3449 1648 3506 est
1666 3439 1708 3504 ad
1727 3433 1822 3511 hunc
1841 3443 1962 3534 finem,
1987 3463 2027 3520 ut
2043 3452 2084 3522 in

73 3533 222 3629 pleraque
239 3536 401 3619 mutavit,
427 3551 461 3607 et
476 3537 603 3606 multas
618 3538 765 3606 adfinxit
780 3539 949 3608 absurdas
964 3538 1043 3626 opi·
1094 3557 1134 3602 ca
1163 3532 1359 3602 innotescat
1388 3554 1427 3600 ac
1452 3531 1648 3604 celebretur
1669 3533 1776 3612 Deus.
1831 3541 1870 3612 ld
1902 3548 1977 3618 fieri
2006 3575 2082 3622 non

75 3635 192 3711 niones.
230 3636 323 3708 Cum
339 3637 447 3728 igitur
462 3639 721 3708 controversiae
735 3638 920 3732 pleraeque
936 3635 1043 3707 huius
1093 3646 1226 3723 potest,
1258 3631 1328 3699 nisi
1349 3655 1420 3701 una
1446 3633 1603 3703 viventes
1630 3637 1692 3705 alii
1715 3639 1804 3709 alios
1829 3647 1873 3712 de
1901 3650 2083 3724 voluntate

74 3739 241 3828 temporis,
264 3763 339 3806 oon
355 3739 426 3808 sint
441 3739 620 3826 agitataea
637 3739 832 3820 veteribus,
860 3753 892 3810 et
909 3741 946 3808 in
963 3739 1043 3832 qui·
1093 3732 1179 3812 Dei,
1212 3734 1256 3801 de
1281 3733 1406 3802 Officii8
1426 3729 1502 3803 ΠΕΟ
1526 3735 1653 3824 graiis,
1683 3741 1727 3808 de
1750 3743 1820 3813 Vlla
1843 3759 2005 3833 aelerna,
2037 3757 2082 3824 de

73 3835 204 3908 busdam
222 3839 415 3908 adversarii
428 3841 530 3907 marii
547 3839 655 3928 magis
670 3841 895 3910 discesserint
911 3865 929 3909 a
948 3854 1044 3910 vete·
1094 3833 1260 3925 praemiis
1291 3835 1450 3924 piorum,
1481 3837 1524 3904 de
1549 3837 1740 3928 impiorum
1768 3847 1893 3934 poenis
1919 3853 2082 3927 doceant.

74 3960 139 4006 rum
154 3939 378 4034 synodorum
395 3940 560 4025 decretis,
585 3965 691 4033 quarn
714 3965 797 4027 nos,
824 3942 993 4012 iniustum
1010 3955 1044 4010 et
1097 3934 1179 4003 idco
1197 3948 1268 4004 tam
1283 3936 1395 4004 multa
1415 3949 1498 4006 sunt
1516 3937 1655 4008 vincula
1672 3943 1861 4032 societatis,
1888 3956 2082 4043 generatio,

74 4041 197 4109 crudele
229 4055 281 4112 est
309 4041 473 4130 defugere
503 4041 760 4131 cognitionem,
793 4067 857 4112 nec
887 4043 1043 4131 legitimo
1083 4036 1274 4126 educatio,
1298 4036 1493 4120 institutio,
1520 4039 1677 4130 imperia,
1703 4059 1912 4136 contractus,
1938 4055 2083 4144 iudicia,

74 4133 232 4212 Ecclesiae
265 4141 397 4210 iudicio
431 4141 555 4211 tollere
583 4165 736 4223 errores,
768 4167 808 4214 ac
840 4143 1043 4215 discordias.
1094 4151 1135 4206 ut
1159 4136 1199 4205 iu
1222 4132 1399 4205 hactanta
1420 4138 1585 4208 varietate
1606 4145 1831 4229 negociorum
1854 4158 2081 4228 ostendamus

76 4235 156 4326 Quid
174 4244 437 4334 respondebunt
454 4241 659 4328 Pontifices,
685 4244 747 4338 qui
762 4255 941 4334 praesunt,
963 4267 1043 4312 cum
1095 4247 1251 4306 nostram
1275 4239 1318 4305 de
1341 4236 1416 4306 Deo
1440 4241 1668 4327 sententiaro,
1702 4261 1858 4319 nostram
1888 4257 2081 4344 professio-

75 4337 153 4410 filius
177 4345 248 4414 Dei
282 4345 320 4412 in
350 4357 527 4434 postremo
551 4345 682 4414 iudicio
706 4345 821 4437 palam
851 4343 1044 4436 apparebit,
1095 4361 1197 4423 nem,
1222 4351 1256 4406 et
1274 4351 1488 4428 praestemus
1504 4341 1751 4419 obedientiam.
1802 4348 1859 4422 Sit
1881 4353 1990 4442 igitur
2006 4361 2082 4450 pri.

75 4461 187 4536 eosque
201 4445 378 4515 accusabit
390 4445 626 4536 praetermissi
639 4445 757 4530 officii,
774 4448 934 4518 ostendet
948 4445 1045 4536 ipso-
1094 4463 1152 4508 ma
1168 4461 1252 4508 cura
1268 4437 1540 4527 Magistratuum
1555 4445 1727 4530 omnium,
1746 4463 1787 4520 ut
1805 4453 1993 4543 religiones
2011 4462 2082 4534 sint

76 4563 142 4611 rom
163 4548 216 4615 vel
238 4547 452 4638 pertinacia,
476 4547 533 4615 vel
554 4546 765 4634 negligentia
787 4547 943 4619 infinitas
965 4545 1044 4616 ani·
1094 4563 1222 4634 purae,
1247 4540 1362 4610 luceat
1376 4540 1414 4608 in
1429 4540 1587 4631 imperiis
1603 4549 1808 4620 mandatum
1825 4555 1870 4624 de
1886 4561 2081 4632 consessio·

75 4663 137 4713 mas
151 4669 169 4714 a
182 4643 257 4718 Deo
273 4648 411 4718 avulsas
424 4669 497 4717 esse
513 4669 553 4717 ac
566 4647 723 4738 periisse.
1095 4666 1153 4724 ne,
1172 4642 1267 4736 quod
1283 4653 1375 4712 certe
1389 4664 1463 4711 non
1479 4644 1594 4714 solum
1609 4649 1652 4716 ad
1668 4649 1822 4739 privatos
1836 4659 1998 4746 pertinet,
2019 4665 2081 4734 sed

162 4746 229 4818 Sed
252 4748 371 4818 sinon
390 4749 521 4819 saciant
541 4744 695 4819 olficiurn
710 4745 916 4834 Pontifices,
938 4770 1045 4840 opor·
1095 4743 1200 4815 etiam
1216 4744 1430 4840 adsummos
1445 4745 1706 4834 gubernatores,
1728 4765 1769 4823 ut
1786 4780 1852 4826 vox
1868 4761 2026 4834 coelestis
2040 4765 2080 4834 in

78 4845 152 4917 tebit
166 4873 209 4918 ne
224 4847 428 4922 Romanurn
443 4845 695 4940 Imperatorem
712 4847 897 4944 Synodum
912 4872 1044 4919 convo·
1095 4843 1235 4914 Psalmo
1252 4857 1415 4915 testatur:
1441 4859 1475 4916 et
1489 4870 1585 4918 nunc
1599 4846 1715 4939 Reges
1725 4853 1933 4948 intelligite,
1958 4867 2080 4934 erudi·

78 4965 158 5033 care,
182 4965 215 5022 et
230 4951 362 5022 iudices
376 4950 522 5022 idoneos
537 4952 688 5041 deligere
704 4973 767 5021 suo
784 4963 817 5021 et
831 4947 982 5044 Synodi,
1004 4973 1045 5018 ac
1095 4946 1184 5014 mini
1198 4945 1261 5039 qui
1275 4945 1437 5016 iudicatis
1449 4959 1589 5019 terram.
1634 4948 1729 5022 llaec
1743 4977 1879 5047 semper
1891 4965 2079 5057 praecipua

78 5049 213 5134 partium
230 5051 387 5122 iudicio?
417 5049 642 5143 Respondco.
1094 5069 1176 5116 cura
1194 5045 1413 5137 luitpiorum
1428 5045 1654 5140 Principum,
1680 5055 1742 5147 qui
1758 5069 1855 5128 arma
1871 5084 1936 5152 pro
1955 5061 2081 5136 Eccle-
2172 5121 2174 5124 -

165 5149 220 5221 Ad
242 5175 371 5223 munus
392 5153 445 5244 pii
467 5151 692 5244 Imperatoris
713 5151 862 5221 maxime
879 5150 1044 5244 pertinet,
1095 5148 1145 5218 sia
1159 5143 1226 5216 Dei
1243 5149 1428 5237 gerebant,
1452 5161 1493 5219 ut
1513 5148 1642 5236 Moisi,
1668 5151 1808 5242 losuae,
1832 5157 1998 5253 Davidis,
2021 5165 2081 5239 lo-

80 5241 111 5314 in
124 5261 214 5322 tanto
230 5255 388 5344 periculo
409 5253 625 5324 cessantibus
640 5252 890 5332 Pontificibus,
912 5275 1044 5322 convo·
1095 5242 1237 5340 saphat,
1258 5243 1441 5322 Ezechiae.
1490 5247 1629 5324 Horum
1646 5255 1813 5328 victoriae
1835 5285 1909 5334 non
1935 5289 1976 5337 eo
1998 5292 2081 5360 spe·

79 5367 144 5419 care
157 5351 349 5448 synodum,
375 5367 408 5426 et
426 5355 639 5426 constituere
652 5354 847 5445 legitimum
862 5353 1045 5428 iudicium.
1096 5350 1254 5449 ctabant,
1277 5362 1317 5421 ut
1331 5349 1484 5442 populus
1498 5351 1535 5421 in
1550 5353 1628 5423 ocio
1642 5356 1882 5450 voluptatibus
1894 5367 2084 5457 frueretur,

120 5453 289 5526 ldrrarrrr.
305 5461 411 5529 Orsa.
425 5459 510 5530 Ver..
523 5453 587 5528 Xl.
999 5483 1001 5488 ’
1592 5453 1643 5530 28
