4646 5824
70 297 138 372 aas
719 279 882 360 unca.
932 273 1008 354 na
1041 264 1438 352 uaccanaats.
1489 279 1496 297 ·
2031 271 2109 352 sae

72 463 223 557 augustia
246 455 463 556 prohiberet.
514 455 709 552 Reliquam
720 456 831 548 igitur
845 462 981 548 panem
998 443 1060 520 bi-
1111 443 1227 526 vanu,
1255 443 1387 540 quibus
1409 441 1528 515 subito
1552 441 1691 516 excitati
1713 455 1798 517 sunt
1818 437 1858 516 bi
1879 443 2026 518 flamus:
2051 457 2108 518 ta-

71 568 190 640 storiae
206 565 336 660 ipsius,
357 563 430 636 alio
446 559 885 654 temporeillustrabimus.
935 551 1032 628 Dixi.
1110 571 1193 617 men
1219 547 1376 641 aliquam
1405 567 1482 614 esse
1511 566 1672 629 causam,
1705 567 1768 616 sna
1800 547 1952 642 qaaisque
1976 547 2107 620 scelera

1109 650 1353 720 communium
1370 645 1608 718 calamitatum
1625 647 1721 718 sciat.
1773 646 1824 721 Ut
1835 662 1958 721 autem
1972 651 2018 719 de
2033 647 2108 720 Ae·

1108 747 1231 822 sabine
1258 749 1346 820 dicit
1368 743 1644 834 Demosthenes,
1670 748 1765 820 serio
1797 774 1879 821 eum
1905 773 2003 823 nunc
2026 764 2106 845 post

87 907 118 981 N
166 907 217 978 33
887 921 926 963 m
951 893 1036 962 ¹540
1107 853 1242 925 bellurn
1274 855 1360 924 dare
1388 849 1596 937 consilium,
1628 873 1709 922 cum
1738 865 1841 924 antea
1864 853 2032 924 tacuerit:
2064 875 2106 925 ac

77 933 240 1036 ..flu-⁶,
878 942 1051 1025 ...ἐπὶ
1111 956 1260 1050 perinde
1281 956 1414 1041 facere,
1439 965 1481 1026 ut
1501 954 1677 1042 medicus,
1702 952 1765 1047 qui
1786 979 1867 1026 cum
1887 953 2023 1028 viventi
2046 978 2106 1027 ae-

1110 1069 1212 1147 groto
1225 1055 1397 1128 noluisset
1418 1079 1521 1146 opem
1542 1055 1653 1141 ferre,
1679 1068 1799 1148 postea
1820 1079 1970 1152 sequens
1986 1059 2106 1146 funus,

353 1119 430 1205 De
465 1113 768 1243 Massssabflssii·
817 1125 863 1162 Κ
1110 1159 1256 1246 dixerit,
1281 1157 1321 1231 Si
1337 1153 1396 1228 bic
1410 1149 1518 1227 bomo
1534 1157 1672 1229 iecisset
1685 1149 1753 1228 boc
1767 1171 1802 1229 et
1815 1152 1901 1245 boc,
1926 1183 2001 1230 non
2014 1159 2106 1232 iuis·

133 1305 165 1360 tn
183 1237 277 1358 atace
289 1299 416 1356 nodam.
433 1294 525 1358 mitt.
543 1295 614 1367 pto
625 1309 705 1365 sqq„
731 1289 852 1346 servos.
863 1287 954 1348 titt.
962 1290 1060 1414 pappi,
1109 1275 1161 1332 set
1175 1274 1352 1332 mortuus:
1379 1258 1427 1330 ita
1440 1282 1538 1329 nunc
1550 1260 1656 1330 multi
1670 1262 1714 1330 de
1727 1259 1807 1330 aliis
1819 1261 2011 1353 disputant,
2032 1283 2105 1356 qua

168 1374 197 1426 in
222 1369 306 1425 Tota.
321 1367 371 1426 lll.
394 1363 507 1422 Eriord.
525 1365 564 1424 lit.
578 1363 654 1428 liis.
677 1372 705 1418 et
728 1359 800 1434 apud
816 1357 948 1438 Riobard.

166 1459 184 1513 p
208 1437 259 1494 ,33
1108 1362 1352 1460 moderatione
1364 1361 1537 1434 utendum
1552 1361 1670 1448 luerit,
1693 1362 1756 1456 qui
1771 1361 1840 1454 ipsi
1854 1363 1892 1431 in
1908 1385 1982 1434 sese
1996 1363 2104 1434 etiam

1109 1466 1312 1558 inquirant,
1343 1477 1380 1536 et
1398 1487 1498 1534 suam
1522 1463 1771 1535 conscientiam
1794 1465 2031 1556 interrogent,
2055 1487 2104 1535 au

74 1602 196 1673 (mm
234 1595 284 1670 g,
310 1592 557 1670 mmm
622 1593 790 1665 „egem
819 1608 846 1660 a
882 1591 1059 1660 mm
1109 1568 1212 1660 culpa
1228 1579 1380 1638 careant.
1428 1561 1530 1636 Dixit
1544 1563 1674 1660 aliquis
1687 1565 1727 1636 in
1743 1579 1840 1636 tanta
1857 1566 2008 1658 caligine
2022 1567 2104 1658 opi·

74 1708 142 1778 W
178 1701 274 1774 em
334 1719 421 1772 m
448 1641 706 1771 mmmm
733 1688 959 1764 mmm,
987 1691 1060 1762 m.
1108 1669 1259 1740 nionum
1274 1667 1412 1764 aliquid
1428 1667 1700 1755 inconsiderate,
1719 1669 1902 1738 veritatem
1917 1691 2102 1764 quaerens,

101 1723 438 1898 haustuum
453 1797 621 1872 mg,
635 1799 729 1870 „pm
743 1795 1034 1868 'mmmm
1108 1784 1150 1842 ut
1163 1765 1361 1876 Aeschylus
1375 1769 1580 1860 gravissime
1594 1769 1682 1842 dicit
1696 1793 1814 1844 errare
1828 1769 1931 1840 illum
1947 1793 2103 1866 quoqne,

416 1903 703 2002 ΜΝ·
1109 1864 2103 2054 ti,tiit’il-'iiiafitiitiatl

75 2061 120 2148 Si
139 2075 277 2146 tanturn
302 2097 344 2144 eo
369 2071 571 2144 colerentur
596 2067 777 2143 doctrinae
797 2065 932 2148 studia,
958 2077 1000 2141 ut
1019 2063 1061 2139 iu
1108 1999 1202 2162 riui,
1227 1996 1542 2165 dumqiugitpidola.
1594 2071 1692 2164 Quid
1709 1998 1897 2147 tuiniirea
1912 2071 2101 2168 Epicuros,

75 2178 143 2248 ocio
164 2189 197 2248 et
217 2173 422 2269 tranquillis
441 2171 682 2264 temporibus,
705 2169 791 2240 inde
812 2169 976 2258 voluptas
992 2165 1059 2238 ali-
1108 2193 1169 2249 aut
1189 2175 1346 2273 cynice?
1395 2175 1550 2246 Nullane
1568 2199 1621 2246 ,η
1650 2171 1766 2246 Deum
1797 2177 2004 2250 offendisti?
2039 2189 2105 2248 aut

77 2303 137 2372 (1¹1³
152 2291 312 2370 petatur„
328 2277 420 2348 ⁸5⁰²st
432 2276 472 2346 ln
486 2273 660 2348 fflnvlvllss
673 2267 906 2358 hilarioribus
919 2266 1059 2344 Musio
1108 2280 1296 2351 defendisti
1314 2279 1422 2364 idola,
1447 2293 1508 2350 aut
1521 2277 1729 2370 adplausisti
1742 2279 1989 2349 defensoribus
2003 2279 2101 2370 turpi

77 2375 272 2452 adhibetur:
298 2371 337 2448 bi
359 2398 585 2468 congressus,
611 2387 646 2446 el
668 2375 713 2447 de
737 2371 898 2444 docilius
914 2394 1060 2445 aelmo-
1107 2383 1359 2454 assentatione:
1385 2379 1544 2474 pollutus
1565 2401 1601 2448 es
1624 2378 1854 2465 libidinibus,
1880 2393 1914 2450 et
1930 2379 2010 2450 aliis
2026 2403 2104 2451 sce-

77 2503 142 2566 nes,
165 2505 239 2552 non
253 2474 546 2572 courrierehuie
561 2474 714 2568 tempori
728 2475 944 2548 viderentur.
986 2470 1057 2554 Sed
1107 2483 1253 2556 habuc.
1305 2481 1523 2573 Quareecte
1540 2480 1651 2552 facem
1669 2479 1950 2574 aliquam-fuisse
1964 2481 2103 2574 publici

78 2583 150 2675 quia
169 2583 230 2654 alii
246 2583 360 2674 magis
375 2579 562 2652 necessarii
576 2578 712 2652 fructus
727 2600 767 2648 ex
781 2575 895 2648 literis
910 2575 1060 2668 sapiun-
1107 2585 1267 2658 incendii
1295 2605 1481 2678 agnoscas,
1514 2603 1580 2654 nac
1608 2581 1749 2676 culpam
1780 2583 2103 2655 consummatior

77 2698 147 2770 tur,
170 2683 335 2756 omnium
358 2705 431 2756 esse
446 2694 647 2774 temporum
667 2677 917 2770 cogitationem
932 2677 977 2750 de
991 2677 1059 2748 do·
1107 2688 1257 2766 derives.

77 2786 178 2857 ctrina
199 2787 429 2858 statuendum
455 2797 519 2858 est.
569 2781 718 2874 Semper
739 2781 863 2874 lumen
877 2779 970 2850 vitae
984 2801 1060 2850 esse

78 2887 171 2960 debet
198 2888 335 2982 agnitio
356 2883 442 2978 Dei,
476 2909 566 2978 quae
591 2883 743 2956 lectione
764 2881 904 2954 assidua
925 2880 1057 2952 contir-

78 2991 195 3060 manda
211 3003 275 3060 est.
327 2987 475 3080 Semper
487 2987 610 3058 literae
622 2985 786 3056 rectrices
800 2983 874 3054 sint
888 2981 1059 3054 consilio·

79 3113 147 3160 rum
167 3104 201 3164 et
220 3091 415 3167 actionum.
465 3087 537 3162 Sed
561 3087 601 3158 in
618 3084 826 3179 periculosis
842 3084 1059 3174 tempestati-

79 3191 137 3262 bus
157 3193 272 3264 maior
292 3207 345 3267 est
366 3191 502 3263 utilitas
517 3190 711 3260 doctrinae.
763 3181 938 3256 Accendit
954 3186 1060 3256 invo-

80 3293 241 3366 cationem
257 3291 347 3380 Dei,
370 3291 460 3366 lenit
481 3291 622 3364 dolores
642 3288 848 3363 monstratis
863 3288 956 3360 veris
972 3311 1060 3357 con-

81 3395 465 3479 solationumiontibus‚
485 3392 639 3464 ostendit
650 3403 805 3484 portum,
824 3390 945 3484 inquo
958 3411 1061 3460 men-

80 3507 124 3564 tes
148 3498 382 3592 acquiescant.
441 3493 656 3588 Quanquam
685 3491 795 3580 igitur
826 3503 924 3562 moto
953 3491 1061 3576 bello,

81 3597 184 3668 studia
212 3597 318 3694 quasi
340 3597 553 3688 conterrita,
588 3593 813 3684 languidiora
835 3591 912 3664 lieri
933 3593 1061 3662 viden·
1210 3593 1260 3670 Et
1279 3597 1362 3692 quia
1383 3596 1541 3690 exempla
1565 3597 1664 3668 velut
1686 3595 1726 3666 in
1748 3595 1879 3668 illustri
1894 3597 2006 3688 posita
2023 3599 2104 3668 loco

81 3710 147 3768 tur:
170 3713 290 3773 tamen
311 3713 352 3777 ut
374 3694 537 3770 homines
553 3694 649 3768 docti
664 3718 762 3778 nunc
776 3694 834 3767 vel
850 3694 1002 3767 maxime
1016 3696 1061 3766 de
1109 3699 1221 3792 magis
1240 3700 1429 3771 incurrunt
1447 3698 1488 3768 in
1505 3698 1647 3785 ocutos,
1673 3697 1804 3768 similia
1818 3695 1999 3770 Ecclesiae
2013 3711 2105 3771 sem.

81 3800 220 3874 utilitate
241 3800 427 3874 doctrinae
448 3800 659 3892 cogitemus,
683 3810 804 3871 utrum
820 3796 942 3874 literae
956 3797 1061 3868 volu·
1109 3827 1197 3898 pora
1225 3823 1447 3897 quaeramus.
1509 3797 1629 3872 liuius
1656 3800 1779 3872 aetatis
1806 3803 1998 3872 certamina
2026 3825 2103 3872 non

81 3903 177 3992 ptatis
192 3927 296 3976 causa
312 3901 500 3997 praecipue
518 3901 716 3972 discantur:
742 3923 788 3970 an
805 3921 889 3970 vero
904 3911 944 3970 ut
959 3921 1063 3990 prae-
1110 3904 1296 3976 dissimilis
1316 3917 1402 3975 sunt
1421 3901 1729 3988 contentionibus,
1753 3925 1845 3997 quae
1862 3904 1910 3973 de
1924 3905 2023 3974 cultu
2035 3901 2105 3974 Dei

83 4002 163 4076 sidia
180 4006 349 4078 salutaria
368 4007 442 4080 siitt
463 4005 633 4078 adversus
654 4025 777 4076 omnes
792 4023 901 4072 casus.
939 4000 1063 4090 Quid,
1110 4004 1257 4079 fuirunt
1280 4001 1582 4076 Machabaeorum
1612 4017 1783 4096 tempore.
1833 4001 1925 4074 Nam
1953 4007 2106 4075 manife-

84 4107 169 4196 quod
191 4128 266 4180 non
288 4121 427 4180 tantum
448 4118 593 4200 propter
606 4099 699 4177 haur
713 4104 899 4181 mortalem
914 4117 949 4174 el
962 4102 1063 4193 iuga·
1112 4123 1205 4182 stum
1228 4121 1297 4194 est,
1337 4107 1449 4178 multa
1469 4106 1630 4176 membra
1653 4106 1834 4177 doctrinae
1855 4107 2106 4178 ecclesiasticae

84 4228 152 4276 cem
173 4209 281 4282 vitam
299 4232 390 4302 opus
412 4221 464 4280 est
485 4205 706 4290 eruditione,
732 4206 790 4276 sed
812 4203 1065 4296 multomagis,
1113 4235 1204 4306 quae
1217 4223 1320 4280 antea
1334 4210 1524 4302 depravata
1539 4207 1698 4293 suerunt,
1724 4206 1762 4276 in
1775 4206 1843 4278 bac
1857 4210 2106 4279 emendatione

84 4319 120 4378 ut
132 4322 270 4384 aeterna
283 4311 357 4382 vita
370 4335 468 4384 nunc
483 4309 523 4380 iu
538 4309 643 4381 nobis
660 4301 861 4380 inchoetur.
1112 4326 1206 4384 recte
1220 4311 1397 4382 illustrata
1408 4331 1495 4382 esre.
1545 4306 1649 4379 Hanc
1663 4309 1778 4380 lucem
1793 4309 1977 4380 doctrinae
1991 4313 2109 4381 exitu.

176 4409 266 4484 Cum
291 4427 409 4486 autem
430 4436 529 4482 nuuc
543 4409 648 4482 multi
665 4410 854 4480 frementes
868 4407 1066 4480 irascantur
1113 4415 1174 4506 gui
1195 4414 1324 4485 volunt
1341 4413 1522 4484 idolorum
1544 4409 1759 4483 defensores.
1819 4408 1871 4484 Ut
1891 4411 2001 4503 igitur
2020 4424 2108 4484 tunc

86 4515 314 4604 temporibus,
336 4510 484 4588 utuihil
498 4513 613 4584 dicam
626 4506 934 4607 δυσφημότερον,
961 4509 1066 4585 tntilli
1113 4511 1345 4602 Macbabaei,
1369 4523 1405 4586 et
1427 4513 1490 4609 qui
1512 4535 1594 4583 cum
1616 4513 1668 4582 eis
1686 4512 1903 4599 sentiebant,
1925 4535 1990 4584 suo
2008 4514 2110 4607 quis-

88 4631 248 4704 quaerant
266 4641 357 4710 quae
378 4639 456 4708 spes
479 4615 615 4709 reliqua
637 4613 701 4698 sit,
726 4627 760 4683 et
778 4613 816 4680 in
833 4625 928 4682 tanta
945 4610 1068 4700 caligi-
1115 4643 1185 4714 que
1215 4619 1316 4699 1000,
1347 4615 1551 4700 veritatem,
1582 4613 1645 4684 alti
1670 4614 1773 4685 iustis
1795 4615 1904 4686 armis
1924 4616 1961 4685 in
1985 4617 2110 4686 desen.

87 4735 145 4798 ue,
170 4741 237 4810 qua
252 4719 363 4790 veluti
376 4718 562 4810 dirigenda
575 4715 622 4788 sit
633 4715 747 4805 navis:
773 4709 1067 4804 reprehendenda
1116 4722 1217 4792 sione
1244 4719 1440 4790 necessaria
1466 4717 1606 4811 patriae
1634 4717 1926 4808 propugnabant,
1958 4717 2022 4788 alii
2041 4719 2112 4787 do·

88 4809 445 4898 esthaecanimorum
459 4819 648 4904 mollicies,
674 4839 764 4909 quae
779 4810 988 4886 bominibus
1002 4816 1069 4886 do-
1116 4823 1230 4894 cendo
1249 4821 1390 4890 tradere
1405 4820 1647 4912 incorruptam
1662 4819 1813 4912 posteris
1829 4819 2034 4890 studebant:
2061 4815 2115 4891 ita
2202 4801 2206 4826 ⁸

90 4917 147 4987 ⁰5⁸
161 4919 304 5013 inditur
322 4936 393 5006 tsi,
420 4921 625 5014 pracsertim
640 4920 678 4990 in
693 4914 851 4990 Ecclesia
866 4914 954 4997 nei,
979 4939 1070 5010 quos
1117 4945 1217 4996 nunc
1230 4945 1296 4994 suo
1308 4921 1459 5019 quisqpe
1473 4922 1552 4992 loco
1568 4921 1752 4994 veritatem
1767 4919 1897 5004 discat,
1921 4920 2115 5012 amplecta-

91 5018 148 5090 scit
168 5021 205 5092 in
228 5017 294 5096 bac
314 5026 389 5098 vita
410 5023 480 5096 sibi
502 5045 578 5094 non
594 5025 666 5092 e'sse
682 5032 812 5092 certam
828 5017 1070 5111 tranquillita-
1117 5039 1198 5111 tur,
1238 5035 1335 5096 amet
1357 5037 1393 5095 et
1425 5034 1590 5098 tueaturt·
1638 5017 1693 5093 Ac
1723 5036 1841 5096 vetera
1870 5021 1931 5092 illa
1951 5023 2116 5115 exempla

92 5129 155 5190 tem
177 5128 404 5216 propositam.
455 5122 618 5198 Sciamus
637 5122 746 5212 igitur
766 5119 917 5190 omniuo
931 5118 1070 5213 aliquid
1119 5129 1253 5198 ducum
1291 5137 1328 5198 st
1359 5123 1564 5197 docentium
1599 5123 1791 5215 diligenter
1824 5123 2118 5217 contemplemur,

93 5241 330 5300 aenrmnarum
361 5226 604 5300 communium
633 5221 719 5294 ierri
741 5235 924 5314 oportere,
955 5222 1071 5294 unde-
1119 5249 1231 5324 quem
1252 5228 1298 5299 sd
1321 5249 1397 5298 rem
1418 5226 1613 5298 oecemria
1634 5238 1692 5296 est
1706 5225 1942 5298 consideratio
1964 5227 2118 5320 dissipa-

94 5343 222 5418 cunque
241 5329 313 5404 sint
334 5331 391 5402 vel
408 5351 550 5411 causae,
573 5323 629 5394 val
644 5323 759 5402 initia.
804 5317 1071 5417 thuaoquarn
1121 5329 1235 5402 tionis
1254 5329 1438 5423 publicas,
1463 5351 1553 5422 quae
1574 5343 1650 5400 turn
1670 5326 1741 5398 iuit
1757 5327 1796 5398 in
1818 5325 1882 5400 illo
1899 5349 2009 5422 regno
2024 5329 2120 5400 diri-

94 5442 232 5512 possunt
256 5455 330 5502 esse
358 5431 449 5504 aliae
475 5425 659 5522 propiores
689 5419 881 5522 elongari,
915 5437 951 5498 st
970 5427 1072 5522 quasi
1130 5431 1231 5505 nitus
1244 5431 1448 5504 constituto.
1478 5437 1486 5466 ²
1500 5431 1581 5504 Duo
1595 5430 1822 5502 interseviri
1836 5429 2061 5504 audacissimi
2077 5433 2123 5504 de

142 5531 311 5606 ilstssrrt.
330 5539 434 5605 Orsa.
462 5533 544 5600 voc.
561 5531 626 5604 xl.
1428 5528 1488 5603 46

1154 2825 1159 2838 ’
1209 2837 1281 2913 Sed
1305 2852 1345 2910 ut
1361 2836 1540 2910 Homerus
1559 2861 1661 2930 saepe
1675 2831 1814 2932 inquit,
1839 2839 2027 2929 praeterita
2044 2864 2102 2912 re-

1107 2943 1330 3065 linqpemus,
1362 2935 1457 3012 ἀλλὰ
1484 2933 1532 3012 τὰ
1551 2931 1624 3033 μὲν
1644 2935 1907 3036 aperiremus,
1942 2933 2101 3036 ἐάσομεν

1108 3041 1312 3140 ἂχνυμενοι
1333 3067 1417 3139 asp:
1444 3053 1478 3113 et
1498 3040 1688 3112 consilium
1711 3041 1750 3111 in
1772 3041 1970 3134 praesentia
1991 3068 2101 3138 quae-

1107 3169 1247 3232 ramus,
1277 3145 1363 3240 quid
1391 3145 1567 3234 agendum
1596 3142 1659 3228 sit,
1689 3143 1752 3238 qui
1773 3167 1917 3229 cursus,
1943 3168 2018 3249 (qua
2040 3167 2102 3240 spe
2216 3150 2220 3158 '

1108 3248 1294 3321 tenendus.
1359 3243 1440 3334 Qua
1470 3247 1599 3334 dere,
1641 3268 1687 3314 ne
1716 3243 1953 3317 adolescentes
1982 3271 2102 3318 neces-

1108 3350 1198 3420 saria
1220 3347 1338 3418 studia
1357 3345 1545 3434 abiiciant,
1576 3345 1714 3440 aliquid
1738 3347 1887 3418 omnino
1911 3348 2103 3420 dicendum

1109 3475 1181 3522 esse
1196 3448 1293 3522 duxi.
