4616 5816
84 293 145 366 na
229 262 231 266 ’
304 291 339 341 .·
755 257 1376 361 .;btutu·²dt;r'dnibttb
1691 375 1705 394 “
1848 305 1852 312 ·
1999 261 2093 352 ²414

79 464 152 536 Nam
165 461 192 530 si
209 453 352 553 prepter
364 449 523 553 inopiam
544 475 579 532 et
594 445 836 552 contemptum
854 445 1050 552 exclu'dun-
1098 463 1180 523 ‘rota
1201 453 1331 535 facere,
1344 445 1398 519 'ut
1420 445 1516 518 Deus
1540 443 1625 518 haec
1653 459 1859 554 ornamenta
1875 439 1985 532 vitae,
2003 449 2091 538 'lite-

80 581 126 637 tur
144 557 222 631 hacc
242 561 378 645 studia,
411 563 619 632 excludatur
641 564 769 655 eadem
788 583 893 652 opera
921 555 1049 630 huma·
1098 577 1173 638 ras,
1198 554 1309 642 leges,
1335 551 1543 640 religionem
1560 555 1753 623 conservet.
1805 549 1915 622 Venit
1930 551 2033 621 etiarn
2050 553 2090 622 in

78 667 171 743 nitas,
203 665 411 735 excludatur
434 664 547 735 virtus
573 677 607 733 et
637 657 820 746 honestas,
852 675 1048 758 quaesunt
1097 668 1271 738 mentem,
1299 677 1377 724 cum
1401 654 1561 721 omnium
1585 650 1853 742 disciplinarum
1877 651 2090 744 professores
2118 649 2120 656 ⁴

77 768 219 837 alumnae
243 763 448 851 Musarum,
483 789 703 858 quarumque
723 787 850 857 parens
871 789 910 834 ac
931 763 1047 832 nutri·
1097 757 1257 841 intueor,
1285 769 1457 848 qnantum
1470 754 1574 846 ‘vitae
1589 754 1695 822 decus
1711 753 1774 834 sit,
1801 755 1938 843 inte'ger
1958 755 2089 825 artium

76 869 137 939 cius
154 864 327 936 Homerus
348 881 419 950 est,
445 865 653 938 excludatur
679 867 852 961 quidquid
877 889 958 933 vere
982 865 1048 932 bo-
1097 855 1241 928 chorus.
1295 858 1414 947 Quare
1440 851 1506 925 hos
1532 869 1650 924 coetus
1677 855 1725 924 ita
1756 855 1987 926 celebrandos
2017 879 2089 926 esse

76 993 156 1053 num,
180 982 352 1053 sanctum,
377 970 546 1062 piumque
562 971 665 1038 estin
684 971 829 1051 mundo,
857 963 1048 1034 hisomni-
1097 959 1379 1043 roerninerirnns,
1412 971 1453 1027 ut
1486 981 1550 1026 nos
1574 958 1619 1025 de
1650 957 1859 1027 coelestibus
1887 959 2011 1040 donis,
2044 961 2089 1028 de

76 1074 128 1140 bos
158 1071 249 1138 enim
282 1093 366 1138 vere
398 1066 467 1138 hoc
499 1065 717 1167 ἐπίγραμμα
744 1068 891 1158 inscribi
919 1081 1047 1159 potest,
1096 1059 1248 1152 Repu‘b„
1274 1064 1320 1128 de
1335 1071 1455 1129 nostro
1469 1059 1584 1128 officio
1601 1059 1828 1135 admoneant.
1856 1058 1952 1148 Quid
1971 1073 2087 1130 autem

75 1173 153 1266 quod
170 1171 312 1262 qnidam
328 1171 498 1240 aediculis
513 1173 586 1240 suis
601 1171 774 1262 praefixit:
807 1255 810 1260 Δ
850 1181 853 1188 ’
1095 1164 1206 1252 magis
1223 1163 1321 1232 decet
1336 1163 1375 1230 in
1397 1162 1594 1254 frequentia
1611 1163 1815 1246 doctorum,
1842 1165 2007 1256 quamde
2024 1165 2089 1232 bo·

124 1282 199 1358 uiroc
219 1277 273 1347 ὅδ’
296 1281 360 1346 ioci
381 1283 495 1364 μικρὰς
515 1281 588 1348 τόδε
608 1281 669 1369 γὰρ
692 1291 817 1366 σημεῖον
837 1277 966 1364 ἄριστον
1095 1263 1151 1333 nis
1165 1266 1270 1334 rebus
1287 1263 1404 1332 dicere
1418 1287 1457 1330 ac
1472 1263 1594 1331 andire
1610 1263 1771 1354 aliquid?
1796 1264 1917 1356 quain
1932 1287 1982 1349 re,
2004 1263 2088 1356 quia

159 1374 214 1450 τῆς
234 1367 342 1442 aeetae
361 1365 529 1454 μικρότης,
551 1367 609 1451 τῆς
630 1365 664 1432 d'
686 1367 801 1452 ἀρετῆς
823 1368 920 1431 nerlu.
1095 1367 1164 1434 mei
1189 1361 1348 1434 muneris
1363 1365 1454 1434 ratio
1480 1365 1652 1455 postulat,
1678 1377 1717 1432 ut
1734 1359 1792 1432 hic
1809 1370 2005 1434 orationem
2023 1361 2088 1435 ha-

112 1479 229 1543 Nonest
243 1482 491 1561 magradomus,
514 1479 696 1566 quidtum?
726 1485 1018 1564 subpaupereterto
1094 1469 1214 1552 herrm,
1248 1466 1524 1557 valdeoptarirn
1549 1489 1605 1534 me
1628 1489 1726 1555 posse
1750 1467 1851 1536 vohis
1876 1467 2085 1540 satisfacere.

156 1581 252 1665 Saepe
268 1585 357 1644 etlam
372 1585 466 1646 virtus
481 1587 636 1665 ingeniosa
652 1587 732 1645 latet.
1094 1567 1164 1640 Sed
1187 1591 1340 1660 aequum
1363 1580 1432 1651 est,
1459 1591 1522 1635 vos
1545 1571 1628 1636 dare
1654 1567 1791 1634 veniam
1813 1568 2032 1653 dicentibus,
2058 1569 2087 1638 si

502 1693 597 1770 Dixi.
1094 1684 1211 1739 tamen
1226 1673 1311 1740 dent
1325 1693 1467 1761 operam
1482 1681 1521 1736 ut
1537 1671 1706 1758 probetur
1722 1668 1820 1738 vobis
1836 1671 1992 1760 ipsorum
2009 1683 2085 1739 stu-

1094 1772 1272 1850 dium,‘et
1292 1787 1330 1842 ut
1351 1781 1555 1860 argumenta
1576 1772 1737 1839 adferant
1760 1765 1963 1840 honestatae
1982 1765 2084 1840 scho-

1093 1873 1223 1944 lasticis
1237 1873 1349 1946 utilia.
1383 1869 1495 1941 Porro
1511 1893 1721 1961 magnopere
1738 1873 1881 1961 prodest
1897 1873 2105 1942 doctorum¹

184 2017 190 2036 ·
1094 1989 1128 2044 ct
1144 1975 1387 2043 excellentium
1405 1972 1570 2041 'virorum
1595 1967 1759 2056 historias
1785 1985 1924 2057 tenere,
1950 1998 2033 2042 nam
2051 1987 2085 2044 et

71 2068 122 2139 No.
135 2069 193 2146 54.
872 2095 922 2140 an.
948 2073 1043 2141 tuat.
1094 2076 1249 2164 exempla
1266 2094 1399 2158 eorum,
1427 2097 1466 2143 ac
1482 2073 1636 2164 pericula
1656 2087 1690 2144 et
1707 2073 1794 2142 mrii
1810 2085 1956 2145 eventus
1974 2076 2084 2146 multa

73 2171 185 2198 ’Μ’
749 2211 758 2226 ·
864 2163 1036 2194 “⁹⁶''
1094 2201 1159 2247 nos
1189 2189 1355 2261 monent,
1386 2176 1528 2274 devita
1559 2189 1593 2245 et
1618 2175 1796 2260 moribus,
1830 2192 1863 2246 ct
1898 2178 2085 2268 opiniones

390 2265 467 2350 De
494 2263 704 2350 Philone.
821 2281 824 2291 '
1093 2301 1214 2349 corum
1239 2279 1395 2348 formant
1412 2275 1544 2346 iudicia
1560 2277 1781 2348 discentium.
1836 2277 1954 2348 Probo
1977 2280 2085 2368 igitur

123 2433 317 2492 Audenam
350 2435 411 2489 Mt
441 2435 556 2506 pm·
642 2433 802 2491 innectam
830 2438 856 2490 Τ
879 2437 903 2490 n
970 2436 1029 2492 Μ
1093 2367 1282 2450 corrsilium
1304 2381 1468 2470 illorum,
1502 2377 1563 2471 qui
1589 2393 1690 2449 antea
1715 2374 1774 2448 hic
1798 2379 2083 2450 doctissimorum

147 2457 518 2576 inSerrea.⁶T.t.'p.lt⁷.
536 2453 871 2562 aii'ittttebart.²t·.l.
887 2453 1043 2576 pila-i
1093 2479 1280 2551 hominum
1298 2476 1464 2551 historias
1479 2479 1682 2551 recitarunt.
1719 2475 1765 2550 Et
1781 2494 1822 2550 ut
1834 2476 1900 2550 hos
1915 2481 2085 2566 imitarer,
2182 2487 2183 2490 ’

153 2575 195 2631 ⁶¹·
209 2577 281 2647 Ere·
295 2573 360 2633 V⁰¹·
373 2573 421 2632 ¹¹¹·
435 2593 463 2645 p.
474 2571 534 2632 ⁶⁹⁶·
545 2584 573 2628 ²⁸
583 2521 645 2630 ἃ·
1092 2583 1289 2653 orationem
1304 2585 1349 2653 de
1363 2581 1511 2652 Platone
1525 2582 1681 2666 institui,
1707 2581 1807 2650 cuius
1821 2583 1954 2667 studia,
1980 2605 2083 2675 pere·

1093 2683 1329 2776 grinationes,
1371 2682 1522 2752 consilia
1549 2683 1586 2750 in
1610 2679 1750 2773 Repub.
1781 2705 1883 2754 nosse
1908 2697 1942 2754 et
1964 2685 2084 2778 aliquo

1092 2785 1200 2855 modo
1223 2785 1364 2870 videre,
1390 2785 1494 2877 quale
1516 2783 1562 2853 sit
1585 2773 1699 2874 genus'
1712 2779 1965 2876 Philosophiae
1987 2788 2084 2880 quod

1094 2899 1238 2972 tractat,
1263 2886 1398 2980 etquid
1416 2883 1578 2956 utilitatis
1593 2885 1727 2954 adferat
1744 2887 1972 2969 discentibus,
1998 2911 2083 2980 pro-⁸
2131 2887 2139 2897 “

1090 2990 1183 3059 fecto
1203 2988 1357 3057 multum
1380 2989 1532 3078 prodest.
1585 2982 1759 3057 Omittam
1784 3002 1900 3059 autem
1922 2989 1985 3060 illa
2002 2991 2083 3060 vul-

68 3076 104 3158 ln
116 3089 368 3160 deliberatione
389 3088 594 3178 gravissima
616 3089 711 3178 apud
730 3084 968 3185 Thucydiden
984 3091 1042 3162 in·
1092 3092 1185 3181 geria
1203 3090 1373 3169 encomia,
1400 3111 1521 3182 quaea
1537 3088 1675 3178 generis
1689 3090 1892 3178 nobilitate,¹
1912 3105 2005 3164 auta
2021 3116 2084 3184 pa·

68 3191 131 3280 quit
142 3215 198 3260 rex
213 3193 412 3282 Spartanus
428 3183 686 3274 Archidamus,
709 3183 802 3260 hanc
816 3211 890 3260 esse
908 3193 1041 3284 patriae
1094 3193 1180 3262 triae
1203 3186 1372 3260 charitate
1396 3203 1595 3261 sumuntur.
1646 3189 1738 3262 Nam
1759 3217 1838 3264 eum
1860 3187 1947 3264 haec
1971 3195 2083 3265 oratio

69 3292 297 3384 disciplinam,
323 3305 363 3362 ut
385 3290 479 3361 cives
495 3313 570 3359 non
591 3291 757 3363 studeant
774 3291 966 3364 calliditate
990 3297 1041 3364 le-
1095 3291 1267 3363 habeatur
1290 3295 1332 3362 ad
1359 3293 1547 3364 utilitatem
1570 3293 1802 3376 discentium,
1834 3295 1878 3364 de
1900 3296 2083 3368 doctrinae

67 3411 128 3478 pes,
155 3408 216 3465 aut
237 3394 384 3464 vincere
405 3406 467 3464 aut
490 3388 720 3479 labefactare,
753 3397 813 3464 sed
837 3394 914 3465 sine
932 3397 1041 3485 tergi-
1093 3414 1219 3485 genere
1234 3393 1407 3484 prolixius
1426 3394 1617 3464 dicendum
1635 3396 1711 3465 erit.
1763 3395 1833 3466 Sed
1850 3396 1959 3466 vitam
1981 3411 2082 3466 antea

68 3495 247 3565 versatione
263 3497 519 3586 obtemperent.
551 3489 727 3579 Existimo
741 3507 858 3564 autem
873 3521 947 3566 non
960 3511 1041 3568 tan·
1093 3497 1246 3566 breviter
1261 3517 1449 3585 exponam:
1472 3493 1584 3564 Natus
1598 3509 1649 3564 est
1666 3495 1766 3565 Plato
1778 3492 1940 3581 Athenis,
1960 3519 2081 3567 mense

67 3605 128 3662 tum
143 3595 455 3676 Laracdemoniis,
479 3595 725 3666 sed-omnibus
742 3595 944 3668 civitatibus
958 3601 1040 3668 ubi-
1092 3597 1226 3668 Martio
1249 3617 1290 3665 eo
1307 3619 1421 3680 anno,
1449 3617 1520 3688 quo
1537 3598 1593 3664 vir
1608 3597 1915 3690 eloquentissimus
1928 3595 2082 3668 Pericles

67 3719 120 3787 qne
138 3711 332 3783 terrarum,
359 3699 475 3788 legum
498 3696 733 3767 reverentiam
750 3698 937 3770 salutarem
956 3721 1040 3774 esse.
1091 3713 1253 3790 mortuns
1274 3709 1345 3778 est,
1378 3721 1419 3766 ac
1444 3697 1513 3768 fuit
1536 3698 1567 3766 is
1581 3713 1696 3767 annus
1712 3700 1838 3768 tertius
1852 3699 2082 3770 funestissimi

68 3797 156 3884 Quod
178 3823 259 3870 cum
285 3800 333 3871 ita
356 3800 417 3884 sit,
444 3813 477 3868 et
500 3792 590 3866 mihi
612 3809 646 3868 et
664 3800 765 3870 vobis
785 3793 973 3872 honestum
989 3815 1039 3872 cst
1092 3799 1212 3886 belli‚·
1233 3801 1330 3893 quod
1356 3800 1450 3869 inter
1474 3823 1511 3870 se
1538 3798 1694 3870 Graecae
1719 3801 1876 3871 civitates
1901 3803 2083 3894 gerebant,

67 3901 141 3968 tueri
172 3903 305 3990 gradm
329 3903 369 3970 in
401 3893 532 3970 scholis
563 3901 792 3987 constitutos,
824 3918 865 3974 ut
891 3905 1040 3994 legibus,
1092 3903 1187 3996 quod
1212 3900 1552 3993 Peloponnesiacum
1573 3901 1714 3974 dicitur.
1767 3901 1935 3973 Materno
1958 3927 2084 3994 genere
2127 3953 2130 3965 ·

67 4023 140 4090 quae
152 4027 227 4073 uon
246 4007 326 4073 sine
343 4003 442 4093 gravi
464 4023 568 4072 causa
585 4001 727 4073 nobisa
752 3997 948 4074 maioribus
967 4019 1040 4075 tra·
1093 4003 1449 4076 aSoloneortusest.
1495 4002 1754 4074 Patrimonium
1771 3999 1897 4074 hahuit
1913 4007 2083 4097 amplum,

66 4101 142 4171 ditae
155 4122 259 4189 sunt,
287 4125 481 4195 pareamus.
531 4102 651 4192 Quare
666 4117 700 4174 et
714 4119 867 4176 vestrum
884 4107 1040 4178 officium
1093 4129 1201 4200 quare
1221 4107 1418 4178 liberaliter
1438 4104 1619 4174 institutus
1638 4121 1708 4188 est,
1737 4129 1777 4176 ac
1792 4103 1931 4187 literas,
1956 4105 2082 4176 'Arith-

68 4200 173 4290 tudo,
197 4209 299 4300 quod
316 4207 449 4297 publici
464 4205 575 4274 moris
592 4209 825 4276 conservandi
847 4231 949 4278 causa
970 4205 1040 4279 huc
1092 4209 1242 4278 meticen
1278 4219 1311 4276 et
1333 4205 1574 4275 Geometriam
1598 4207 1800 4276 adolescens
1827 4208 1969 4279 didicit:
1998 4233 2081 4279 narn

67 4309 276 4393 convenistis,
290 4324 323 4378 et
334 4323 425 4399 pcto,
440 4323 479 4379 ut
493 4331 607 4376 meam
621 4308 817 4378 orationem
834 4333 946 4404 aequo
961 4311 1041 4378 ani·
1091 4306 1158 4379 hae
1181 4323 1270 4378 artes
1292 4303 1445 4378 Athenis
1468 4307 1698 4378 tradebantur
1722 4309 1827 4378 initio
1852 4310 1982 4401 pueris.
2035 4307 2083 4383 Et

68 4426 112 4474 mo
128 4412 298 4494 audiatis,
324 4409 528 4501 praesertim
541 4431 622 4478 cum
638 4431 711 4477 non
726 4413 934 4504 sumpserim
951 4407 1041 4481 mihi
1092 4411 1175 4506 quia
1199 4411 1342 4500 ingenio
1358 4410 1514 4492 valebat,
1540 4409 1677 4499 scripsit
1690 4409 1854 4481 Poiimata
1872 4425 1906 4482 ct
1924 4411 2083 4504 Tragoe-

68 4499 118 4576 has
132 4526 247 4598 partes
261 4513 395 4600 ingenii
411 4512 551 4596 fiducia,
568 4511 628 4578 sed
643 4513 883 4583 necessitatem
899 4515 1041 4583 dicendi
1092 4515 1186 4598 dias,
1218 4509 1404 4603 Euripidis
1430 4511 1664 4589 admiratione
1691 4512 1881 4602 excitatus,
1923 4514 1980 4584 cui
2007 4527 2084 4586 erat·

69 4599 216 4683 hocloco
239 4615 526 4706 nobisimponat
547 4611 767 4683 officiiratio.
808 4613 1041 4710 Nescioquo-
1091 4615 1292 4686 familiaris:
1328 4611 1455 4683 incidit
1482 4611 1578 4681 enim
1602 4613 1835 4684 adolescentia
1858 4613 2019 4686 Platonis
2042 4617 2081 4685 in

69 4715 157 4782 modo
171 4717 234 4784 alii
249 4719 324 4788 siut
337 4716 465 4800 affecti,
486 4717 548 4785 sed
561 4717 606 4784 de
622 4735 701 4796 meo
718 4717 838 4785 animo
856 4711 923 4786 hoc
938 4741 1041 4810 prae·
1091 4733 1228 4810 tempus
1243 4717 1407 4800 civitatis,
1427 4737 1501 4784 non
1518 4715 1663 4808 quidem
1678 4715 1932 4808 tranquillum,
1952 4720 2012 4787 sed
2029 4731 2083 4787 ta·

69 4809 166 4885 dicare
181 4841 343 4908 possum,
370 4813 436 4888 hos
454 4829 574 4887 coetus
586 4811 811 4892 scholasticos
827 4833 860 4889 et
876 4843 1041 4908 congres-
1090 4839 1174 4888 men
1189 4841 1263 4888 non
1280 4818 1391 4888 triste.
1444 4816 1658 4910 Quanquam
1675 4817 1769 4884 enim
1785 4811 1886 4885 initia
1903 4818 1988 4887 belli
2004 4819 2082 4888 fue-

69 4933 114 4982 sus
132 4936 272 4991 nostros
296 4916 388 4990 mihi
417 4920 538 4990 multis
558 4921 604 4987 de
625 4919 738 4987 causis
768 4917 1041 4991 iucundissimos
1090 4935 1169 4990 rant
1186 4921 1423 5011 inauspicata,
1448 4933 1482 4988 ct
1497 4939 1643 5007 magnae
1660 4917 1777 4988 clades
1794 4931 1893 4988 erant
1908 4933 2080 5010 acceptae,

69 5034 136 5092 esse.
175 5019 280 5092 lurat
294 5024 390 5091 enirn
407 5023 527 5091 videre
542 5017 628 5090 haec
643 5021 742 5112 quasi
762 5022 934 5112 praesidia
952 5021 1040 5094 lici-
1088 5035 1207 5092 tamen
1230 5035 1349 5114 postea
1373 5042 1487 5090 annos
1504 5019 1644 5088 circiter
1660 5011 1785 5108 viginti
1805 5021 1937 5092 multae
1953 5043 2010 5091 res
2026 5043 2082 5090 sc-

71 5121 136 5203 pub.
151 5123 316 5194 videlicet
333 5147 414 5194 cum
431 5125 583 5192 maiores
597 5135 701 5206 natu,
726 5123 787 5215 qui
804 5123 872 5191 iarn
890 5125 1040 5194 consiliu
1089 5127 1227 5194 eundae
1260 5135 1466 5194 consecutae
1501 5121 1632 5190 iterum
1668 5133 1856 5192 erexerunt
1889 5122 2079 5196 civitatem.
2120 5177 2125 5186 .
2177 5177 2180 5202 ,,

70 5233 95 5287 et
107 5229 288 5297 autoritate
302 5247 363 5296 stra
380 5240 506 5316 regunt
519 5223 697 5314 Rempub.
713 5237 788 5293 tum
807 5219 902 5295 hunc
915 5225 1039 5314 florem
1089 5224 1212 5296 Postea
1229 5249 1311 5295 cum
1333 5237 1427 5294 aetas
1441 5221 1602 5294 Platonis
1625 5245 1714 5313 pene
1733 5235 1868 5292 matura
1890 5239 1996 5304 esset,
2023 5225 2079 5294 vel

71 5319 264 5411 iuventutis,
305 5353 396 5422 quae
429 5325 667 5418 posteritatem
699 5327 937 5416 gubernatura
971 5339 1039 5396 est:
1088 5325 1255 5414 militiae,
1280 5327 1336 5395 vel
1359 5325 1521 5396 civilibus
1543 5323 1770 5408 muneribus,
1795 5325 1936 5395 fomurta
1954 5325 2080 5396 eivita-

70 5425 233 5501 toiinhis
253 5431 499 5520 congressibus
515 5430 607 5498 bene
630 5430 766 5520 precari
787 5429 973 5509 debemus,
998 5451 1039 5500 ac
1087 5429 1133 5499 tis
1155 5441 1289 5502 mutata
1312 5426 1467 5508 obstitit,
1501 5449 1572 5520 quo
1594 5427 1778 5518 minusad
1805 5423 2078 5518 Rempublicam
2113 5517 2116 5524 Δ

70 2733 176 2806 (trotio
197 2733 245 2806 de
262 2735 440 2820 Platone,
466 2729 640 2807 habitae
663 2731 876 2806 Conrado
904 2737 1042 2831 Lupo,

70 2855 139 2906 cum
161 2838 374 2910 decerneret
403 2837 559 2908 titulum
573 2839 792 2930 Megisterii
819 2833 1042 2932 quibusdam

317 2935 522 3030 studiosis,
548 2959 646 3012 auno
664 2935 775 3013 1538
