4718 5828
202 217 253 288 tt
522 257 524 260 -
724 201 881 278 DECL
916 201 991 284 nh
1017 204 1283 285 att‘ttsstts
1315 209 1728 290 LIBERALIBUS.
2201 221 2251 293 te

204 390 282 470 rio,
301 405 391 478 (prae
412 381 488 450 lere
506 373 864 470 aapaaGaomeutse
879 391 974 450 aunt.
1024 377 1120 452 Hine
1136 383 1200 452 ad-
1252 389 1396 476 p'arens,
1434 383 1500 456 lati
1523 387 1680 458 conada.
1745 381 2002 476 Arithmetirs,
2036 385 2246 462 Gmetria

206 487 391 562 mirandae
414 478 602 554 hominum
623 479 745 569 generi
768 473 973 566 machinae,
998 507 1039 552 ar
1061 498 1102 554 ot
1125 480 1201 554 Eu·
1252 482 1459 558 harmonica
1481 488 1673 560 ancillariis
1690 490 1894 582 diiciplinie
1915 491 2154 562 communiter
2170 493 2246 564 uti·

209 589 311 674 dori,
337 581 532 679 Archytae,
558 577 796 664 Menaechmi,
822 579 1060 670 Archimedis,
1085 584 1199 658 Boetii
1251 600 1321 658 tur.
1376 585 1536 680 Longius
1564 586 1656 662 hauc
1685 593 1877 687 quadruvii
1902 594 2029 664 seriem
2054 594 2246 674 duxissem,

207 703 386 768 automata
412 693 648 778 praeteream,
683 697 857 776 quantum
884 689 1100 767 bombarda‚
1131 713 1201 760 no-
1251 693 1313 760 sed
1344 685 1432 762 hora
1463 694 1664 776 deficimus,
1684 749 1687 754 .
1704 695 1847 788 agitque
1878 719 1953 764 rens
1984 719 2061 764 eam
2093 697 2247 788 publicis

208 809 314 870 strate
335 785 705 870 inventum„bellicis
722 785 899 860 contulit?
950 787 1200 864 Add0Ptasu-
1251 788 1383 863 scholis
1413 795 1574 888 quotidie
1598 789 1792 865 Iulsennes
1817 789 1973 899 Slaffler
1994 792 2248 890 Philosophus,

207 924 290 981 ren,
328 912 484 985 atquae
515 889 719 958 nascitura
750 890 978 980 perspectivis
1006 890 1199 976 Picturam,
1251 896 1460 980 autoritate,
1492 898 1580 979 fide,
1612 899 1796 991 literisque
1816 892 2076 970 Mathematum
2097 923 2248 968 venera-

207 1017 388 1091 utruuque
415 992 597 1062 civitatum
624 989 681 1058 val
704 985 984 1080 pulcherrimum
1008 1018 1201 1066 ornamen-
1252 998 1346 1072 bilis.
1397 995 1449 1068 At
1476 995 1545 1069 hae
1574 1014 1728 1094 quatuor
1757 1015 1882 1080 artes„
1901 1013 2058 1094 quatuor
2088 1000 2173 1071 item
2204 1001 2244 1069 in

207 1119 295 1178 tum.
346 1097 465 1168 Huius
479 1092 617 1182 generis
631 1105 715 1164 sunt
727 1093 878 1178 celandi,
903 1095 1085 1187 scalpendi
1098 1111 1200 1184 artes,
1251 1097 1344 1193 Lyra
1361 1099 1534 1170 Mercurii
1550 1098 1761 1186 chordulae,
1787 1125 1889 1170 suum
1904 1102 2247 1194 quaequestridens,

198 1221 242 1278 at
266 1207 360 1273 inter
384 1223 440 1268 eas
463 1190 757 1286 Calcographica,
783 1220 973 1290 aeneaeque
996 1195 1199 1271 Germano·
1252 1203 1366 1292 prima
1388 1225 1424 1270 se
1448 1199 1706 1296 Terpsichores
1725 1205 1848 1287 dehet,
1880 1203 2019 1272 ordinis
2038 1227 2080 1274 ac
2102 1205 2247 1275 numeri

206 1333 286 1380 rum
302 1300 481 1374 scribendi
495 1298 680 1368 formulae.
733 1294 803 1368 Hic
816 1299 945 1370 artium
961 1324 1089 1380 nexus,
1114 1296 1200 1373 haee
1252 1303 1394 1390 artifici,
1420 1299 1953 1377 hahetenimachorlsnomen
1968 1302 2055 1377 Dea.
2107 1303 2248 1376 Secun-

206 1411 307 1499 erigo
350 1398 582 1473 mechanicon
624 1400 764 1470 duabus
805 1402 1030 1494 principibus
1062 1405 1199 1474 artibus
1253 1409 1298 1474 da
1322 1403 1489 1488 Thaliae,
1524 1409 1695 1502 quoniam
1729 1407 1853 1476 floreat
1875 1407 2249 1505 excultayaeyearpuia

97 1517 99 1520 ’
207 1507 443 1586 Arithmetica
467 1499 741 1587 etGeumetria,
767 1496 825 1572 hio
845 1525 930 1574 usus
945 1518 998 1575 est
1014 1506 1199 1599 utriusque
1251 1509 1447 1577 commodis
1460 1510 1542 1580 vita.
1592 1509 1769 1582 Musicam
1783 1505 1892 1580 Erato
1911 1509 2067 1578 iucunda
2083 1510 2248 1597 regitat*-

207 1638 271 1710 per
292 1627 346 1684 tot
366 1605 567 1678 manuarias
592 1624 727 1694 operas.
787 1603 895 1693 Quod
919 1607 950 1676 si
971 1607 1016 1676 ad
1039 1609 1198 1678 animum
1251 1610 1368 1680 lertio.
1420 1607 1563 1680 Eminet
1585 1613 1679 1682 inter
1701 1611 1812 1680 socias
1833 1611 2027 1680 clarissima
2050 1611 2087 1678 in
2108 1608 2248 1680 Hermes

206 1717 415 1796 transferas,
441 1709 502 1780 Dii
525 1706 631 1791 boni,
653 1730 755 1799 qnae
768 1709 938 1789 suavitas,
964 1711 1059 1802 quod
1079 1723 1200 1782 nectar
1252 1713 1345 1780 ricae
1360 1709 1497 1782 Dianae
1511 1716 1658 1784 modom
1675 1711 1829 1796 Urania,
1854 1713 2053 1804 principem
2069 1726 2247 1782 astrorum

208 1819 416 1906 offundatur
444 1809 720 1900 contemplanti,
755 1809 828 1879 i'mo
859 1833 949 1904 quae
973 1812 1034 1882 lux
1060 1835 1135 1882 sese
1158 1837 1198 1882 ex
1252 1814 1434 1884 scientiam
1459 1817 1588 1886 decora
1609 1816 1775 1887 referens.
1834 1813 1976 1906 Septem
1999 1809 2151 1884 chordas
2174 1838 2247 1884 nu-

206 1923 271 1992 illa
292 1942 413 1990 rerum
435 1909 523 1984 chao
547 1911 695 2002 aperiet:
722 1905 855 1982 isthaec
880 1926 1034 1984 mentem
1058 1915 1200 1984 sensili·-
1251 1916 1382 1985 merari
1402 1917 1643 1990 adolescentes
1665 1915 1835 2000 audistis,
1870 1939 1936 1986 nec
1957 1915 2245 2010 discretaeLyra

205 2029 274 2095 hus
295 2019 516 2095 haerentem,
552 2013 673 2084 avellit
694 2015 899 2108 sederitque
922 2017 966 2091 ad
990 2015 1200 2105 intelligibi-
1251 2012 1355 2088 voces
1378 2020 1595 2105 redduntur,
1631 2020 1751 2111 plures
1772 2030 1945 2110 quatuor,
1979 2031 2049 2087 tres
2071 2018 2248 2088 orationis

204 2129 275 2198 lem
306 2136 554 2210 aeternamque
583 2130 759 2188 naturam.
810 2115 870 2190 Sic
893 2115 993 2190 Plato
1022 2115 1200 2214 ἀριθμεῖν
1251 2119 1402 2189 luniurli
1434 2144 1639 2191 communes
1670 2119 1883 2213 quadruvio.
1956 2115 2124 2205 Quatuor
2155 2119 2247 2188 aliae

206 2219 472 2322 philosophari,
498 2233 532 2288 et
553 2212 649 2288 θεὸν
672 2212 729 2288 cisi
745 2221 958 2317 γοομετρεῖν
972 2225 1199 2294 commodum
1252 2217 1403 2291 chordae
1425 2225 1532 2292 rebus
1556 2224 1629 2292 suis
1651 2223 1862 2308 discrepant.
1913 2217 1996 2288 Non
2019 2220 2182 2308 confingo
2198 2221 2248 2288 li-

207 2332 321 2404 afficta
347 2323 532 2394 notatione
557 2321 665 2405 dixit,
698 2319 736 2388 id
759 2336 829 2405 eet,
860 2345 999 2412 semper
1020 2337 1197 2394 aeternam
1252 2337 1373 2394 center
1386 2318 1473 2394 haec
1491 2325 1689 2406 auditores,
1713 2333 1757 2391 ut
1772 2321 1828 2388 illi
1845 2316 2046 2390 Atticorum
2061 2315 2248 2416 κοροπλά-

206 2431 282 2503 veri
303 2443 470 2500 naturam
489 2423 721 2510 intelligendo
745 2447 894 2492 versare.
946 2421 1198 2496 DeArithme-
1251 2423 1332 2495 θοις
1364 2422 1559 2496 Platonicis
1589 2447 1731 2518 quoque
1758 2424 1937 2494 veteribus
1967 2423 2059 2493 ratio
2080 2423 2247 2514 sapiendi

206 2535 274 2608 tica
290 2523 711 2617 Geometriaqueobiter:
735 2521 990 2616 incolophone
1006 2551 1043 2596 ac
1059 2527 1198 2614 fastigio
1251 2527 1331 2595 talis
1347 2525 1436 2611 fuit,
1460 2540 1585 2597 autore
1599 2519 1814 2597 Plutarcho·
1854 2521 1904 2594 Et
1917 2525 1963 2593 de
1980 2536 2152 2616 quaterno
2170 2523 2246 2618 Ly-

207 2637 356 2715 artium,
390 2627 529 2700 Musica
558 2638 594 2694 et
623 2626 851 2696 Astronnmia
885 2629 1059 2698 locantur.
1124 2627 1200 2716 Age
1251 2652 1312 2698 rae
1341 2642 1526 2722 systemate
1555 2651 1645 2722 qnae
1673 2627 1872 2718 disputavi,
1918 2625 2120 2718 Terpandri
2151 2642 2248 2712 sunt,

207 2739 294 2834 quid
316 2732 456 2804 Musica
486 2727 688 2798 laudatius?
727 2727 895 2817 elegantis
924 2753 963 2798 ea
994 2727 1200 2802 harmoniae
1252 2731 1396 2800 aitille:
1465 2787 1508 2822 ι.

207 2841 321 2921 ratio,
347 2836 421 2904 sive
434 2829 657 2919 organicam,
681 2829 755 2900 sive
774 2832 971 2902 naturalem
987 2833 1086 2901 velis.
1137 2830 1200 2900 ln·
1353 2841 1442 2925 ἦμιΐς
1461 2866 1509 2908 τοι
1530 2833 1722 2932 τετρᾶγηρην
1744 2841 2001 2926 ἀποστρέψαντες
2018 2835 2130 2924 ἀοιδήν

181 3003 184 3008 ,
208 2941 318 3033 signis
347 2951 497 3026 utraque
526 2927 664 3002 honore
693 2938 915 3022 poematum,
946 2933 983 3002 id
1012 2936 1108 3027 quod
1130 2935 1200 3006 alia
1352 2925 1513 3017 incmdsqs
1534 2930 1681 3018 φόρμιγγι
1701 2929 1789 3005 νέους
1809 2925 2019 3012 μελεδήσομεν
2039 2924 2165 3008 ὕμνους.

209 3067 286 3115 sum
311 3055 453 3110 acturus
475 3035 646 3104 oratione.
700 3033 883 3128 Plerisque
906 3035 1039 3123 gratior
1062 3035 1199 3106 Musica
1354 3025 1558 3108 septenariam
1571 3029 1652 3091 i'orts
1666 3027 1757 3110 ehaty
1770 3047 1850 3088 nom
1866 3030 1997 3088 earmina
2012 3037 2120 3102 ruam,

209 3147 297 3218 orbe
315 3142 444 3212 artium
460 3135 629 3220 aliarum,
656 3139 752 3228 quod
769 3132 853 3206 haec
867 3141 912 3206 ad
929 3139 1203 3238 contemplatio3
1354 3125 1496 3209 ΟΜΝ
1511 3143 1542 3192 θῑ
1556 3131 1695 3194 Manem
1710 3129 1810 3192 mdis
1825 3132 1966 3210 emim
1981 3129 2107 3190 iurabit.

209 3271 292 3320 nern
318 3242 451 3337 pariter
474 3251 661 3330 moresque
685 3239 885 3312 conserunt.
937 3235 1092 3329 Erigunt
1111 3241 1200 3310 aliae
1253 3240 1329 3311 lam
1357 3266 1424 3328 ne,
1457 3267 1548 3335 quae
1575 3241 1751 3313 Mercurii
1781 3241 1826 3310 sit
1850 3236 1946 3333 [tyra
1977 3238 2123 3320 tenetis,
2156 3249 2247 3328 quot

209 3354 254 3424 ad
277 3344 442 3420 coelestia
458 3353 595 3410 mentes
613 3353 768 3424 nostras,
795 3335 880 3410 haec
897 3363 968 3412 una
981 3343 1081 3415 coelo
1096 3366 1200 3432 supe-
1252 3339 1423 3428 chordae,
1449 3359 1538 3437 quot
1552 3345 1669 3415 artes?
1720 3341 1767 3414 Et
1782 3341 1906 3412 Musas
1922 3341 2050 3410 artium
2068 3339 2246 3431 praesides

210 3475 269 3524 rus
296 3452 339 3519 ad
370 3443 526 3516 humana
547 3441 710 3512 deducit:
743 3467 813 3534 quo
835 3441 1043 3532 argumento
1068 3458 1201 3516 veteres
1253 3447 1429 3536 appellare
1447 3471 1527 3516 sum
1549 3449 1685 3518 solitus.
1737 3443 1824 3514 lllae
1841 3442 2054 3534 veroquid?
2105 3437 2245 3528 conge·

210 3546 516 3626 arbitrormusica
532 3544 631 3632 signa
649 3545 777 3634 passim
794 3541 1049 3618 Deumstatuis
1067 3569 1200 3637 appen-
1253 3549 1350 3619 nitus
1379 3545 1568 3618 hominum
1596 3547 1725 3618 animis
1753 3547 1918 3614 arderet
1942 3555 2085 3611 strenua
2108 3539 2245 3610 sciendi

211 3657 321 3740 disse,
346 3648 448 3744 quasi
470 3647 542 3714 illis
565 3645 625 3714 Dii
649 3647 828 3716 conciliati
851 3647 1037 3717 nobiscum
1058 3673 1201 3718 versen-
1253 3652 1393 3742 cupido.
1446 3650 1562 3720 Testis
1576 3647 1843 3742 antiquissimus
1859 3635 2157 3734 vatesOrpheoe,
2182 3643 2247 3734 qui

210 3758 281 3831 tur.
330 3751 478 3822 Confert
493 3748 667 3830 moribus,
692 3751 788 3840 quod
805 3749 905 3816 nulla
920 3771 977 3816 res
988 3749 1202 3820 ‘familiarior
1253 3750 1378 3822 Musas
1392 3746 1528 3844 hymno
1541 3775 1690 3834 canens,
1716 3748 1850 3842 inquit:

211 3849 485 3947 tranquillandis
514 3849 750 3919 animantium
779 3849 976 3921 affectibus.
1027 3849 1134 3922 Scitis
1157 3853 1202 3919 de
1355 3857 1469 3946 Πάὰης
1490 3861 1629 3946 Μηδείης
1650 3861 1766 3948 ἀρετὴ,
1787 3864 1936 3944 ymffiw,
1957 3856 2121 3938 amm,

211 3953 354 4050 Orphei
367 3953 461 4048 Lyra
473 3950 585 4044 qnid?
608 3965 642 4022 et
655 3973 744 4042 quae
757 3945 1001 4044 Pythagoreae
1014 3953 1127 4042 gantis
1142 3953 1202 4025 ln·
1356 3948 1537 4034 θρέπτειραν
1557 3949 1680 4034 ψυχῆς,
1710 3947 1850 4020 διανοίας
1871 3940 2102 4029 dododo'rapm.

75 4080 84 4090 ·
212 4063 331 4133 stitnta
355 4055 509 4137 furunt,
536 4047 652 4149 ᾠδαῖς
672 4052 842 4146 χρῆσθαι
860 4050 953 4149 πρὸς
967 4058 1096 4149 λῦραν.
1146 4050 1202 4124 Er
1253 4054 1334 4126 Hoc
1358 4069 1426 4139 est,
1455 4057 1486 4124 si
1506 4056 1746 4124 venerandam
1765 4045 1908 4142 Orphei
1928 4049 2146 4119 maiestatem
2168 4071 2247 4118 car·

213 4189 252 4234 ea
274 4159 427 4231 factione
439 4153 560 4226 Clinia
580 4156 728 4225 celebris
750 4155 823 4242 vir,
849 4156 1103 4228 modestissime
1118 4171 1202 4228 usus
1255 4159 1352 4227 mine
1365 4157 1448 4228 licet
1464 4173 1586 4228 nostro
1602 4157 1800 4225 imitemur:

213 4262 401 4354 disciplina
414 4257 584 4346 magistri,
609 4257 747 4354 quoties
763 4259 883 4330 animo
895 4259 1203 4352 turbabaturqua·
1354 4263 1484 4328 lllmoea
1495 4279 1592 4328 νωοι
1606 4263 1689 4328 Deae
1704 4269 1800 4327 virtus
1815 4275 1845 4325 at
1859 4265 1955 4344 gloria
1969 4279 2071 4335 mter,
2142 4301 2144 4304 -

213 4388 354 4458 cunque
377 4384 500 4444 causa,
524 4361 652 4432 statim·
666 4361 709 4428 ad
735 4358 864 4454 Lyram
889 4363 1115 4452 properabat:
1142 4385 1203 4430 ro-
1357 4365 1504 4453 Qeasqua
1519 4383 1594 4432 artes
1609 4369 1833 4450 rgtthumenae
1847 4362 2023 4426 rotanda
2039 4362 2159 4435 mutis,

212 4483 314 4562 gatus
335 4463 543 4556 aliquoties,
569 4462 655 4554 quid
672 4457 764 4532 hoc?
796 4457 891 4532 nihil
906 4463 1089 4553 respondit
1103 4487 1203 4554 prae-
1356 4469 1533 4534 Ves‘enimt
1547 4473 1649 4534 dalem
1665 4475 1756 4532 etiam
1769 4487 1945 4530 mereamur
1959 4468 2094 4525 almas

213 4565 373 4644 terliano
388 4565 549 4635 voculam
565 4555 790 4657 πραύνομαι.
842 4561 961 4659 Atque
974 4560 1011 4633 hi
1026 4579 1108 4636 sunt
1121 4589 1203 4657 pre·
1358 4571 1615 4640 Aeternumreeri
1628 4577 1738 4658 quibus
1754 4575 1904 4634 macrinio
1919 4587 2062 4630 amorem.

213 4673 291 4768 prie
309 4667 495 4740 Musarum
518 4666 617 4738 soni.
643 4665 706 4757 qui
729 4667 774 4735 ad
797 4661 980 4738 honestam
1004 4668 1096 4738 vitae
1119 4691 1205 4741 con·
1255 4666 1391 4739 Censae
1413 4672 1545 4741 artium
1566 4695 1716 4742 numero
1741 4667 1868 4737 Musae
1890 4677 2040 4754 septem,
2074 4661 2165 4728 duae
2186 4678 2248 4728 su·

214 4772 455 4852 stitutionem,
487 4769 550 4860 qni
579 4769 623 4836 ad
655 4767 820 4837 virtutem
845 4770 1042 4860 pertinent:
1075 4767 1205 4840 Succe-
1258 4785 1424 4862 persunt,
1459 4773 1557 4844 (lleio
1588 4787 1624 4844 et
1648 4769 1830 4860 Calliope,
1863 4767 1993 4860 quibus
2024 4781 2177 4854 aequum
2208 4759 2249 4828 in

214 4879 305 4950 dunt
320 4871 480 4942 Musicae
496 4869 701 4940 saltatoriae
718 4884 829 4954 artes,
854 4867 1034 4942 Arcadum
1051 4871 1206 4954 inventa,
1258 4895 1381 4944 omnes
1414 4876 1534 4945 literas
1566 4876 1638 4945 ius:
1690 4869 1859 4942 historiae
1893 4865 2013 4947 Cleie,
2063 4859 2250 4950 Calliopen

215 4981 277 5050 sed
294 4975 442 5066 longior'
456 4986 509 5042 est
523 4995 590 5054 res,
616 4995 722 5064 quam
739 4996 758 5040 a
777 4969 880 5044 nobis
895 4975 952 5064 agi
967 4976 1073 5044 modo
1086 4973 1205 5065 possit.
1260 4977 1412 5066 poemati
1429 4979 1661 5070 praeficimus.
1711 4970 1843 5044 Omnis
1857 4969 1995 5062 generis
2004 4966 2133 5055 scripta
2144 4984 2250 5030 usur·

214 5079 369 5172 Reliqua
398 5075 640 5170 cyclopedstae
661 5069 891 5146 Astronumia
919 5089 987 5160 est,
1028 5096 1205 5156 numeros,
1260 5093 1345 5168 pant
1357 5075 1505 5150 historia
1520 5095 1554 5150 et
1568 5084 1704 5171 polinas,
1726 5069 2251 5157 neealiimaiorilrugeopera-

216 5179 499 5272 magnitudines,
529 5188 664 5258 motus,
696 5171 939 5259 harmoniam,
975 5178 1084 5248 idest
1109 5202 1206 5248 com-
1260 5203 1302 5248 ve
1324 5183 1493 5272 leguntur
1514 5177 1698 5265 authores,
1724 5201 1836 5273 quam⁸
1852 5170 2025 5246 Historici
2047 5193 2087 5238 ac
2106 5164 2249 5238 Pois'tae.

210 5307 341 5377 pagam
360 5279 480 5372 superi
500 5292 606 5371 atque
630 5277 737 5352 inlesi
757 5279 871 5361 urhis,
897 5279 1076 5362 dimensa,
1103 5282 1207 5373 syde·
1259 5281 1515 5356 Adulescentes
1529 5285 1698 5355 animose
1714 5281 1913 5372 vulgarium
1930 5272 2131 5344 studiorum
2145 5268 2251 5338 sorde

201 5409 298 5488 'rum
318 5382 520 5454 affectiones
538 5404 577 5455 ac
592 5379 766 5453 inllnrum
780 5380 979 5472 complexa,
1005 5370 1208 5455 Medicinae
1259 5388 1428 5472 evellunt,
1452 5389 1603 5481 lotoque
1616 5387 1774 5456 referunt
1790 5382 1937 5464 excelse,
1961 5371 2253 5460 iamnirisdigna
