4616 5816
61 292 122 366 ur
582 274 752 356 oron
775 271 859 352 ne
887 261 1586 356 menoare-oaeneon,
2013 269 2088 350 aaa

147 456 264 550 Quam
285 455 422 528 misera
436 467 491 528 est
516 467 637 528 antem
663 451 833 532 servitus,
867 469 1039 538 organum
1093 440 1233 514 Videtis
1247 435 1341 512 hanc
1356 463 1630 524 essesummam,
1652 440 1911 512 etsententiam
1926 443 2087 524 omnium

59 587 120 635 esse
148 561 242 632 tanti
271 558 405 632 luroris
426 581 467 630 ae
489 557 581 630 tanti
606 555 683 627 odii
703 556 872 626 maerens
899 549 1041 622 Deum?
1092 544 1391 638 promissionum,
1423 565 1512 638 quae
1527 540 1694 615 Patribus
1718 553 1752 613 et
1767 539 1954 636 Prophetis
1975 550 2087 618 tradis

59 665 147 738 Talis
165 675 217 734 est
239 664 312 734 vita
334 659 489 733 Neronis
512 675 547 734 et
562 658 755 750 impiarum
770 654 951 740 omnium,
977 653 1038 746 qui
1092 661 1148 720 tae
1171 661 1266 718 sunt·
1327 645 1439 716 Lucet
1471 667 1553 735 ergo
1586 643 1625 714 in
1647 646 1784 716 latrone
1807 671 1889 718 vera
1913 648 2014 718 fides:
2051 665 2086 723 et

57 791 126 840 rum
146 767 186 838 in
208 785 313 836 cruce
335 763 534 856 pendeant,
566 756 635 832 hoe
661 774 731 843 est,
763 757 897 828 sintin
922 755 1036 826 media
1077 749 1173 818 ‘fidei
1199 749 1383 841 proprium
1412 761 1465 817 est
1497 759 1612 836 petere
1636 748 2084 844 veniampropteripenm

58 884 175 949 morte,
200 865 497 956 uamvoluptates
512 885 636 936 eorum
651 887 725 933 non
740 874 822 932 sont
836 859 1038 940 diuturnae,
1092 852 1316 922 liberatorem
1339 851 1454 920 filium
1476 847 1564 934 Dei,
1597 874 1661 919 nec
1683 851 1852 920 deterreri
1874 853 2005 924 nostris
2021 856 2085 924 de-

57 985 160 1042 tameo
172 969 400 1040 liberatorem
414 972 658 1059 aspernantur.
711 961 760 1034 Et
775 961 961 1033 confirmat
981 981 1036 1028 er-
1091 954 1201 1038 tinia,
1233 978 1303 1046 quo
1326 953 1447 1022 minus
1466 954 1510 1022 ad
1528 953 1888 1040 eumeonlugiarnus,
1913 978 1952 1023 ac
1975 956 2084 1027 henes

56 1095 158 1142 rerem
180 1067 377 1156 Diabolus,
410 1069 474 1163 qui
493 1067 679 1162 postquam
711 1065 891 1135 mentibus
913 1085 1051 1147 eorum
1089 1057 1207 1125 ficium
1233 1056 1308 1124 eius
1334 1069 1565 1146 expectemus.
1623 1053 1910 1141 Lanosgnoseit
1930 1068 2082 1128 sua‘sce.

56 1173 172 1245 oliudit
186 1171 369 1242 densiores
393 1171 561 1256 nebulae,
587 1182 706 1260 postea
726 1193 792 1260 pro
807 1165 957 1236 libidine
974 1185 1036 1232 sna
1088 1159 1180 1241 lera,
1203 1181 1277 1227 oon
1294 1157 1405 1227 adfert
1419 1158 1464 1226 ad
1479 1150 1662 1228 Christrm
1678 1157 1857 1229 benefacta
1872 1171 1933 1228 aut
1945 1161 2082 1250 merita,

57 1276 117 1344 illis
131 1274 311 1358 abutitur,
344 1271 505 1345 accendit
520 1272 558 1342 in
580 1272 631 1340 eis
651 1273 773 1342 odium
792 1265 879 1348 Dei,
908 1279 943 1336 et
958 1289 1034 1335 sae-
1088 1261 1147 1330 sed
1168 1262 1274 1329 sentit
1291 1254 1387 1329 horte
1402 1281 1476 1339 esse
1490 1253 1641 1328 hostiam
1661 1281 1725 1346 pro
1748 1259 1911 1328 omnium
1927 1261 2080 1338 delictis:

56 1375 164 1448 vitiam
185 1377 357 1446 adversus
381 1376 538 1446 membra
559 1367 705 1444 Christi.
763 1370 845 1441 Non
865 1369 975 1458 igitur
992 1367 1036 1434 li·
1088 1362 1183 1433 videt
1207 1361 1389 1432 voluntate
1410 1361 1495 1444 Dei,
1529 1354 1761 1430 huictantam
1779 1383 1927 1450 poenam
1945 1363 2081 1453 irrogas

58 1480 212 1550 berantur
234 1503 255 1548 a
275 1491 409 1564 morte,
442 1479 503 1548 sed
527 1488 638 1546 ruunt
664 1476 702 1544 in
723 1487 886 1546 aeternos
901 1471 1035 1542 crucia-
1088 1478 1160 1536 tam
1180 1487 1253 1534 esse
1277 1463 1479 1548 innocenti,
1512 1474 1553 1532 ut
1566 1463 1625 1532 fiat
1642 1456 1755 1536 hostia
1779 1487 1845 1552 pro
1862 1475 1937 1534 toto
1953 1485 2080 1554 genere

57 1594 118 1662 tus,
148 1601 229 1648 cum
259 1577 404 1674 quidem
428 1579 498 1647 iam
527 1577 583 1648 bis
605 1578 760 1646 latrones
781 1576 870 1656 sint,
902 1568 1035 1642 habent
1088 1561 1256 1638 hornano.
1318 1563 1418 1634 Talis
1439 1565 1524 1634 fides
1547 1577 1641 1636 certo
1673 1564 1837 1654 impetrat
1863 1569 2077 1657 promissas

57 1680 242 1750 communia
272 1679 402 1750 seelera
424 1679 489 1752 toti
516 1679 638 1768 generi
661 1673 830 1750 humano.
891 1673 1035 1744 Hisad-
1087 1665 1174 1738 Deo.
1235 1665 1356 1755 Quare
1384 1662 1550 1738 Christus
1582 1665 1675 1736 clara
1698 1689 1784 1735 voce
1813 1691 1896 1736 rum
1920 1671 2079 1745 absolvit

57 1785 132 1852 dunt
151 1793 395 1873 contemptum
420 1781 579 1850 beneficii
601 1775 754 1863 Christi,
788 1791 824 1848 et
841 1777 1032 1846 crudelita-
1087 1771 1241 1860 sculpe,
1264 1768 1680 1860 acprffllllllelssfflm
1697 1781 1942 1860 θῑΡθῑΡθῑῠᾶῐῠ
1960 1773 2079 1861 vllam,

58 1896 131 1965 tem,
155 1907 262 1976 quam
280 1883 317 1952 in
333 1879 516 1954 Christum
534 1895 569 1952 et
590 1881 667 1952 eius
688 1881 849 1951 mernbra
865 1890 1034 1950 exercent.
1087 1872 1300 1942 corrfirmans
1338 1871 1408 1940 iam
1441 1871 1766 1960 interpretationem
1800 1872 2079 1960 promissionum

58 1981 158 2052 lluius
171 1985 273 2074 impii
299 1985 451 2075 agminis
465 1983 624 2054 universi
646 1979 757 2055 eluvie
772 1994 827 2052 est
839 1979 1035 2050 maledicus
1087 1969 1391 2064 propheticarum:
1428 1970 1563 2055 Hodie,
1597 1972 1731 2066 inquit,
1766 1972 1836 2042 eris
1866 1998 2002 2044 mertem
2040 1979 2078 2048 in

60 2085 143 2157 leue.
199 2084 305 2156 Nunc
335 2089 379 2154 de
417 2087 528 2156 altero
568 2084 702 2170 dicam,
734 2085 797 2178 qui
827 2081 1035 2151 emendatos¹
1087 2075 1260 2166 paradiso.
1317 2071 1479 2166 Corpora
1501 2075 1771 2167 relinquebant,
1804 2087 1840 2144 et
1865 2082 2078 2151 tamennon

60 2186 212 2275 significat
234 2183 451 2268 Ecclesiam,
485 2209 576 2280 quae
598 2199 651 2256 est
671 2187 780 2257 altera
795 2208 877 2277 pars
897 2183 1035 2274 generis
1086 2176 1199 2246 loturi
1224 2181 1325 2246 erant
1348 2177 1387 2244 in
1410 2191 1517 2246 coetu
1537 2176 1678 2266 piorum
1700 2171 1919 2264 Angelorum
1935 2178 2079 2252 acpro-

60 2281 205 2371 humant,
229 2308 332 2380 .qoae
356 2303 391 2358 et
415 2289 492 2380 ipsa
513 2288 701 2360 tatroctnto
716 2285 1035 2369 contaminasset,
1086 2274 1291 2368 phaeacum,
1315 2279 1377 2370 qut
1392 2279 1463 2348 Dei
1478 2279 1928 2353 oemoettadinetroumor.
1993 2313 1996 2321 >

60 2389 266 2460 ardeatinam
283 2389 410 2471 morti,
434 2389 594 2478 agnoscit
617 2385 802 2459 rehabere
819 2401 975 2478 peecata,
1001 2394 1034 2456 et
1089 2385 1094 2444 ἶ
1187 2378 1350 2450 Audistis
1376 2383 1464 2450 duaa
1496 2379 1698 2470 perspicuas
1721 2378 1908 2468 Evangelii
1928 2387 2080 2455 concio»

60 2490 298 2562 calamitatibus
314 2491 520 2581 ingentibus
538 2515 578 2560 ao
594 2491 700 2561 morti
722 2489 876 2562 obnoxie
898 2505 970 2573 est,
995 2499 1035 2559 ut
1087 2505 1168 2568 nes,
1184 2485 1238 2551 de
1251 2476 1602 2570 beneficiisCheisti,
1630 2483 1674 2552 de
1697 2483 2008 2571 reconciliatione,
2035 2491 2079 2560 de

62 2593 166 2662 moeri
197 2587 373 2665 homines.
439 2595 508 2666 Sed
532 2593 696 2663 redditur
715 2594 860 2684 'sipost
883 2603 1034 2661 mortem
1086 2584 1158 2655 rita
1175 2597 1354 2676 perpetua.
1406 2581 1514 2652 Latro
1529 2584 1616 2672 petit
1642 2585 1780 2654 veniam
1800 2586 1910 2653 lretns
1925 2611 1997 2655 non
2015 2591 2078 2658 he-

62 2715 135 2760 nova
155 2709 185 2764 et
201 2693 373 2786 perpetua
388 2693 480 2778 vita,
513 2695 594 2778 lux,
623 2695 814 2784 rapientia,
847 2691 984 2762 iusticia
1000 2705 1034 2761 et
1086 2687 1235 2756 uetanis
1255 2687 1345 2770 suis,
1381 2688 1441 2754 sed
1464 2682 1612 2754 Domini
1633 2685 1817 2756 clementia
1838 2699 1872 2755 et
1892 2691 2075 2762 sacrificio.

62 2791 188 2866 laeticie.
250 2792 350 2866 llaec
371 2797 552 2888 quomodo
574 2794 678 2882 bant,
711 2819 753 2864 ex
770 2789 838 2866 hoc
855 2792 1033 2886 colloquio
1085 2783 1251 2858 Christus
1275 2787 1485 2878 promittens
1521 2786 1561 2854 ei
1584 2788 1723 2858 veniam
1751 2799 1784 2856 et
1811 2789 1920 2856 vitam
1951 2815 2078 2884 perpe.

62 2895 232 2982 discamus,
268 2898 386 2990 quod,
411 2909 452 2966 ut
473 2911 555 2966 aute
573 2897 667 2982 diri,
692 2896 854 2966 omnium
878 2889 1034 2986 prophe·
1085 2902 1204 2975 tuam,
1228 2901 1376 2960 testatur
1401 2884 1486 2958 haec
1511 2889 1679 2958 beneficia
1697 2885 1764 2959 hoc
1778 2891 1887 2959 modo
1903 2895 2080 2966 credenti-

61 2995 187 3066 ticarom
225 3011 262 3067 et
295 2999 572 3090 apostolicarum
608 2998 820 3068 concionum
860 3018 1047 3066 summaro-
1085 2992 1257 3061 hosdari.
1291 2989 1437 3063 Poseent
1454 2985 1540 3058 haec
1555 2991 1668 3063 multo
1685 2990 1828 3060 uberius
1843 2994 1990 3082 exponi,
2017 3000 2078 3068 sed

62 3099 294 3190 complectitur.
355 3100 524 3190 Agnoscit
546 3121 608 3170 sua
633 3113 772 3191 morata
788 3094 847 3170 hic
864 3099 974 3184 latro,
1000 3111 1033 3167 et
1085 3117 1165 3163 cum
1198 3096 1290 3185 apud
1327 3093 1483 3162 emolitos
1507 3085 1679 3162 habeatur
1709 3092 1843 3174 oratio,
1875 3095 1975 3163 nolui
2004 3123 2079 3169 aare

61 3196 173 3288 ingenti
196 3214 299 3272 motu
319 3202 431 3270 animi
452 3202 641 3290 confugere
666 3204 772 3270 audet
795 3201 839 3270 ad
865 3201 1033 3269 liberato-
1085 3194 1275 3286 prolixior:
1308 3195 1383 3264 dixi
1406 3218 1578 3262 summam
1603 3191 1787 3284 Evangelii
1805 3195 1842 3263 in
1864 3191 2080 3270 hisconcio-

63 3321 134 3368 rem.
179 3303 353 3374 Audierat
375 3301 420 3376 de
441 3297 509 3372 hoc
523 3301 621 3374 socio
635 3302 803 3394 supplicii
821 3299 918 3388 lesu,
945 3301 1032 3396 quid
1085 3298 1191 3366 nibus
1204 3291 1493 3386 comprehensam
1508 3319 1592 3367 esse.
1631 3294 1768 3366 Hortor
1782 3298 1886 3367 etiam
1902 3311 1943 3394 ut
1961 3321 2080 3371 mem:-

62 3401 230 3474 docuisset:
260 3397 931 3476 audierateumtestimoniadoetrinae
950 3399 1033 3472 suae
1085 3399 1185 3489 plum
1215 3399 1416 3478 imitemur,
1449 3421 1490 3468 ac
1514 3397 1622 3466 simili
1644 3399 1772 3469 fiducia
1793 3401 1839 3468 ad
1873 3399 1987 3469 lilium
2010 3401 2079 3474 Dei

61 3523 120 3570 non
138 3506 292 3594 vulgaria
316 3501 536 3590 exhibuisse,
565 3517 600 3574 et
617 3519 774 3576 senserat
793 3503 1033 3590 comminata,
1083 3493 1341 3589 confugiamus.
1382 3495 1568 3582 Haereat,
1589 3513 1628 3570 ut
1643 3500 1757 3578 scitis,
1784 3502 1966 3570 doctrinae
1980 3525 2078 3574 sarm

62 3605 168 3674 scelere
196 3606 411 3678 Pontificum
444 3620 585 3699 raptum
621 3627 695 3678 esse
728 3605 774 3677 ad
807 3603 1031 3698 supplicium.
1084 3625 1163 3686 ma,
1196 3605 1240 3671 de
1274 3601 1413 3672 iusticia
1442 3599 1543 3680 bdei,
1576 3623 1636 3670 seu
1671 3603 1717 3670 de
1745 3603 2010 3691 regeneratione
2043 3621 2078 3679 et

62 3699 212 3778 Audierat
244 3725 279 3779 et
300 3711 469 3802 qarasdam
496 3709 572 3778 eius
601 3731 705 3778 voces
727 3708 765 3778 in
786 3731 907 3794 cruce,
946 3729 1033 3802 quas
1084 3703 1241 3789 adituad
1258 3704 1574 3774 vitamaeteruam.
1627 3701 1977 3798 Videamusreliqna.
2024 3706 2078 3779 Ne

61 3805 335 3882 animadverterat
365 3835 441 3880 non
465 3809 637 3904 proficisci
668 3833 687 3878 a
714 3809 850 3900 vulgari
875 3805 1032 3881 homine.
1085 3805 1162 3876 beri
1184 3806 1330 3898 quidem
1344 3817 1476 3897 potest,
1504 3819 1545 3875 ut
1558 3799 1716 3875 Ecclesia
1732 3807 1777 3878 sit
1787 3807 1868 3876 siue
1881 3807 1980 3877 cultu
1997 3809 2078 3896 Dei,

64 3901 151 3978 Videt
170 3926 332 3982 naturam
358 3935 496 3992 rarum,
522 3925 805 3998 terraemotum,
829 3913 964 3983 subitas
979 3925 1032 3981 te·
1083 3909 1161 3978 sine
1177 3905 1374 3992 sacrificiis,
1398 3907 1474 3977 sine
1488 3905 1593 3978 bonis
1610 3909 1795 3998 operibus,
1820 3909 1899 3978 sine
1915 3913 2079 3982 certami-

62 4007 268 4084 nebrassolis
290 4016 335 4084 de
349 4037 390 4084 eo
404 4010 608 4090 testimonia
629 4017 747 4084 edere:
781 4038 889 4108 quare
910 4015 1034 4088 statuit
1084 4011 1203 4084 nibus.
1254 4008 1338 4080 Ideo
1353 4011 1449 4080 enim
1466 4009 1851 4099 Deusrestituitgenus
1865 4006 2076 4099 humanum,

63 4099 242 4184 honerare
274 4137 348 4186 esse
375 4117 600 4186 liberatorem
617 4128 671 4185 et
699 4112 896 4188 Christum.
955 4114 1032 4186 Hae
1083 4129 1124 4184 ot
1146 4111 1242 4184 inter
1265 4107 1439 4182 homines
1453 4111 1564 4202 ipsius
1585 4111 1715 4182 noticia
1732 4112 1848 4182 luceat
1864 4113 2076 4186 accelebra-

62 4206 117 4280 fide
140 4219 320 4302 excitatus,
356 4219 490 4311 inquit:
537 4216 721 4288 Memento
755 4219 823 4286 mei
856 4219 1032 4302 Domine,
1081 4225 1158 4286 tur:
1189 4237 1298 4308 quare
1318 4215 1434 4284 cnltus
1456 4225 1491 4282 et
1511 4211 1734 4284 officia'certa
1753 4215 1924 4306 postulat.
1977 4215 2072 4290 Num

63 4331 127 4381 cum
141 4321 274 4388 veneris
288 4320 325 4389 in
339 4341 487 4411 regnum
501 4333 612 4389 tuum.
664 4317 893 4390 Considerate
904 4333 1031 4404 autem,
1084 4312 1169 4386 haec
1193 4315 1347 4405 neglexit
1370 4317 1460 4386 latro
1484 4316 1710 4400 emendatus,
1733 4339 1819 4386 num
1837 4317 1921 4410 quia
1940 4322 2072 4410 pende-

64 4433 150 4501 quarn
171 4422 332 4492 miranda
357 4422 417 4492 lux
439 4422 477 4490 in
499 4415 568 4489 hoc
593 4421 731 4492 latrone
749 4421 896 4493 fulserit.
948 4419 1030 4490 Non
1083 4417 1503 4498 bntnndusacvioctus,
1527 4417 1625 4488 nulla
1644 4415 1850 4492 officialleo
1875 4423 2076 4510 praestitit?

64 4513 236 4592 deterretur
248 4525 414 4594 foeditate
431 4519 595 4614 supplicii
610 4535 644 4592 et
657 4537 770 4594 morte
781 4518 934 4608 Christi,
959 4547 1030 4616 quo
1084 4520 1152 4592 llle
1165 4517 1249 4590 vero
1268 4521 1473 4612 praecipuos
1488 4513 1641 4590 honores
1656 4514 1800 4590 Christo
1816 4521 1960 4610 tribuit,
1984 4523 2073 4617 quos

65 4615 163 4688 minus
190 4625 320 4696 iudicet
352 4647 433 4695 eum
463 4647 537 4695 esse
559 4625 770 4714 promissum
788 4626 1031 4699 liberatorem.
1082 4621 1179 4694 Deus
1193 4623 1233 4692 in
1248 4623 1373 4715 primis
1391 4621 1542 4712 flagitat:
1575 4622 1646 4710 agit
1664 4622 1938 4711 poenitentiam,
1963 4648 2073 4714 agno-

65 4709 182 4794 Deinde
200 4727 303 4818 longe
325 4729 430 4797 aliter
459 4729 502 4796 de
526 4724 655 4796 Messio
681 4727 806 4810 sentit,
836 4749 943 4821 quarn
974 4725 1031 4796 vel
1082 4725 1272 4796 seit'sunm
1296 4725 1425 4808 scelus,
1461 4737 1554 4794 recte
1576 4725 1683 4794 sentit
1710 4725 1756 4794 de
1779 4719 1847 4794 hoc
1870 4725 2071 4813 liberatore,

65 4810 241 4914 Pharisaei,
267 4831 321 4899 rel
345 4827 528 4920 Apostoli,
554 4828 696 4920 utrique
719 4831 947 4920 expectabant
963 4829 1031 4897 im·
1081 4822 1176 4898 nihil
1203 4827 1392 4900 deterritus
1425 4826 1486 4896 illa
1510 4825 1705 4896 miserabili
1734 4825 1849 4918 specie
1877 4829 2072 4914 morientis,

68 4924 191 5004 teriaca
211 4955 305 5024 opes.
357 4929 427 5002 Hie
443 4931 533 5001 latro
549 4929 619 5000 iam
637 4925 834 5022 Prophetas
856 4932 1031 5024 interpres
1078 4925 1224 5002 invocat
1238 4953 1331 5001 eum.
1374 4926 1873 5021 ·Haee·auut-·vere⁶piaopera.
1925 4925 2072 5001 Accedit

68 5027 160 5111 tetur,
183 5031 280 5105 docet
296 5032 465 5104 Messium
484 5033 716 5104 liberaturum
732 5055 797 5102 nos
813 5051 885 5102 esse
901 5057 920 5102 a
939 5033 1030 5132 uerit
1080 5025 1117 5102 e't
1140 5031 1333 5102 dimicatio.
1380 5029 1607 5125 -Quanquam
1625 5031 1719 5100 enim
1737 5033 1871 5123 pendet
1883 5032 2073 5102 semivivus

70 5131 95 5188 et
107 5133 242 5204 aeternis
257 5136 427 5221 malis,·a
447 5147 588 5227 peceato
597 5189 614 5218 ,‚
634 5137 855 5228 aperpetnis
865 5135 1031 5206 cruciati·
1082 5159 1122 5205 ac
1152 5134 1312 5207 laceratis
1339 5133 1527 5218 membris,
1558 5146 1676 5203 tamen
1704 5133 1801 5204 venit
1827 5133 1867 5200 in
1893 5127 2072 5204 mnemon

69 5217 138 5311 5¹¹⁵,
163 5257 198 5304 oc
217 5251 443 5328 regnaturum
466 5261 541 5308 non
563 5237 603 5306 in
623 5232 690 5306 hae
715 5238 914 5330 calamitosa
947 5237 1030 5323 rita,
1082 5261 1162 5306 eum
1186 5238 1443 5320 conviciatore,
1477 5259 1548 5330 quo
1572 5257 1693 5305 severe
1713 5234 1879 5324 castigato
1900 5233 2073 5306 etobiurss

72 5327 118 5392 ‘td
137 5351 206 5420 post
224 5333 315 5411 hane
340 5341 466 5420 evisam,
497 5339 562 5409 ubi
583 5340 744 5410 fruemur
757 5337 825 5410 Dei
839 5353 1031 5412 consuetu-
1081 5351 1178 5429 gato,
1202 5339 1361 5410 defendit
1375 5333 1515 5410 Christi
1537 5331 1697 5428 gloriam.
1748 5333 1846 5407 Haec
1868 5337 2073 5409 estconles-
2145 5391 2151 5396 .

74 5423 154 5600 llll,
179 5438 314 5516 liberati
345 5443 391 5512 ab
420 5441 589 5514 omnibus
612 5442 793 5512 erroribus
806 5457 848 5522 -et
869 5441 1031 5515 miseriis.
1082 5443 1158 5529 sio,
1180 5465 1286 5538 quam
1300 5433 1654 5614 quautllaciatDeatis,
1671 5455 1907 5534 saapemonet
1921 5440 2073 5533 nupto
2143 5453 2147 5460 '

141 5563 269 5612 terrra.
287 5550 395 5614 Orate.
410 5546 495 5614 Vos.
510 5545 573 5614 ΧΙ.
1359 5543 1360 5548 ’
