4718 5828
241 291 293 368 fis
735 270 895 352 DECL.
926 267 1003 350 DE
1034 268 1307 348 ENCOMlO
1339 197 1812 366 ELOQUENTIAE,
2233 275 2284 350 64

243 484 320 541 tum
347 487 423 533 non
440 445 654 548 absolure')
675 442 855 538 Theologi
874 449 1063 535 videntur,
1088 471 1169 518 com
1192 447 1236 516 de
1288 469 1349 516 rae
1372 444 1587 538 eripiuntur.
1637 443 1730 516 Nam
1751 445 1900 539 reliquis
1922 446 2047 540 poenis
2069 447 2121 542 pii
2142 473 2287 546 quoque

247 563 461 664 gravissimis
483 559 589 629 rebus
611 552 778 625 obscoeni
798 547 977 636 homines,
1003 550 1145 641 impuro
1164 573 1237 629 ore,
1289 573 1364 618 non
1380 573 1461 618 raro
1478 549 1707 618 mulctantur.
1759 548 1809 620 At
1822 551 2005 620 literarum
2023 550 2197 622 inscitiam
2215 577 2286 644 pu-

245 671 347 742 nnlla
365 663 539 753 religione
560 657 753 748 disputent.
815 649 965 724 Etcum
989 666 1083 722 vetet
1105 650 1238 722 Paulus
1289 651 1381 720 blica
1396 651 1586 720 comitatur
1602 651 1776 742 impietas.
1825 651 1948 743 Nuper
1964 675 2048 722 vero
2070 677 2149 721 cnm
2172 655 2287 746 respi-
2317 667 2350 735 t,

247 762 464 866 καπηλεύειν
486 757 599 861 λόγον
621 757 734 841 θεοῦ,
760 777 865 824 nemo
890 755 1133 846 impudentius
1155 777 1238 822 cau·
1290 777 1367 822 cere
1392 753 1541 823 afflictos
1564 753 1691 822 iterum
1719 753 1889 846 coepisset
1906 755 2060 844 optimus
2080 751 2204 842 Pater,
2231 780 2287 826 es-
2315 744 2319 813 l

245 887 402 970 l'⁰¹¹²¹l¹¹r
417 867 566 937 verbum
586 859 674 946 Dei,
700 882 805 952 (luam
823 853 880 941 hb
907 857 970 950 (Ιυῖ
985 881 1065 926 Cum
1081 879 1146 924 ¹¹⁸⁰
1158 879 1239 923 ¹¹10·
1290 867 1411 948 setque
1426 855 1629 924 redditurus
1644 853 1750 924 nobis
1764 853 2011 946 Evangelinm,
2036 881 2098 948 pro
2115 879 2176 926 sna
2193 859 2287 928 libe-
2308 926 2310 935 ,

246 979 369 1060 ribus,
397 994 464 1040 nee
486 963 687 1036 eruditione
716 960 818 1029 bonis
848 981 884 1027 se
912 959 1062 1049 probare
1091 956 1239 1048 possint,
1290 955 1428 1026 ralitatc
1442 971 1477 1026 et
1493 958 1613 1026 literas
1626 958 1790 1041 restituit,
1813 959 1944 1050 quibus
1957 955 2142 1048 Evangelii
2156 973 2286 1030 tracta.
2349 971 2350 1048 ζ

246 1078 347 1170 vulgi
368 1076 546 1152 favorem,
570 1065 680 1156 impia
707 1085 885 1130 sacrarum
909 1060 1092 1130 literarum
1111 1071 1241 1128 tracta·
1292 1059 1341 1128 tio
1364 1061 1604 1128 adiuvaretur.
1664 1055 1737 1128 Nec
1759 1060 1871 1148 magis
1890 1083 2025 1133 novum
2044 1059 2159 1130 videri
2179 1063 2287 1134 debet

248 1183 347 1255 tione
363 1176 577 1246 emerentur.
613 1165 711 1256 Quid
727 1161 863 1232 multa?
888 1161 1239 1259 videaseosadsper-
1293 1163 1426 1230 donum
1441 1161 1643 1249 linguarum
1662 1156 1842 1253 Apostolis
1857 1161 2043 1246 collatum,
2065 1187 2169 1255 quam
2187 1167 2287 1257 quod

248 1284 328 1354 nari
347 1280 467 1350 literas
480 1285 635 1352 nostras,
662 1265 791 1360 quibus
807 1287 862 1333 res
875 1265 990 1333 bonae
1004 1259 1241 1354 honestaeque
1292 1259 1358 1331 hae
1384 1287 1404 1332 a
1426 1275 1526 1332 tanto
1551 1261 1713 1355 squalore
1742 1261 1920 1356 receptae,
1953 1287 1995 1350 er
2024 1265 2179 1334 tenebris
2206 1267 2287 1358 pl„³
2349 1273 2350 1280 ,

249 1404 390 1466 omnes,
416 1376 545 1470 quibus
559 1371 686 1462 pietas.
712 1367 842 1460 quibus
856 1389 972 1435 mores
989 1364 1141 1458 publici,
1168 1364 1240 1432 imo
1294 1389 1399 1458 qnam
1421 1365 1582 1435 tartareis
1602 1365 1641 1432 in
1662 1359 1983 1435 lucem‘revoeatae
2005 1379 2099 1438 sunt.
2150 1363 2225 1436 Nec
2247 1368 2286 1436 in

251 1487 381 1584 quibus
395 1475 558 1552 Christus
574 1473 649 1564 ipse
664 1470 783 1540 fabula
798 1477 870 1540 est.'
915 1467 1079 1560 lnquos,
1106 1467 1240 1535 sibene
1293 1470 1443 1536 obscuro
1468 1479 1538 1552 est,
1563 1467 1668 1534 bonis
1690 1468 1901 1559 quibusdam
1920 1465 2007 1536 viris
2028 1467 2286 1539 auriliofnisse
2349 1535 2350 1538 ,

250 1572 477 1660 constitutam
503 1573 714 1648 haberemus
744 1568 1036 1660 Rempublicam,
1075 1592 1149 1636 non
1175 1590 1241 1636 nos
1294 1569 1477 1638 literarum
1512 1567 1713 1653 scientiam,
1754 1569 1792 1636 in
1826 1565 2023 1659 Theologia
2056 1569 2286 1641 restituenda,
2349 1597 2350 1616 1

253 1689 433 1767 oratione,
490 1679 551 1748 sed
591 1676 627 1744 ri
668 1671 897 1761 Magistratus
937 1671 1241 1740 animadverteret.
1293 1669 1454 1742 Primum
1472 1669 1588 1762 itaque
1605 1667 1822 1758 ingratitudo
1836 1670 1962 1754 fuerit,
1985 1672 2131 1740 coeleste
2148 1675 2285 1742 donum

252 1791 371 1882 Quam
388 1782 482 1854 essim
499 1803 637 1850 crucem
652 1800 727 1844 ¹¹⁰ss
744 1787 922 1842 merentur
937 1767 986 1857 hi,
1012 1773 1126 1866 quint
1141 1795 1241 1862 prae·
1294 1773 1518 1863 adspernari,
1544 1773 1673 1840 deinde
1693 1795 1773 1840 curn
1787 1773 1958 1841 beneficio
1977 1771 2160 1842 literarum
2182 1775 2287 1844 resti-

249 1909 345 1966 terea
360 1883 458 1980 nihil
470 1893 625 1974 peccent,
642 1877 801 1967 exemplo
817 1899 879 1945 suo
895 1875 1114 1944 inventutem
1128 1899 1146 1940 a
1161 1873 1241 1941 lite·
1294 1887 1367 1944 tnta
1386 1875 1457 1944 sint
1470 1896 1588 1959 sacra,
1614 1873 1717 1964 impii
1734 1873 1857 1953 simus,
1884 1874 1914 1941 si
1930 1875 2066 1944 nullam
2083 1869 2209 1946 harum
2228 1901 2286 1945 ra.

252 1998 303 2066 ris
331 1985 505 2063 avocant?
544 1980 644 2071 Quae
672 1979 744 2050 nisi
769 1977 969 2061 discantur,
1003 1975 1242 2068 posteritatem
1294 1976 1427 2044 tionem
1456 1971 1662 2059 habeamus,
1688 1975 1765 2043 sine
1791 1975 1922 2069 quibus
1944 1990 2037 2046 stare
2065 2001 2120 2045 res
2144 1973 2288 2048 theolo-
2349 1993 2350 2054 3

197 2171 198 2175 ,
251 2117 374 2170 sumus
390 2084 549 2160 habituri
563 2078 678 2152 nihilo
696 2080 870 2148 saniorem
888 2079 1130 2172 superioribus
1143 2101 1243 2147 secu·
1294 2079 1369 2166 gira
1398 2101 1473 2146 non
1498 2090 1626 2168 potest,
1680 2073 1727 2146 Et
1754 2091 1794 2148 nt
1820 2078 1940 2170 paucis
1972 2101 2162 2168 exponam,
2195 2081 2285 2174 qnid
2349 2095 2350 2114 ,

252 2202 316 2283 lis,
343 2215 424 2264 cnm
446 2190 627 2258 literarum
649 2181 824 2274 imperitia
847 2205 902 2249 res
924 2203 1046 2249 omnes
1070 2176 1243 2248 humanas
1295 2181 1446 2249 iudicem
1467 2181 1509 2247 ad
1537 2201 1714 2248 sacrarum
1730 2177 1910 2248 literarum
1932 2181 2174 2250 tractationem
2195 2205 2286 2251 con-

254 2325 295 2372 ae
318 2295 459 2366 divinas
483 2289 732 2358 labefactasset.
786 2281 886 2372 Quin
908 2282 1016 2371 igitur
1036 2281 1085 2351 sic
1112 2282 1244 2370 cogita·
1294 2284 1384 2350 serre
1410 2281 1611 2368 linguarum
1644 2280 1845 2360 scientiam,
1878 2305 1952 2350 non
1983 2303 2062 2351 sum
2093 2281 2132 2355 in
2157 2307 2199 2352 co
2228 2309 2286 2353 er·
2349 2291 2350 2316 l

255 2417 353 2484 rn'us,
379 2395 467 2466 olim
495 2413 574 2459 cum
599 2385 802 2476 gravissime
826 2397 1045 2452 succenseret
1065 2379 1243 2452 Ecclesiae
1295 2407 1393 2466 rore,
1432 2396 1471 2451 nt
1500 2376 1649 2450 humani
1683 2382 1817 2471 ingenii
1845 2381 2018 2452 industria
2050 2405 2147 2453 sacra
2176 2409 2288 2475 pene·
2349 2431 2350 2442 ,

253 2503 368 2580 Deus,
394 2507 528 2585 ereptas
552 2515 625 2559 esse
647 2488 785 2565 literas,
813 2497 929 2553 secuta
949 2497 1000 2554 est
1017 2497 1051 2553 et
1066 2507 1242 2552 sacrarum
1296 2485 1379 2553 trari
1402 2497 1564 2555 statuam.
1625 2480 1718 2552 Sunt
1744 2483 1781 2552 in
1807 2483 1930 2568 sacris,
1963 2507 2053 2578 qnae
2079 2486 2149 2554 nisi
2179 2511 2287 2556 mon.

253 2602 405 2675 inscitia.
457 2593 646 2664 Nemeum
668 2588 798 2657 nostris
814 2585 929 2654 verbis
952 2585 1052 2678 loqui
1068 2583 1165 2654 Deus
1180 2611 1245 2653 ro·
1295 2599 1426 2656 strante
1444 2583 1520 2655 Deo
1544 2609 1648 2654 nemo
1671 2609 1829 2678 unquam
1851 2599 1986 2656 cernat:
2013 2579 2079 2656 nec
2095 2588 2287 2661 innotescit
2349 2645 2350 2656 ,

255 2703 382 2782 luerit,
405 2701 450 2768 de
465 2716 628 2764 sermone
644 2690 767 2759 divino
790 2689 907 2778 inepte
928 2687 1163 2758 indicaverint
1176 2688 1245 2755 im·
1295 2689 1399 2757 nobis
1415 2681 1595 2770 Christus,
1621 2685 1692 2754 nisi
1708 2688 1829 2758 doceat
1844 2685 1999 2780 Spiritus
2022 2703 2173 2760 sanctus.
2226 2691 2288 2762 Sic
2349 2693 2350 2752 ἶ

254 2805 360 2902 periti
376 2802 504 2871 artium
523 2793 674 2866 dicendi.
708 2789 820 2859 Porro
835 2814 924 2881 qnae
940 2789 1012 2858 illis
1027 2789 1245 2880 temporibus
1295 2784 1563 2860 enimChristus
1578 2789 1653 2879 ipse
1668 2788 1975 2880 inquit,aspiritu
1990 2813 2026 2858 se
2040 2784 2309 2884 δοξασθῇναι..
2349 2799 2350 2802 ’

256 2907 403 2980 caecitas
417 2911 554 2982 mentes
568 2891 754 2964 hominum
769 2891 934 2970 tenebat?
960 2886 1142 2964 Christum
1155 2917 1246 2984 qno·
1299 2891 1430 2960 Verum
1453 2903 1591 2982 praeter
1612 2885 1851 2981 prophetiam,
1877 2891 1931 2960 vis
1945 2891 2135 2962 verborum
2152 2917 2287 2983 cogno-

256 3005 464 3103 tusquisque
487 2997 613 3068 norat?
646 2993 722 3063 lmo
747 2987 886 3063 chartac·
902 2993 973 3061 iarn
991 2993 1245 3077 obsoleverant,
1296 2993 1423 3062 scenda
1447 3007 1516 3076 est,
1548 2993 1585 3059 in
1609 2993 1739 3084 quibus
1761 3007 1929 3086 tanquam
1958 2994 1996 3062 in
2020 2996 2172 3064 sacrario
2193 3021 2286 3088 qno·
2349 3069 2350 3072 Ἴ

257 3113 388 3210 quibus
425 3101 700 3172 continebantur
738 3117 846 3166 sacra.
907 3090 1086 3162 Articulos
1118 3091 1244 3162 Parisii
1296 3095 1391 3178 dam,
1417 3095 1538 3162 divina
1555 3093 1718 3188 mysteria
1736 3097 1916 3164 recondita
1932 3108 2025 3166 sunt
2074 3094 2172 3184 Quid
2188 3098 2286 3166 enim

164 3261 167 3266 ·
257 3210 477 3288 condebant,
502 3197 749 3295 q¹l⁰⁵l¹¹l⁸llffl
768 3195 941 3274 mundus,
967 3197 1247 3287 tanquamdivi-
1296 3197 1414 3264 sinon
1437 3195 1615 3266 intellecta
1637 3195 1744 3264 verba
1765 3198 1901 3285 magico
1925 3221 2023 3266 more
2048 3200 2288 3289 pronuncies?
2349 3235 2350 3238 π

256 3313 428 3400 nasleges
444 3304 627 3375 adorabat:
654 3300 752 3389 pium
768 3291 860 3364 nihil
875 3309 967 3380 erat,
992 3297 1060 3364 nisi
1079 3299 1172 3389 quod
1192 3298 1245 3366 illi
1296 3322 1416 3366 nonne
1440 3299 1549 3366 surdo
1571 3297 1751 3365 sahulem?
1803 3297 1849 3367 At
1871 3297 1916 3367 de
1941 3321 2104 3370 sermone
2127 3300 2285 3372 iudicare

258 3413 502 3488 somniassent.
554 3401 601 3473 Et
619 3399 704 3470 belli
721 3394 904 3481 homines,
930 3405 1018 3466 curn·
1029 3399 1148 3468 literas
1165 3401 1247 3468 nul·
1295 3425 1399 3468 nemo
1420 3413 1513 3468 recte
1537 3399 1686 3490 poterit,
1712 3399 1781 3466 nisi
1803 3399 1865 3492 qni
1887 3415 1980 3470 recte
1995 3402 2153 3471 discendi
2173 3403 2285 3472 ratio.

257 3525 310 3592 las
331 3523 492 3586 tenerent
514 3505 611 3576 unde
633 3524 755 3592 sapere
777 3501 969 3584 discerent,
994 3501 1126 3580 fatuam
1147 3501 1244 3570 illam
1295 3525 1376 3574 nem
1393 3501 1630 3593 perdidicerit.
1685 3499 1783 3588 Quid
1806 3502 1900 3569 enim
1916 3505 2026 3592 magis
2047 3503 2204 3594 proclive
2220 3519 2285 3590 est,

258 3615 471 3711 sophisticen
504 3618 734 3698 pepererunt,
773 3615 1033 3694 coeperuntque
1063 3603 1172 3672 rixari
1203 3607 1247 3673 de
1296 3628 1401 3697 quam
1418 3605 1527 3672 verbo
1543 3603 1663 3695 aliquo
1679 3615 1740 3670 aut
1753 3595 1928 3674 schemate
1943 3604 2044 3673 salli?
2067 3603 2190 3697 Nuper
2202 3608 2286 3699 qui·
2349 3609 2350 3612 ’

257 3713 513 3795 commenticiis
535 3709 725 3777 verborum
748 3703 1080 3791 compositionibus,
1109 3729 1154 3772 ne
1174 3727 1246 3776 non
1296 3709 1381 3774 darn
1402 3727 1441 3772 ex
1459 3701 1639 3792 Magistris
1661 3704 1811 3789 nostris,
1836 3729 1916 3774 cum
1936 3719 2114 3778 enarraret
2139 3731 2178 3776 ea
2193 3733 2285 3801 quae
2349 3695 2350 3750 ζ

256 3819 576 3896 rhetoricaremue,
603 3808 689 3901 quid
714 3804 853 3872 intersit
876 3804 969 3873 inter
985 3799 1088 3889 haee,
1114 3803 1245 3896 Papam
1297 3809 1340 3874 de
1358 3801 1595 3874 Melchisedec
1615 3806 1653 3873 in
1676 3802 1808 3874 Genesi
1830 3808 1969 3898 prodita
1991 3823 2089 3878 sunt:
2120 3809 2200 3878 Rex
2217 3811 2284 3880 Sa·
2349 3799 2350 3804 ἵ

256 3923 353 4007 ridi,
385 3933 424 4010 et
446 3914 520 3984 vidi
546 3909 690 4002 Papam.
741 3901 916 3998 Extatque
944 3899 1052 3974 hodie
1078 3907 1247 3977 articulus
1295 3909 1364 3976 lem
1381 3931 1508 3998 panem
1527 3931 1565 3976 ac
1583 3907 1705 3976 vinum
1723 3906 1872 3992 obtulit,
1899 3933 1973 3978 non
1989 3903 2285 3992 animadvertens,
2349 3989 2350 3994 ἵ

257 4018 486 4102 Parisiensis,
511 4010 587 4103 Ego
604 4009 735 4092 currit,
759 4009 850 4076 male
864 4005 991 4077 Latine
1006 4007 1097 4092 dici,
1123 4003 1248 4078 haere·
1296 4008 1413 4080 Salem
1436 4007 1506 4077 loci
1530 4033 1662 4078 nomen
1684 4031 1776 4090 esse,
1808 4011 1919 4080 multa
1941 4014 1984 4080 de
2004 4013 2223 4083 condimenti
2248 4015 2285 4082 vi

259 4131 369 4200 licum
401 4143 492 4202 0³⁵²,
534 4112 693 4208 quSquS
716 4109 928 4178 dissenserit.
987 4107 1099 4179 Sulin'
1122 4111 1248 4180 viden·
1296 4135 1335 4179 ac
1357 4111 1482 4202 natura
1504 4111 1683 4180 disseruit:
1710 4111 1878 4202 imposuit
1895 4114 1989 4182 enim
2012 4114 2109 4185 bono
2127 4111 2286 4185 vim'vo.

256 4245 318 4301 tur
348 4225 444 4296 ultae
476 4213 727 4288 contumeliam
762 4211 884 4280 literae
921 4211 1120 4300 neglectae?
1156 4212 1247 4301 Quis
1296 4205 1555 4284 cumaffihitas.
1596 4211 1686 4282 Nam
1705 4215 1909 4284 oscitantius
1923 4217 2041 4284 omnia
2059 4217 2194 4306 legunt,
2219 4219 2283 4311 qui
2342 4273 2345 4278 .

259 4330 355 4404 enim
377 4325 495 4397 credat
516 4318 698 4388 cerebrum
712 4311 826 4403 ‚luisse
845 4313 970 4383 talium
994 4335 1246 4402 nugaruman-
1296 4314 1478 4404 ingenium
1504 4313 1646 4383 dicendi
1669 4315 1805 4386 artibus
1828 4339 1902 4386 non
1924 4341 2120 4388 exercuere.
2172 4315 2285 4388 Dece-

259 4425 441 4507 ctoribns?
486 4419 583 4490 llaec
606 4441 687 4486 vero
721 4415 1048 4502 calamitasmagna
1080 4433 1246 4509 exparte
1297 4431 1425 4507 perunt
1446 4429 1479 4486 et
1502 4417 1659 4485 cruditos
1683 4418 1832 4504 figurae,
1857 4421 1945 4488 adeo
1966 4420 2065 4489 nulla
2083 4421 2284 4491 exercitatio
2349 4471 2350 4478 ,

256 4539 443 4607 literarum
459 4520 618 4593 inscitiae
630 4519 836 4608 imputanda
852 4531 921 4600 est,
947 4540 1021 4586 non
1039 4518 1133 4584 enim
1149 4533 1248 4609 pate·
1296 4517 1435 4586 dicendi
1455 4518 1688 4586 rescribendi
1708 4519 1790 4588 satis
1805 4535 1924 4590 cautos
1938 4522 2030 4595 lacit.
2082 4521 2284 4612 Interroga-

258 4640 347 4708 bant
369 4651 483 4711 sacra,
509 4640 676 4716 tanquam
700 4618 888 4687 interclusa
906 4618 1067 4708 virgultis
1085 4645 1125 4688 ac
1147 4621 1246 4710 lron-
1298 4622 1356 4688 bat
1371 4644 1426 4686 me
1442 4619 1580 4710 pridem
1595 4623 1719 4690 doctus
1733 4622 1906 4714 quispiam
1921 4617 2048 4706 homo,
2074 4625 2198 4716 ecquid
2214 4625 2286 4694 sibi

258 4740 382 4815 dibus,
409 4731 505 4800 unde
520 4723 647 4793 mentis
661 4733 752 4790 recte
774 4719 987 4824 erudiendae
1002 4721 1091 4790 ratio
1113 4737 1247 4812 petere·
1297 4722 1402 4790 vellet
1432 4719 1562 4790 Paulus
1592 4745 1671 4792 curn
1699 4723 1818 4815 inquit
1845 4725 2056 4814 in-epistola
2086 4729 2130 4794 ad
2157 4725 2286 4796 Timo-

258 4858 336 4919 tur,
361 4829 631 4922 negligebantur
652 4836 687 4892 et
704 4819 828 4890 diserti
849 4821 1055 4913 scriptores,
1082 4825 1145 4916 qui
1171 4851 1248 4894 mo·
1298 4819 1434 4893 theurn:
1469 4821 1635 4893 Salvatnr
1657 4825 1787 4894 mulier
1811 4849 1873 4916 per
1898 4826 2054 4896 filiorum
2085 4829 2286 4916 generatio.

257 4931 562 5012 nerenthumana.
615 4924 759 5014 Quanto
776 4922 995 4995 tolerabilius
1010 4925 1125 4994 fuerat
1141 4929 1247 5017 pesti·
1297 4949 1395 5005 nem,
1419 4927 1445 4991 si
1462 4925 1500 4994 in
1515 4926 1583 4994 fide
1606 4927 1862 5016 permanserint
1888 4923 1988 5022 (narn
2005 4925 2130 4998 Graeci
2153 4929 2288 5020 plurali

256 5046 356 5115 litate
371 5051 432 5109 ant
446 5053 608 5104 annonae
624 5027 766 5097 caritate
783 5027 883 5116 plecti
902 5022 1114 5112 Ecclesiam,
1140 5054 1245 5119 quam
1299 5051 1446 5096 numero
1462 5029 1608 5096 verbnm
1631 5027 1814 5124 extulere).
1844 5023 1921 5120 Ego
1935 5055 2014 5100 cum
2028 5053 2102 5100 non
2117 5025 2287 5102 haberem

256 5159 355 5218 tanta
373 5133 551 5209 amentia?
579 5129 758 5223 Ptlaneque
775 5122 864 5195 mihi
882 5129 1087 5218 persuadeo,
1113 5148 1247 5200 certum
1296 5129 1391 5222 quod
1426 5141 1506 5219 apte
1538 5131 1745 5220 responderi
1777 5131 1975 5212 videretur,
2013 5133 2288 5205 commentarios

258 5269 333 5318 esse
347 5241 489 5314 divinae
503 5239 576 5305 irae
589 5231 798 5322 exemplum,
813 5229 844 5298 si
859 5231 1001 5322 qnando
1017 5232 1150 5302 mundo
1168 5233 1248 5304 lite·
1296 5231 1453 5300 consulo.
1504 5225 1595 5300 Ecce
1624 5231 1724 5300 vobis
1745 5227 2038 5328 Chrysostomnm
2062 5259 2166 5327 quam
2179 5219 2288 5306 'belle

258 5391 483 5416 ·--·····
667 5381 682 5410 s
1045 5423 1050 5432 Ι
1112 5335 1117 5342 ’
1296 5347 1450 5421 nugatur
1471 5356 1551 5401 curn
1575 5334 1723 5402 verbum
1744 5331 1899 5427 μείνωσι
1922 5337 1965 5404 ad
1990 5335 2147 5412 sobolem
2166 5337 2285 5408 refert.

289 5469 318 5540 *l
337 5459 479 5521 ⁶⁶⁸⁰¹¹t¹³
1297 5433 1404 5522 Quod
1420 5457 1538 5528 qnam
1571 5459 1646 5506 non
1676 5438 1863 5510 conveniat
1887 5437 2078 5528 sententiae
2101 5435 2289 5522 Paulinae,
