4646 5824
1 287 6 292 ·
81 266 158 346 aas
430 211 437 218 ’
695 259 857 338 onon
897 259 974 337 uu
1006 259 1153 336 vrra
1183 251 1546 334 avtonnnan
2057 261 2134 338 aas

79 436 248 516 hammus
263 435 410 514 dicitm
458 433 552 529 Quia
573 449 693 513 annm
714 461 789 512 nou
811 437 950 526 dolen,
983 449 1083 512 tanto
1134 437 1216 510 dam
1231 431 1335 508 utilia
1350 430 1480 527 scripta
1496 427 1620 508 edidit
1673 429 1745 507 Sed
1760 431 1864 528 plura
1879 431 1949 508 alia
1969 434 2135 534 ¹etlouge

79 543 227 637 ingenio
249 566 326 616 uon
349 541 539 634 contigisse
551 543 661 624 vitam
679 542 898 634 longiorem,
924 563 1083 636 praeser-
1134 539 1279 613 utiliora
1296 532 1525 623 haberemus,
1549 535 1620 608 uisi
1633 537 1728 612 tristi
1740 539 1814 612 fato
1830 552 1936 612 autor
1948 553 2032 614 aute
2042 557 2134 616 tem-

79 649 148 720 tim
160 645 326 718 molienti
344 667 402 718 res
415 644 649 718 utilissimas?
700 641 891 718 Extinctus
911 657 962 716 est
974 645 1083 730 enim,
1134 665 1201 738 pus
1217 641 1393 714 extinctus
1412 651 1514 716 esset.

80 775 165 822 cum
189 749 262 820 iam
286 747 466 838 ingressus
495 761 586 820 met
614 749 769 842 primum
798 762 833 820 et
854 746 1084 843 quadragesi·
1234 742 1415 818 Recensui
1445 743 1602 816 breviter
1624 735 1811 814 historiam
1840 744 2037 818 doctissimi
2062 747 2132 820 ciri
2204 781 2211 804 ⁸

78 877 179 928 mum
194 875 340 924 anuum.
393 849 502 924 Fama
517 863 588 937 est,
617 873 795 926 venenum
818 851 851 921 ei
867 851 992 921 datum
1010 871 1082 918 esse
1134 845 1430 939 Regiomontani,
1464 869 1571 940 quam
1594 848 1739 939 prodest
1759 861 1880 918 notam
1903 871 1977 920 esse
1992 845 2133 924 schola·

78 953 355 1047 aTrapeaoutii
378 952 480 1038 filiis,
508 953 593 1047 quia
616 965 651 1026 et
672 953 872 1024 versionem
887 950 1081 1024 Ptolemaei
1133 951 1241 1023 sticis.
1284 946 1363 1021 Etsi
1380 949 1477 1020 enim
1491 949 1703 1040 praestantia
1719 963 1867 1022 naturae
1884 953 2068 1024 transferri
2084 956 2131 1026 ad

78 1072 278 1137 taxaverat,
304 1068 340 1126 et
360 1070 476 1126 errata
499 1054 539 1126 in
559 1057 815 1128 commentario
839 1069 874 1128 et
888 1048 1081 1148 reprehen-
1133 1053 1223 1142 alios
1237 1075 1312 1123 non
1326 1064 1460 1144 potest,
1475 1065 1603 1122 ¹tamen
1617 1051 1838 1125 voluntatem
1856 1071 1891 1124 et
1905 1055 2130 1127 sedulitatem

78 1161 200 1232 tiones
214 1153 378 1232 Theonis
389 1158 614 1228 refutaverat.
653 1154 951 1248 Aegeumis'uou
965 1157 1082 1228 solum
1132 1157 1253 1250 aliquo
1269 1157 1379 1224 modo
1395 1153 1528 1226 imitari
1542 1154 1604 1225 alii
1622 1169 1781 1248 possunt.
1834 1153 1995 1227 Primum
2013 1173 2131 1230 autem

79 1259 264 1334 hominem
283 1253 522 1356 βιοθάνατον
549 1261 741 1352 significat,
769 1263 831 1332 sed
853 1260 959 1331 eham
981 1260 1082 1350 iuge-
1133 1259 1173 1329 in
1188 1255 1294 1330 huius
1316 1253 1484 1329 historiae
1508 1257 1720 1348 cogitatione
1736 1255 1813 1329 Deo
1832 1259 1962 1350 gratias
1975 1283 2130 1352 agamus,

78 1389 195 1436 uuum
221 1376 257 1436 et
286 1386 492 1454 pugnacem·
544 1361 667 1452 Quare
689 1363 848 1435 fortassis
874 1363 908 1432 ei
940 1362 1081 1453 liuguae
1133 1359 1357 1432 conservanti
1371 1373 1482 1448 artes,
1508 1373 1543 1431 et
1559 1360 1724 1432 excitanti
1741 1361 1860 1456 aliqua
1877 1363 1971 1433 bona
1987 1364 2129 1455 ingenia

77 1469 228 1540 libertas
250 1466 385 1539 nocuit.
436 1463 507 1536 Sed
531 1489 676 1560 quoquo
695 1469 803 1537 modo
819 1465 994 1536 extinctus
1015 1477 1081 1551 est,
1132 1467 1176 1534 ad
1200 1487 1257 1534 eas
1273 1464 1459 1534 discendas
1484 1474 1519 1532 et
1541 1463 1787 1534 illustrandas:
1813 1477 1848 1536 ct
1870 1489 1951 1536 eum
1973 1489 2128 1554 oremus,

78 1593 177 1642 mors
193 1568 383 1640 immatura
405 1567 492 1654 luit,
517 1592 558 1638 ac
580 1571 775 1640 etiamnum
794 1569 969 1659 lugenda:
994 1591 1080 1660 pro·
1132 1591 1176 1636 ne
1189 1591 1286 1638 nunc
1300 1565 1458 1656 extingui
1474 1565 1556 1635 talia
1572 1567 1689 1636 studia
1706 1565 1809 1641 sinat.
1861 1564 2001 1638 Deinde
2016 1569 2128 1666 ipqius

78 1687 201 1765 pterea
218 1671 314 1766 quod
328 1671 372 1742 iis
389 1670 578 1761 operibns,
598 1695 689 1765 quae
704 1670 775 1740 iam
792 1665 995 1756 inchoaret,
1022 1694 1081 1739 ca-
1130 1669 1237 1742 eliam
1260 1667 1539 1758 Regiomontani
1561 1667 1770 1739 memoriani
1793 1670 1884 1760 grati
1902 1671 2128 1758 celebramus,

78 1775 236 1846 rendum
249 1786 313 1846 cst.
345 1771 432 1844 Non
445 1775 742 1864 praetereundum
758 1787 954 1858 astantem,
982 1771 1079 1866 quod
1131 1785 1165 1843 et
1181 1771 1256 1844 eius
1271 1771 1431 1842 doctrina
1454 1771 1526 1846 frui
1541 1773 1755 1858 studeamus.
1780 1793 1792 1804 ‘
1809 1769 1995 1844 imitemur
2009 1774 2129 1861 etiam,

77 1879 125 1950 ad
150 1871 243 1948 hauc
265 1889 400 1946 tautam
431 1875 668 1946 cruditionem
692 1889 727 1947 et
754 1877 799 1945 ad
820 1875 909 1946 alias
930 1874 1080 1946 virtsrtes
1131 1887 1303 1970 quantum
1339 1895 1545 1966 possumus,
1584 1874 1660 1946 eius
1691 1873 1808 1946 studia
1836 1888 1870 1944 et
1896 1876 2129 1964 sedulitatem,

77 1978 245 2050 adiunxit
260 1977 426 2070 pietatem
445 2001 526 2066 erga
540 1975 670 2064 Deum,
690 2001 730 2048 ac
746 1992 787 2049 ut
802 2001 883 2048 vara
900 1977 1081 2069 agnitione
1130 1977 1284 2074 deniqne
1299 1971 1361 2046 has
1377 1977 1469 2068 ipsas
1484 1987 1595 2058 artes,
1622 1999 1710 2072 quas
1725 1976 1937 2062 illustravit,
1969 2003 2128 2051 amemus

78 2092 164 2152 euru
183 2092 219 2150 et
231 2079 458 2160 invocatione
473 2079 626 2172 coleret,
654 2103 787 2151 novum
807 2077 1079 2152 Testamentum
1130 2093 1163 2152 et
1179 2078 1480 2172 magnifaciamus.
1520 2075 1646 2172 Neque
1661 2092 1722 2150 aut
1739 2079 1801 2148 illa
1817 2079 1978 2150 miranda
1994 2095 2129 2174 specta-

78 2185 262 2274 integrum
286 2178 422 2252 Graece
442 2206 505 2252 sna
528 2207 638 2253 manu
664 2181 922 2274 elegantissime
947 2182 1080 2252 descri-
1130 2182 1208 2264 cula
1233 2195 1394 2252 motuum
1418 2181 1622 2256 coelestium
1648 2181 1780 2252 frustra
1803 2183 1916 2253 oculis
1939 2177 2128 2254 hominum

78 2286 165 2379 psit,
185 2307 291 2378 quem
301 2281 469 2355 Codiccm
484 2279 576 2356 mihi
590 2279 903 2357 Schonernsiuter
918 2285 986 2354 alia
1004 2284 1079 2354 eius
1128 2284 1309 2378 proposita
1327 2305 1411 2366 esse,
1439 2298 1500 2355 aut
1517 2283 1716 2354 doctrinam
1733 2283 1898 2355 inutilem
1918 2307 1991 2355 essa
2008 2286 2128 2358 existi·

78 2399 315 2460 mouurueuta
349 2387 571 2460 monstravit
622 2383 672 2460 Et
703 2401 981 2458 cousentaneum
1016 2400 1078 2472 est,
1129 2411 1284 2458 memus:
1317 2387 1378 2456 sed
1405 2410 1486 2456 vere
1507 2384 1677 2473 sciamus,
1706 2399 1740 2456 et
1764 2387 1929 2456 ordinem
1952 2401 2128 2470 motuum,
2227 2461 2228 2466 ,

77 2487 294 2570 talesvims,
309 2487 373 2583 qni
387 2489 523 2584 ubique
534 2489 680 2580 vestigia
696 2489 894 2560 divinitatis
908 2489 1078 2580 impressa
1129 2503 1164 2562 et
1190 2489 1389 2562 doctrinam
1418 2488 1549 2581 ipsam,
1590 2490 1949 2562 commonefactiunes
1978 2514 2052 2560 esse
2083 2477 2154 2562 de'¹

77 2616 200 2665 rerum
216 2604 366 2664 naturae
381 2591 521 2673 vident,
547 2604 582 2664 et
601 2605 748 2685 propter
770 2592 1079 2664 eruditionemat·
1128 2587 1223 2680 Deo,
1249 2606 1283 2663 et
1305 2591 1503 2662 doctrinam
1527 2590 1649 2661 multis
1673 2591 1789 2662 modis
1813 2593 1979 2684 prodesse
2006 2588 2128 2664 homi·

76 2707 179 2768 teuta
189 2693 430 2778 considerant,
452 2689 508 2764 his
524 2693 736 2765 testimoniis
749 2695 853 2765 valde
867 2693 1020 2764 moveri:
1044 2707 1079 2766 ct
1128 2719 1216 2765 uum
1241 2695 1355 2780 vitae,
1391 2695 1487 2788 quod
1517 2693 1556 2762 in
1582 2693 1760 2780 numeris,
1792 2693 1829 2762 in
1855 2684 2053 2782 metiendo,
2088 2697 2127 2766 in

77 2795 194 2869 multo
209 2795 346 2868 &mins
362 2808 540 2880 statuant,
564 2790 662 2867 hunc
676 2799 852 2868 muudum
870 2797 916 2866 ab
933 2807 1075 2866 aeterua
1128 2797 1213 2866 anni
1234 2797 1373 2866 ratione
1400 2809 1433 2866 et
1458 2795 1661 2886 cognitione
1685 2797 1773 2868 situs
1799 2797 1986 2888 regionum
2009 2799 2128 2870 maui-

74 2892 491 2970 meutaarchitectatrice
505 2897 688 2969 conditum
706 2922 799 2985 esse,
823 2911 859 2970 ct
874 2898 1077 2990 gubernari,
1127 2900 1214 2970 leste
1229 2911 1386 2994 apparet.
1438 2895 1535 2972 Dixi.

74 3024 188 3095 qmm
207 2999 297 3072 alios
317 2993 499 3086 homiues,
522 3001 660 3072 alienos
674 3001 721 3070 ah
741 2997 809 3072 hoc
824 3000 943 3072 studio
959 2999 1071 3082 consi·

74 3102 234 3176 derandi
253 3116 324 3174 tam
340 3102 452 3173 msalta
474 3117 510 3174 et
532 3103 683 3174 illustria
701 3103 847 3194 vestigia
862 3101 931 3172 Dei
953 3102 992 3172 in
1012 3125 1077 3172 na-

73 3220 170 3280 tura.
223 3199 401 3299 Equidem
429 3227 532 3297 saepe
561 3215 637 3278 totu
670 3229 821 3298 corpore
852 3200 1076 3302 cohorresco,
1128 3198 1194 3272 No.
1214 3195 1300 3272 104.
1480 3299 1481 3302 Ἴ
1923 3203 1987 3285 (au.
1999 3206 2082 3273 1549
2092 3205 2127 3290 Ρ)

74 3309 281 3404 quodcum
304 3321 378 3378 tam
391 3307 516 3378 multis
530 3305 744 3380 testimoniis
758 3307 941 3378 verissime
956 3319 1076 3378 osten·
1136 3293 1311 3324 ’Ν
1512 3379 1521 3402 ,
1690 3384 1700 3405 ι
1756 3373 1759 3378 „
1944 3297 2118 3330 m

74 3410 255 3482 datDeus
273 3431 310 3480 se
325 3431 436 3501 prope
456 3411 596 3501 adesse,
621 3423 657 3481 et
671 3422 904 3502 spectatorem
920 3433 961 3480 ac
981 3407 1075 3480 iudi·
1367 3380 1447 3466 ΒΘ
1472 3389 1572 3466 mill
1599 3379 1882 3474 Avwssimae·

74 3537 155 3586 cem
167 3510 418 3586 moenium
435 3523 639 3584 manarum
655 3513 852 3584 senonum
876 3524 994 3584 tamen
1012 3535 1073 3604 pe-
1197 3539 1226 3594 n
1241 3535 1471 3596 artacaeon.
1486 3537 1534 3594 m.
1553 3537 1727 3612 parone,
1747 3539 1865 3601 sams.
1887 3542 1921 3598 r.
1937 3541 1985 3597 nt.
2006 3559 2032 3615 p.
2048 3541 2124 3614 sea,

72 3629 176 3692 cum
196 3627 321 3686 mm
339 3614 544 3705 lgngnidiug
562 3638 645 3685 eum
667 3627 851 3700 metuunt,
876 3629 910 3686 et
929 3635 1073 3683 nonar.
1228 3609 1258 3664 in
1276 3608 1311 3664 T·
1323 3607 1371 3666 lli·
1389 3607 1500 3666 Ericen
1520 3607 1561 3666 tit.
1574 3610 1598 3674 l,
1616 3609 1642 3664 5.
1661 3619 1689 3664 ct
1707 3610 1780 3682 apud
1797 3610 1928 3670 Richard.
1942 3610 2006 3669 T.l.
2026 3612 2123 3684 poet.

74 3719 165 3792 dent
189 3716 317 3790 fiducia
338 3716 427 3788 eius.
474 3714 629 3811 Quaqua
654 3729 690 3788 te
711 3716 821 3788 vertis
845 3716 884 3786 in
907 3711 973 3786 hac
1001 3728 1073 3786 tota

73 3844 198 3898 rerum
211 3833 358 3906 namra,
382 3819 442 3890 vel
456 3819 547 3890 cosli
560 3820 722 3910 liguram,
747 3833 866 3896 mutus
880 3831 915 3888 et
928 3813 1074 3888 harmo-

73 3923 175 3996 uiatn
199 3945 282 3994 carm
311 3921 494 3994 clementis
513 3923 762 4004 considerans,
794 3921 851 3992 vel
874 3921 1072 3991 mirandam
1336 4007 1337 4012 ἵ

71 4039 189 4100 arten
204 4024 246 4096 in
257 4023 402 4117 opificio
416 4025 530 4095 nostri
544 4023 705 4117 corporis
731 4037 765 4096 et
791 4037 907 4096 terrae
926 4023 1074 4094 ismun-
1125 4009 1305 4097 Universa
1320 4015 1407 4091 haec
1427 4043 1547 4090 rernm
1564 4035 1692 4094 natura
1715 4021 1921 4094 mirandum
1943 4019 2121 4098 theatrum

72 4129 223 4200 ditatam
239 4125 410 4218 intuma,
429 4127 523 4197 ordo
542 4126 582 4196 iu
599 4127 771 4198 omnibus
790 4127 898 4199 rehus
919 4125 1072 4197 clausitat
1123 4138 1193 4210 est,
1218 4123 1257 4194 iu
1275 4147 1346 4218 quo
1362 4145 1399 4193 ss
1412 4119 1511 4194 Deus
1524 4123 1701 4218 conspici,
1725 4138 1761 4198 et
1781 4149 1940 4220 expressa
1961 4128 2122 4200 testimo·

72 4253 149 4302 esse
174 4241 329 4322 mentem
348 4243 528 4302 aetem
547 4223 875 4306 architectonicam.
923 4223 973 4302 Et
987 4221 1074 4298 haec
1123 4225 1183 4298 nia
1204 4247 1290 4296 suae
1311 4223 1547 4320 praemutiae,
1577 4226 1791 4320 sapientiae,
1817 4229 2009 4316 honitatis,
2032 4255 2121 4302 cou-

70 4331 384 4424 agnoscendam,
411 4344 502 4404 utse
517 4330 557 4402 iu
570 4325 728 4404 Ecclesia
742 4329 916 4425 patefecit.
963 4327 1070 4420 Quod
1122 4327 1272 4402 siderari
1296 4327 1423 4400 voluit.
1481 4325 1567 4398 ideo
1589 4341 1723 4402 numm
1745 4331 1951 4404 varietatem
1974 4333 2060 4404 artis
2079 4333 2119 4406 iu

72 4459 157 4508 cusu
176 4431 301 4504 iecsdt
320 4429 648 4524 Regiumoutanus,
671 4457 769 4505 nuc
793 4455 874 4505 eum
893 4425 1073 4505 existime-
1122 4430 1402 4516 constructione,
1437 4429 1688 4518 collocatione,
1720 4433 1861 4524 liguris,
1892 4435 2050 4507 motihus
2083 4447 2119 4510 et

71 4559 154 4608 mus
179 4548 214 4606 et
235 4534 274 4604 iu
299 4533 378 4628 ipso
397 4529 477 4606 Deo
499 4559 645 4608 cernere
665 4535 784 4606 ideam
806 4535 916 4608 totim
931 4536 1072 4620 muudi,
1121 4533 1278 4626 viribus,
1303 4527 1517 4606 architectus
1529 4531 1725 4606 immensae
1735 4536 1928 4630 sapientiae
1941 4533 2120 4628 adhibuit,

71 4651 109 4712 ct
123 4659 258 4722 musas,
283 4629 353 4710 hoe
366 4637 474 4709 modo
489 4639 611 4710 omnia
626 4635 768 4710 condita
783 4636 874 4709 sint:
900 4651 1069 4710 eteorum
1121 4651 1162 4711 ut
1182 4636 1288 4710 lateri
1313 4647 1524 4728 cogerentur
1544 4629 1724 4710 humanae
1747 4651 1904 4722 mentes,
1939 4634 2008 4712 huc
2035 4641 2116 4734 pul-

45 4727 58 4782 i
71 4739 229 4834 aspicere
256 4737 423 4812 cuelmtia
447 4763 617 4832 corpora,
648 4753 681 4811 et
703 4763 809 4829 saepe
838 4763 920 4810 cum
946 4739 1071 4832 prisma
1121 4734 1338 4811 cherrimum
1351 4738 1532 4832 opificium
1546 4761 1620 4810 uon
1637 4763 1719 4812 casu
1738 4742 1931 4814 conflatum
1948 4765 2033 4830 esse,
2055 4745 2118 4816 scd

71 4841 234 4937 patribus
256 4843 302 4912 de
325 4841 534 4934 inqeutioue
559 4839 686 4913 harum
709 4841 838 4913 artium
853 4856 890 4914 et
910 4843 1069 4934 ipsorum
1121 4867 1203 4914 vere
1228 4865 1303 4940 esse
1323 4855 1480 4914 mentem
1503 4837 1835 4916 architectatricemi
1861 4859 1897 4918 et
1917 4845 2116 4919 firmissima

70 4941 400 5030 observationibus,
424 4957 594 5040 tauquam
617 4935 916 5042 συμφιλοσόφοις
936 4944 1071 5016 dulcis-
1119 4944 1332 5016 adsensione
1354 4957 1564 5028 statuerent,
1600 4939 1684 5018 hnic
1706 4949 1818 5020 menti
1843 4943 2116 5020 architectatrici

69 5048 161 5120 sime
175 5045 353 5142 colloqui,
375 5059 410 5118 et
425 5045 540 5120 Deum
552 5061 713 5120 autorem
729 5047 918 5122 celebrare.
1119 5062 1284 5140 oportere
1300 5042 1465 5118 homines
1479 5046 1656 5119 subiectos
1671 5071 1765 5137 esse,
1788 5064 1825 5123 ct
1845 5071 1960 5121 mores
1983 5051 2115 5124 nostris

171 5143 434 5222 Bibliothecam
462 5174 549 5222 vero
577 5147 855 5241 Regiomontani
878 5147 1069 5221 Waltcrus
1119 5171 1313 5240 congruere
1338 5164 1503 5243 oportere
1534 5153 1579 5220 ad
1607 5149 1706 5221 illam
1734 5166 1913 5224 aeternam
1940 5175 2114 5241 normam,

70 5251 132 5323 ille
155 5251 244 5322 civis
257 5249 547 5343 Norihergeusis,
573 5255 621 5323 dc
633 5277 704 5347 quo
727 5267 832 5325 autea
847 5251 941 5339 dixi,
965 5254 1068 5322 rede-
1118 5267 1274 5346 quaeest
1289 5253 1327 5322 in
1344 5253 1422 5346 ipso
1436 5252 1632 5339 conditore,
1659 5254 1721 5348 qui
1737 5277 1821 5326 snae
1836 5255 1925 5326 lucis
1940 5244 2060 5329 radios
2075 5258 2114 5328 in
2143 5281 2153 5298 “·

71 5355 155 5439 mit,
180 5379 253 5450 quo
274 5368 422 5428 mortuo
444 5371 589 5429 matus
610 5357 790 5428 adservari
813 5356 983 5451 reliquias
1004 5379 1068 5442 cue
1117 5379 1183 5425 nos
1203 5357 1417 5441 transfudit,
1434 5369 1469 5428 et
1489 5356 1608 5448 ipsum
1630 5357 1853 5438 conditorem
1877 5359 1971 5430 veris
1993 5361 2112 5445 landig-

71 5457 182 5530 ravit:
205 5480 248 5528 ex
263 5458 395 5553 quihus
416 5458 473 5530 air
489 5447 715 5532 doctissimus
730 5451 935 5532 Schouerus
956 5481 1065 5552 quae-
1119 5459 1186 5530 hus
1205 5459 1457 5532 celebrandum
1476 5481 1563 5530 esse.
1658 5460 1661 5464 ’

1138 3089 1267 3103 m
1277 3087 1830 3102 a—oss-——u-un—--om-t-

1125 3773 1254 3846 Oratio
1282 3767 1331 3846 de
1355 3775 1438 3844 vito
1464 3769 1758 3862 Avioenaue,
1800 3793 1826 3845 u
1849 3773 1962 3864 Doot.
1988 3769 2122 3847 loculo

1438 3871 1610 3947 Milichie
1636 3877 1812 3950 cecitate.
1935 3933 1947 3953 .
