4614 5820
4 2 118 14 —-—-—

89 259 156 338 sss
758 251 920 334 once
953 251 1030 330 nu
1062 243 1442 355 lnrnaoano
2049 256 2133 344 aar.

84 427 285 521 Agricolae,
310 447 374 500 sua
391 427 544 524 quisque
561 451 626 522 pro
640 403 812 522 ‹ipinione
834 428 892 522 (ut
908 442 959 502 est
975 427 1077 520 inge-
1126 421 1221 494 libus
1235 377 1337 510 duos,
1357 424 1507 496 totidem
1521 427 1566 495 de
1578 423 1682 519 aequi
1699 415 1989 518 ponderantibus.
2026 428 2124 504 Scri-

84 533 179 604 nium
194 527 384 604 hominnm
400 533 446 602 ad
468 555 543 602 rem
559 531 641 624 plus
655 531 739 604 satis
754 525 951 628 attentum)
973 553 1076 622 agros
1125 525 1196 617 psit
1211 524 1296 596 item
1311 527 1354 596 de
1369 525 1476 596 lineis
1498 527 1706 620 spiralibus,
1732 530 1796 600 ubi
1819 531 2124 606 circumferentiae

84 657 161 706 suos
178 633 328 704 delinire
346 633 528 728 cupiebat,
553 633 686 729 quique
705 634 780 706 sive
795 657 976 718 sermone,
998 633 1075 704 sive
1125 627 1250 698 circuli
1273 628 1454 721 aequalem
1476 642 1608 716 rectam
1630 630 1815 722 designare
1838 647 2007 722 conatur,
2032 659 2122 730 qua-

83 736 215 806 viribus
240 735 322 827 plus
344 735 491 806 cacteris
511 736 643 818 valuit,
676 737 814 808 tametsi
839 748 940 806 antea
962 755 1076 826 angu-
1124 741 1228 800 tenus
1246 728 1417 801 circulum
1433 731 1607 825 quadrare
1621 731 1742 818 liccat,
1768 735 1863 828 quod
1882 737 2027 830 quidem
2043 737 2120 830 ple-

83 850 170 910 stum
187 831 337 908 haberet
352 855 496 928 agrum
521 863 587 930 pro
603 837 706 910 libito
723 839 893 910 terminos
909 837 1074 911 instituit.
1123 831 1242 926 risque
1256 831 1504 902 vetustissimis
1521 828 1751 926 Philosophis
1766 837 1963 930 quaesitum
1977 851 2048 924 est,
2073 841 2120 910 ad

83 938 179 1030 Quae
203 963 261 1010 ree
284 963 365 1010 cum
390 953 528 1032 praeter
543 965 696 1034 aequum
711 953 747 1012 et
769 941 905 1012 bonum
921 954 1075 1012 vertere.
1124 947 1415 1026 temporalisque
1439 931 1643 1006 Aristotelis
1669 951 1786 1006 aulem
1811 963 1830 1006 a
1855 939 1998 1011 nemine
2020 965 2117 1010 com·

82 1056 155 1124 tur,
180 1042 226 1112 ad
242 1039 448 1134 Principem
473 1043 550 1114 eins
568 1043 702 1136 patriae
719 1043 885 1114 devoluta
908 1056 976 1116 est:
1010 1041 1074 1137 qui
1124 1048 1280 1129 pentum:
1308 1038 1407 1106 cuius
1423 1037 1475 1106 rei
1492 1038 1641 1128 gloriam
1658 1039 1825 1108 nonnulli
1842 1055 1962 1112 nostra
1982 1055 2118 1134 tempe·
2180 1085 2188 1100 ·

82 1145 167 1214 iusta
190 1143 347 1236 quadam
370 1144 527 1232 ratione,
565 1144 811 1238 mensurisque
831 1145 954 1230 certis,
991 1167 1074 1214 snos
1124 1151 1211 1210 state
1228 1135 1297 1206 riri
1311 1139 1498 1208 clarissimi
1513 1140 1784 1232 praestolantur.
1825 1136 1885 1214 Ab
1901 1137 2118 1214 Archimede

82 1245 205 1340 cuique
219 1244 400 1338 reparavit
418 1247 558 1322 limites.
603 1245 662 1318 Sic
679 1245 837 1338 generali
852 1261 885 1320 et
903 1247 1074 1317 inusitato
1124 1239 1271 1334 iusuper
1283 1240 1583 1312 mensurationem
1597 1241 1721 1314 circuli
1736 1243 1947 1336 accepimus,
1963 1247 2118 1338 quadra-

83 1349 233 1442 quodam
263 1348 421 1442 impulsu
448 1348 655 1421 mortalium
682 1349 793 1420 animi
818 1349 863 1418 ad
890 1371 1075 1420 mensuras
1124 1355 1241 1413 turam
1257 1343 1469 1434 parabolae,
1495 1357 1530 1416 et
1546 1367 1674 1415 arenae
1692 1369 1894 1424 numerum,
1944 1345 2039 1418 Sunt
2053 1347 2118 1442 qui

83 1451 281 1523 tractandas
301 1451 483 1538 conversi,
508 1475 655 1545 coepere
671 1449 879 1524 alteralteri
895 1449 1075 1546 quaestio.
1125 1443 1304 1536 scripti-‘ise
1325 1468 1406 1514 etim
1429 1459 1586 1518 asserant
1600 1439 1866 1536 Methanice'tm,
1891 1448 1956 1520 ubi
1979 1449 2118 1520 eleclls—

82 1575 140 1621 nes
159 1575 375 1646 proponere:
402 1567 437 1624 et
457 1555 628 1648 quicquid
651 1553 690 1624 iu
709 1548 958 1624 huiuscemodi
974 1577 1073 1624 exer·
1125 1545 1213 1617 sima
1235 1547 1281 1616 ad
1297 1545 1415 1618 varios
1436 1571 1522 1619 usus
1544 1549 1685 1639 collegit
1701 1549 1861 1640 ingenia,
1886 1551 1931 1620 de
1946 1551 2118 1644 ponderi-

83 1652 169 1724 ciliis
196 1655 289 1724 bene
310 1655 497 1727 inventum
520 1657 714 1750 putabant,
746 1655 909 1752 quamvis
935 1655 1075 1746 indige-
1125 1649 1210 1734 bus,
1235 1647 1279 1718 de
1301 1672 1412 1742 aquae
1436 1649 1620 1736 ductibus,
1645 1663 1681 1720 et
1703 1651 1866 1733 caeteris,
1892 1676 1982 1748 quae
2003 1676 2117 1748 utque

84 1769 190 1841 stum,
216 1769 260 1828 ut
275 1757 323 1829 ita
340 1757 488 1852 loquar,
512 1754 629 1829 adhuc
644 1760 753 1844 foret,
778 1757 891 1829 literis
905 1760 1074 1828 mandare
1125 1745 1192 1820 hac
1216 1749 1337 1820 videre
1357 1775 1432 1822 uon
1462 1751 1576 1826 licuit.
1629 1751 1779 1852 Speculo
1803 1754 2022 1826 tamensim
2044 1779 2116 1851 quo

5 1895 6 1908 κ
84 1859 304 1934 studuerunt.
353 1857 532 1932 Paulatim
554 1885 696 1956 quoqne
713 1859 753 1931 in
767 1859 895 1932 vicinis
917 1859 1074 1952 regioni·
1124 1851 1346 1946 poenotens,
1371 1853 1476 1946 plene
1497 1855 1696 1928 didicimus.
1749 1853 1868 1951 siqui
1886 1849 2040 1928 vestrrim
2061 1881 2117 1927 se-

5 1999 6 2048 3
84 1960 144 2031 bus
161 1961 288 2032 itidem
307 1974 425 2032 actum
441 1975 504 2037 est,
1125 1967 1301 2026 cretarum
1315 1977 1435 2026 rerum
1447 1957 1599 2030 cultores
1613 1957 1778 2045 existunt,
1798 1959 1919 2030 omnia
1935 1959 2004 2029 iam
2019 1984 2117 2031 nunc

5 2067 6 2096 ¹
178 2061 286 2132 Talia
307 2063 437 2156 scripta
460 2065 615 2158 plurima
638 2065 684 2136 ad
697 2088 825 2137 manus
840 2067 984 2136 tandem
997 2058 1075 2136 En·
1125 2071 1397 2130 commemorata
1415 2061 1622 2154 propediem
1636 2059 1757 2130 videre
1774 2074 1951 2154 poterunt.
2002 2056 2118 2154 Apol-

5 2227 6 2230 ,
86 2163 180 2234 clidis
202 2161 423 2256 Megarensis
446 2191 656 2260 pervenere,
690 2167 821 2262 quibus
843 2179 877 2239 et
900 2168 976 2260 ipse
999 2190 1075 2237 non
1124 2160 1244 2232 lonius
1263 2184 1425 2256 quoquc,
1447 2161 1511 2234 ubi
1532 2161 1571 2232 in
1591 2159 1759 2234 Latinum
1781 2188 1823 2234 ex
1841 2161 1979 2234 Graeco
1996 2179 2123 2251 versus
2171 2203 2174 2209 ·

86 2289 188 2358 pauca
205 2291 274 2358 pro
290 2269 453 2356 acumine
467 2267 603 2360 ingenii
617 2269 672 2340 sui
688 2269 839 2344 addidit.
886 2266 1074 2340 Neautem
1124 2262 1249 2348 fuerit,
1286 2261 1424 2332 nemini
1447 2255 1605 2336 vcstrrim
1633 2289 1707 2336 non
1735 2265 1964 2338 admirandus
1988 2267 2117 2339 veniet.

85 2381 193 2450 unta,
216 2381 361 2462 tamque
375 2370 547 2442 diuturna
561 2372 758 2464 priscorum
777 2368 965 2442 hominum
982 2369 1074 2462 vigi-
1125 2363 1195 2436 Sed
1209 2388 1351 2448 vereor,
1377 2389 1423 2436 ne
1439 2365 1478 2437 iu
1496 2367 1588 2438 mari
1605 2381 1675 2438 tam
1696 2368 1852 2458 spacioso
1870 2369 2023 2440 nimium
2038 2371 2117 2442 vela

87 2470 187 2541 lautia
206 2473 433 2562 perderetur,
458 2474 574 2565 coepit
591 2473 631 2542 in
648 2473 818 2544 tredecim
838 2473 960 2562 libris,
985 2495 1075 2567 quos
1124 2465 1368 2544 distenderim.
1405 2465 1590 2542 Resumite
1605 2494 1735 2564 quaeso
1752 2485 1909 2564 coeptam
1927 2472 1966 2542 iu
1981 2497 2039 2542 me
2053 2473 2117 2544 be-
2194 2557 2197 2565 Ι

88 2572 169 2642 inste
190 2573 332 2643 vocavit
346 2569 551 2660 Elementa,
575 2577 671 2668 quod
693 2598 735 2646 ex
757 2575 808 2646 eis
826 2599 949 2647 omnes
965 2574 1074 2646 disci·
1124 2566 1385 2652 nevolentiam,
1415 2593 1478 2662 ego
1501 2571 1635 2643 interea
1658 2575 1702 2642 ad
1727 2571 1827 2644 littus
1850 2597 1971 2644 secure
1988 2599 2116 2646 conce·

87 2675 198 2766 plinae
217 2675 416 2768 pendeant,
446 2678 691 2748 conclusiones
713 2677 841 2769 passim
859 2678 967 2748 lectas
987 2701 1075 2748 con·
1125 2673 1218 2740 dam.
1252 2669 1344 2742 Nam
1361 2686 1442 2765 post
1457 2669 1650 2746 Eutocium
1665 2670 1905 2747 Ascalonitam
1922 2673 2117 2748 Commen-

89 2776 249 2862 scribere,
273 2777 527 2872 scientiamque
548 2779 659 2851 totius
682 2779 814 2850 codicis
831 2775 1073 2852 Geometriam
1124 2773 1254 2844 tarium
1278 2769 1522 2858 Archimedis,
1562 2790 1642 2870 post
1662 2771 1857 2850 Theodosii
1884 2781 1928 2850 de
1957 2773 2116 2874 sphaeris

89 2879 278 2970 appellare„
295 2881 392 2973 qnod
408 2880 500 2952 circa
515 2897 629 2954 terrae
643 2881 902 2954 dimensionem
918 2883 1074 2974 primor-
1125 2889 1196 2946 tres
1215 2873 1346 2962 libros,
1376 2891 1456 2970 post
1481 2877 1686 2950 Menelaum
1712 2881 1756 2950 de
1777 2876 1970 2974 sphaericis
1995 2881 2116 2974 figuris

90 2981 141 3050 dia
169 3003 231 3052 sua
260 2975 462 3068 habuisset,
493 2985 552 3054 cui
581 2985 748 3077 deinceps
771 2981 957 3078 Hypsicles
983 2985 1074 3055 duos
1124 2976 1296 3071 plurimos
1317 2979 1494 3052 adducere
1512 3004 1650 3072 possem
1674 2981 1713 3050 in
1727 2982 1876 3052 diversis
1894 2983 2027 3074 linguis
2043 2985 2116 3054 cla·

89 3081 191 3154 libros
206 3082 356 3168 adiecit,
382 3109 472 3177 quos
490 3086 683 3180 appellavit
703 3085 887 3172 relativos,
910 3088 1008 3182 quod
1029 3087 1074 3156 ad
1124 3081 1282 3150 tissimus
1299 3077 1525 3154 Geometriae
1548 3084 1756 3176 scriptores,
1781 3085 1852 3156 nisi
1871 3087 2038 3178 temporis
2051 3111 2116 3156 an-

90 3185 249 3256 tredecim
266 3180 429 3256 Euclidis
447 3187 559 3258 libros
580 3189 758 3260 referendi
779 3201 912 3273 essent,
937 3189 978 3257 in
993 3189 1074 3282 qni·
1124 3181 1237 3274 gustia
1257 3195 1400 3258 vetaret.
1444 3183 1686 3274 Quamobrem
1701 3189 1746 3256 ad
1764 3189 1956 3258 secundnm
1973 3182 2116 3258 Mathe-

90 3286 149 3358 bns
181 3287 413 3378 proportione
438 3290 598 3384 quinque
630 3313 821 3382 corporum
847 3291 1076 3381 regularium,
1125 3284 1271 3354 maticae
1292 3308 1403 3376 genus
1424 3287 1642 3360 veniendum
1665 3311 1809 3371 censeo,
1842 3291 1939 3383 quod
1962 3289 2072 3360 veluti
2094 3313 2115 3360 a
2175 3341 2185 3354 ,

90 3387 399 3482 inscriptionesqne
429 3405 570 3463 mutuas
598 3406 704 3486 atque
732 3392 1075 3486 circumscriptiones
1124 3409 1274 3456 numero
1290 3387 1379 3458 solet
1394 3387 1638 3475 denominari,
1664 3390 1712 3462 ita
1727 3391 1766 3460 in
1782 3416 2012 3462 numerorum
2029 3417 2116 3461 con-

91 3491 240 3566 tradidit.
292 3491 443 3562 Boiitins
465 3506 583 3564 autem
608 3507 728 3564 noster
751 3495 790 3562 in
804 3493 971 3566 Latinum
995 3517 1075 3563 ver·
1124 3487 1355 3578 templatioue
1389 3506 1559 3582 perpetuo
1591 3507 1764 3564 versatur.
1824 3489 1987 3590 ἀριθμὸς
2019 3493 2116 3562 enim

92 3604 160 3662 tens
182 3589 346 3664 Euclidis
367 3593 554 3681 tredecim,
587 3609 621 3666 et
637 3593 818 3689 Hypsiclis
839 3597 930 3666 duos
951 3595 1075 3680 libros,
1126 3587 1278 3675 Graece,
1304 3613 1474 3662 numerus
1492 3591 1620 3666 Latine
1641 3595 1788 3666 dicitur:
1815 3598 1912 3666 unde
1934 3591 2117 3690 οἰριθμείυ,ι

92 3694 248 3766 volumen
267 3717 382 3766 unum
397 3696 566 3768 latinitati
580 3696 777 3778 contexuit,
802 3697 964 3790 quarrwis
978 3719 1075 3767 com·
1125 3691 1162 3760 id
1178 3704 1230 3762 est
1244 3715 1411 3764 numero:
1438 3707 1473 3766 et
1490 3695 1575 3766 iude
1597 3691 1842 3792 ἀριθμητικὴ,
1869 3697 1970 3792 quasi
1989 3721 2116 3768 nume·
2226 3713 2230 3720 '

93 3813 242 3868 mentum
277 3821 372 3882 non,
411 3799 517 3870 utin
544 3797 682 3870 Graeco
709 3799 816 3884 iacet,
854 3798 1075 3892 expresserit.
1125 3793 1236 3864 sativa
1253 3809 1489 3887 nuncupatur.
1540 3797 1614 3871 Ubi
1630 3813 1745 3870 autem
1763 3801 1919 3890 gentium
1939 3799 2116 3892 principio
2241 3793 2243 3798 ’

93 3891 179 3968 Hine
200 3893 446 3985 Adelhardus,
473 3913 507 3970 et
528 3898 716 3987 Alfredus,
744 3923 783 3970 ac
806 3903 950 3972 tandem
969 3898 1075 3972 Cam·
1125 3895 1195 3966 coli
1217 3897 1371 3988 coeperit
1398 3893 1486 3970 haec
1508 3901 1694 3972 rationalis
1717 3901 1924 3993 disciplina,
1954 3913 1989 3972 et
2010 3925 2116 3996 quem

7 4053 9 4080 ,
94 4021 196 4086 panus
218 4022 279 4071 eos
296 3999 501 4095 quindecim
523 4003 635 4074 libros
653 4016 821 4098 tanquam
835 4003 912 4074 solo
924 3999 1075 4074 Euclide
1127 3997 1282 4090 primum
1315 4000 1390 4069 eius
1423 4004 1600 4094 egregium
1637 4003 1855 4094 proferamus
1890 4004 2117 4096 scriptorem,

7 4097 9 4180 ᾗ
95 4101 196 4172 editos
219 4117 410 4174 retractare
430 4104 508 4176 ausi
524 4119 627 4186 sunt:
654 4105 709 4176 illi
730 4105 873 4200 quidem
899 4107 1078 4195 eleganter
1126 4096 1221 4170 haud
1236 4098 1320 4170 satis
1337 4105 1527 4193 comperio.
1565 4101 1657 4172 Nam
1675 4105 1740 4175 etsi
1757 4096 1976 4200 Pythagorae
1991 4129 2119 4176 nurne-

7 4199 9 4228 ²
96 4223 130 4270 ac
142 4203 362 4286 brevissime,
389 4205 454 4277 iste
471 4206 797 4279 vero'lucidissime.
839 4205 996 4278 Haecde
1014 4230 1076 4297 pa·
1126 4225 1249 4272 rorum
1272 4202 1398 4294 peritia
1420 4207 1513 4296 apud
1534 4218 1693 4298 posteros
1716 4206 2015 4280 immortalitatem
2031 4207 2119 4276 reli-

7 4323 9 4398 g
97 4308 315 4378 treomnium
336 4304 608 4380 Geometrarum
624 4305 785 4392 Euclide,
811 4309 868 4380 cui
884 4307 1078 4380 succedunt
1127 4303 1263 4398 querit,
1286 4317 1362 4374 tum
1379 4307 1475 4400 quod
1490 4307 1686 4400 peregrinis
1700 4311 1984 4402 praeceptoribus
2001 4306 2119 4404 Aegy·

97 4403 320 4480 Archimedes
337 4408 580 4504 Syracusanus
594 4411 692 4496 civis,
716 4424 751 4481 et
760 4405 976 4503 Apollonius
989 4408 1077 4480 Per·
1127 4406 1329 4501 ptiisatque
1345 4401 1545 4496 Arabibus,
1578 4413 1639 4506 qui
1664 4413 1856 4504 plurimum
1879 4414 1917 4481 in
1942 4407 2119 4483 eo‘studio

7 4533 9 4590 ζ
98 4529 209 4598 gneus,
233 4513 281 4582 ob
299 4511 433 4604 ingenii
450 4513 674 4584 altitudinem
692 4513 837 4584 divinus
852 4513 970 4584 vocari
991 4512 1078 4582 soli·
1129 4509 1335 4595 valuerunt,
1361 4532 1397 4580 se
1420 4514 1640 4608 submiserit,
1667 4528 1743 4585 tum
1767 4517 1860 4608 quod
1886 4538 2118 4584 numerorum

7 4607 9 4616 ⁴
100 4622 161 4680 tos:
185 4629 337 4706 quornm
359 4627 439 4684 uter
454 4616 557 4686 alteri
574 4615 824 4706 praeferendus
840 4616 902 4701 sit,
928 4638 1004 4685 non
1024 4614 1079 4684 la·
1129 4624 1222 4682 certa
1254 4613 1460 4704 compagine
1486 4617 1604 4686 omnia
1631 4631 1779 4688 naturae
1813 4630 1943 4686 secreta
1970 4615 2120 4686 scrutari

101 4713 157 4781 cile
172 4717 305 4786 dixero.
338 4713 427 4786 Nam
444 4717 513 4804 etsi
523 4712 740 4808 Apollonius
755 4713 940 4788 Elementa
956 4715 1077 4787 conica
1130 4713 1330 4799 tentaverit,
1348 4715 1452 4806 longe
1467 4731 1584 4786 tamen
1600 4719 1761 4808 digniora
1772 4715 1939 4790 Euclides
1955 4718 2037 4788 iecit
2050 4743 2120 4787 nu-

101 4811 134 4880 in
153 4830 228 4887 octo
250 4817 370 4899 libris,
394 4841 482 4912 quos
498 4821 660 4889 nondum
678 4819 767 4889 vidit
788 4819 968 4904 latinitas,
993 4818 1080 4890 snb-
1129 4839 1309 4886 merorum
1335 4815 1564 4888 fundamenta
1587 4819 1626 4888 in
1642 4821 1756 4890 tribus
1777 4821 1878 4890 libris
1894 4821 1986 4903 suis,
2013 4819 2121 4911 septi-

102 4915 245 4988 tilissimi
260 4919 525 5012 conscripserit,
552 4915 802 4991 Archimedem
821 4935 940 4992 tamen
958 4919 1079 4992 Siculo
1130 4941 1210 4999 mo,
1236 4931 1360 4990 octavo
1378 4934 1413 4992 et
1425 4945 1541 4991 nono:
1566 4923 1662 4990 rrnde
1680 4937 1714 4992 et
1728 4921 1901 4992 lordanus
1916 4925 2035 4992 decem
2052 4945 2122 4991 nu-

103 5020 239 5091 varietas
270 5046 389 5092 rerum
420 5023 596 5093 editarum
625 5023 862 5114 principatum
890 5023 1080 5093 contulisse
1131 5041 1309 5090 merorum
1327 5021 1499 5092 elementa
1513 5024 1694 5114 decerpsit.
1747 5023 1842 5093 Hinc
1858 5039 1929 5094 tres
1945 5025 2064 5094 'libros
2078 5025 2122 5093 de

105 5119 249 5210 videtur,
277 5149 383 5218 quern
402 5127 468 5194 sub
484 5123 631 5194 Nicolao
655 5125 779 5218 quinto
800 5149 938 5194 summo
954 5123 1081 5195 Ponti·
1132 5121 1224 5191 datis
1245 5146 1476 5194 numerorum
1499 5121 1755 5214 pulcherrimos
1772 5126 1900 5210 edidit,
1926 5121 2123 5220 Diophanti

106 5219 158 5290 tire
190 5223 335 5296 lacobus
370 5227 515 5318 qnidam
541 5225 791 5299 Cremonensis
816 5225 1005 5312 Latinum,
1041 5251 1082 5296 ex
1132 5239 1249 5295 autem
1273 5227 1439 5296 tredecim
1462 5228 1571 5296 libros
1595 5227 1858 5308 subtilissimos,
1884 5253 1989 5298 :remo
2012 5252 2124 5322 usque

109 5317 229 5396 Gracco
261 5327 434 5398 reddidit:
475 5331 564 5398 duos
599 5331 643 5397 de
677 5325 824 5422 sphaera
852 5343 886 5399 et
919 5329 1082 5424 cylindro
1134 5323 1199 5396 hac
1223 5351 1264 5394 ex
1288 5325 1601 5398 GraccisLatinos
1624 5330 1724 5413 iecit,
1758 5330 1939 5424 inquibus
1963 5333 2029 5403 ilos
2050 5335 2125 5426 ipse

108 5420 206 5498 libros
231 5430 445 5525 composuit:
471 5433 515 5501 de
533 5429 792 5502 Conoidalibus
815 5446 849 5502 et
867 5426 1084 5524 Sphcroida-
1134 5429 1244 5501 totius
1260 5424 1515 5602 Arithmesstche
1538 5431 1640 5517 latet,
1665 5455 1722 5501 ars
1737 5433 1899 5506 videlicet
1918 5437 1969 5508 rei
1991 5451 2024 5508 et
2042 5461 2127 5508 cen-
