4616 5816
197 333 272 412 4„
345 271 349 276 ’
855 283 1015 377 nucu.
1049 289 1124 372 nn
1156 281 1303 359 vira
1335 277 1599 358 natust..
2153 277 2222 352 sss

195 507 294 580 liano
319 521 400 572 cuin
421 491 558 564 videret
580 479 679 556 hune
706 472 898 552 abhorrere
920 495 941 542 a
962 463 1098 542 Christi
1122 485 1191 533 no·
1240 453 1480 547 cogitationes.
1503 445 1584 523 Etsi
1599 465 1717 524 antem
1732 446 1819 522 haec
1833 451 1996 522 socordia
2006 449 2061 522 vel
2077 452 2222 521 amentia

196 609 294 682 mine
341 613 375 676 et
396 595 578 668 restituere
599 583 716 668 idola,
748 576 874 651 defecit
897 587 931 644 et
951 573 1025 664 ipse
1047 561 1191 638 aChri·
1240 557 1358 652 potius
1376 553 1584 640 hominum,
1612 553 1874 673 vituperatione
1891 555 1998 646 digna
2020 566 2090 634 est,
2116 566 2223 671 tamen

197 656 322 785 ‘flans‘
367 701 485 792 eqsque
500 693 538 762 qn
553 687 701 782 mmm
717 676 944 774 pmpgragori,
960 671 1099 744 fabio„
1115 691 1192 737 ma.
1241 657 1354 749 magis
1372 657 1426 726 illi
1449 657 1512 750 qui
1535 657 1701 728 destinati
1724 656 1907 774 doctrinae
1920 681 1959 727 ar
1973 649 2226 746 Philosophiae,

197 759 343 885 ledixir’
387 801 438 872 lta
455 791 567 868 animi
581 785 794 860 sententiam
810 783 854 850 de
869 775 1040 868 religione
1055 769 1192 842 inflexit
1242 772 1473 832 contemnunt
1489 771 1636 828 naturae
1648 757 1931 852 inquisitionem,
1952 751 2226 848 reprehendendi

199 917 245 988 ad
264 859 473 996 Principum
502 895 714 966 voluntates.
771 881 853 956 Non
877 881 946 951 luit
972 889 1089 947 autem
1110 873 1193 942 diu·
1243 877 1337 936 sunt.
1389 859 1605 953 Quanquam
1627 860 1721 930 enirn
1738 883 1811 929 non
1831 859 2084 952 postulandum
2102 871 2169 943 est,
2193 872 2229 928 ut

198 1035 304 1092 rums
325 1001 487 1106 tyrannis
503 994 657 1077 iuliani,
679 989 740 1060 sed
757 984 876 1058 statim
897 975 1062 1053 successit
1076 971 1193 1046 lovis.
1244 963 1306 1038 uni
1326 961 1444 1032 studio
1468 983 1593 1032 ornnes
1614 961 1725 1033 dediti
1750 961 1839 1044 sint,
1866 983 1949 1033 narn
1966 962 2059 1031 vitae
2077 983 2165 1052 opus
2183 973 2229 1028 est

226 1140 269 1188 u,
298 1114 417 1183 bonus
449 1115 484 1174 et
517 1099 597 1192 pius
622 1093 812 1182 Princeps,
848 1083 912 1156 ulii
946 1077 1027 1152 'eum
1060 1078 1195 1147 videret
1243 1063 1367 1136 multis
1390 1087 1430 1132 ac
1452 1063 1685 1136 dissimilibus
1709 1063 1865 1149 artibus,
1891 1077 1926 1136 et
1941 1087 2025 1134 suus
2040 1063 2167 1154 cuique
2181 1061 2230 1129 lo-

200 1144 313 1291 iiiulto
330 1211 465 1283 maiore
481 1204 520 1272 in
536 1199 619 1270 odio
638 1217 711 1264 esse
726 1191 818 1269 illos,
845 1186 907 1280 qui
922 1199 961 1254 ut
975 1193 1195 1252 assentaren-
1246 1189 1319 1252 cus,
1342 1187 1427 1236 suus
1442 1161 1557 1236 honos
1574 1167 1786 1236 tribuendus
1801 1179 1864 1250 est,
1889 1181 2006 1236 tamen
2022 1177 2074 1236 est
2090 1158 2230 1233 hnmani

200 1337 262 1396 tur
279 1315 418 1390 luliano
464 1305 664 1376 defecerant
686 1289 887 1373 aCltristo,
913 1309 1019 1380 quani
1041 1293 1196 1352 caeteros
1247 1267 1379 1352 animi,
1407 1267 1564 1359 primurn
1594 1262 1686 1337 hanc
1711 1267 1930 1353 doctrinam,
1963 1289 2054 1360 quae
2076 1280 2230 1336 naturam

200 1417 377 1494 Ethnicos
422 1364 545 1480 {ursus
561 1403 637 1494 ipse
660 1419 733 1468 sese
755 1391 900 1476 retexit,
923 1387 1016 1457 redit
1030 1385 1074 1456 ad
1090 1377 1198 1454 Chri·
1247 1369 1347 1465 quasi
1364 1369 1542 1439 evolutam
1559 1369 1663 1438 nobis
1677 1372 1902 1460 spectandam
1918 1369 2099 1461 proponit,
2115 1389 2231 1450 amare,
2293 1434 2294 1496 p

203 1524 354 1603 manos,
379 1461 502 1586 sibiicit
523 1501 560 1576 'se
576 1505 620 1574 ad
640 1497 763 1590 templi
778 1496 892 1572 sores,
917 1489 1016 1560 iubet
1038 1511 1074 1557 se
1095 1482 1197 1578 pedi·
1248 1487 1284 1544 et
1299 1470 1552 1560 magnifacere,
1573 1472 1762 1562 decerpere
1777 1471 1881 1540 etiam
1900 1471 1984 1589 inde
2002 1469 2232 1588 aliquidnec
2293 1501 2294 1526 1

166 1643 171 1650 ·
202 1628 271 1698 bus
300 1611 522 1694 conculcari,
555 1619 595 1677 ut
618 1615 702 1673 sunt
725 1595 930 1694 hypocritae
948 1605 1116 1681 tanquam
1137 1581 1198 1654 hi.
1249 1595 1394 1668 prorsus
1432 1585 1616 1692 expertem·
1643 1595 1717 1642 esse
1733 1573 1857 1692 'velle'
1885 1567 1994 1642 huius
2024 1572 2232 1690 dulcedinis,

205 1723 358 1799 adone,
372 1719 418 1788 ad
434 1711 497 1784 hae
517 1703 721 1804 praestigias
738 1697 871 1769 idonei.
921 1691 994 1764 Nec
1007 1689 1100 1760 nulli
1116 1699 1199 1758 sunt
1249 1697 1356 1771 quem
1378 1669 1464 1744 haec
1485 1689 1641 1764 cognitio
1666 1687 1775 1766 parit,
1801 1675 1930 1744 deinde
1952 1675 2069 1742 lavere
2090 1674 2232 1742 alioruin

204 1827 273 1901 hoc
288 1839 446 1914 tempore
463 1813 550 1886 tales
567 1803 734 1890 Eceboli,
758 1799 821 1894 qui
838 1797 906 1870 alia
928 1794 1007 1865 aliis
1028 1789 1199 1884 tempori·
1249 1776 1393 1895 studiis,
1435 1791 1469 1845 et
1500 1777 1738 1894 adolescentes
1769 1771 2019 1896 Philosophiae
2050 1776 2234 1844 (testimo,

203 1935 272 2003 ¹³⁰⁸
290 1941 324 1998 ²²
338 1921 433 2014 ‘ll’ud
449 1915 537 1990 3Ῑῖθῦ
553 1911 717 2004 Pf⁰b³¹¹h
1251 1877 1399 1963 hortari,
1423 1895 1464 1948 ut
1478 1892 1678 1949 meminerit
1693 1899 1730 1946 se
1744 1878 1918 1947 divinitus
1931 1879 1974 1946 ad
1993 1891 2142 1948 naturae
2158 1901 2234 1944 con·
2294 1924 2295 2018 p

530 2047 532 2054 ,
621 2061 663 2079 ..
1071 2045 1080 2063 ,
1250 1981 1499 2050 siderationem
1525 1993 1630 2073 atquc
1652 1979 1985 2070 contemplationem
2002 1993 2144 2048 vocatos
2160 1999 2234 2050 esse,
2294 2033 2295 2046 ,

294 2047 1202 2183 38⁰filiu*‘im?¹¹⁰¹¹⁰¹pf⁰f⁶⁸⁸¹¹⁸⁸¹}mq⁰¹d⁵²¹¹'
1253 2083 1350 2172 Quid
1373 2077 1512 2150 homini
1537 2081 1804 2151 convenientius
1826 2094 1896 2165 est,
1920 2105 2026 2174 quani
2042 2081 2236 2150 meminisse
2294 2107 2295 2116 ¹

208 2189 316 2266 tiam·
348 2193 384 2248 el
409 2186 494 2264 ⁰9¹⁰
519 2181 560 2240 ⁰¹
583 2189 622 2234 ¹¹¹
649 2158 715 2278 h‚³⁰
738 2181 793 2226 ¹¹¹⁶
814 2165 987 2225 ‘entem'
1019 2147 1203 2266 ⁰⁰¹¹‚fiimet
1252 2184 1367 2255 solum
1387 2178 1455 2252 hoc
1478 2205 1588 2273 genus
1608 2183 1819 2252 collocatum
1834 2205 1909 2252 esse
1926 2184 1964 2250 in
1986 2187 2179 2264 muudum,
2202 2197 2236 2250 iit
2294 2211 2295 2214 ¹

207 2289 323 2367 Deus,
354 2293 389 2348 el
414 2289 453 2344 ul
478 2270 593 2340 ffifl‘
615 2263 682 2334 ⁰⁶¹
702 2261 874 2378 {mmet
897 2275 1015 2340 meum
1041 2261 1202 2318 'mmm'
1254 2282 1321 2356 hor
1334 2285 1583 2353 admirandum
1601 2285 1779 2376 opificium
1794 2284 2076 2374 contempletur?
2111 2285 2236 2353 Deinde

209 2391 315 2460 rium.
355 2373 567 2450 Certeillud
583 2357 1096 2452 Eceb⁰1¹nunquamfacium
1113 2371 1203 2466 {um’
1254 2387 1341 2480 qnid
1357 2386 1495 2454 dulcius
1521 2397 1573 2455 est
1588 2409 1693 2477 quain
1720 2385 1928 2454 lustrantem
1945 2387 2102 2474 singula,
2129 2386 2237 2453 videre

209 2483 479 2569 mauringam
504 2471 636 2568 “llum
662 2449 1205 2578 ”dvessuffvermflicclffiiam‘
1255 2485 1419 2557 ordinem
1441 2502 1545 2579 atque
1560 2482 1783 2554 harmoniam
1801 2511 1989 2578 corporum
2006 2511 2045 2554 ac
2062 2485 2238 2556 motuum?
2295 2513 2296 2586 p

211 2615 285 2664 non
320 2578 527 2656 deformabo
561 2595 636 2642 ‘³¹¹¹
671 2567 878 2684 ⁰³¹Pm¹¹¹¹⁵i
919 2559 987 2676 ‚sid
1021 2573 1202 2669 ¹⁰35⁰¹¹¹¹¹¹
1256 2589 1476 2660 considerare
1499 2587 1716 2656 nascentium
1735 2589 1955 2670 varietatem,
1981 2589 2152 2658 etvidere
2173 2587 2237 2655 sin-
2295 2597 2296 2608 ¹

211 2715 332 2765 menni
358 2681 486 2754 serviet
513 2673 646 2768 Βιθῐῖθθ
668 2667 736 2738 D‘l
762 2680 796 2736 el
821 2663 968 2732 ⁰⁰¹¹¹¹¹¹¹
989 2670 1101 2726 ”⁰⁵¹⁸
1129 2655 1206 2720 ¹⁰⁵³
1256 2691 1337 2782 gula
1356 2692 1400 2758 ad
1417 2703 1530 2760 certos
1545 2687 1641 2780 gigni
1658 2711 1761 2773 usus,
1787 2702 1827 2758 ut
1842 2689 2047 2758 ratiocinari
2065 2691 2238 2780 possimus,

210 2790 359 2868 Christi.
411 2781 505 2854 Dixi.
1258 2790 1476 2862 haecomnia
1491 2815 1510 2860 a
1525 2793 1677 2886 quadarn
1697 2805 1837 2860 aeterna
1853 2804 1970 2860 mente
1993 2792 2149 2860 mirabili
2164 2816 2238 2862 cuii-

752 2913 753 2918 ’
1258 2893 1338 2963 silio
1353 2906 1459 2984 atque
1473 2892 1680 2962 oeconomia
1703 2893 1750 2962 ite
1765 2892 1953 2962 distributa
1971 2915 2053 2963 esse.
2107 2891 2151 2962 Ei
2168 2893 2239 2988 qni·

213 2978 1212 3077 ‘effi-‘W
1259 2998 1338 3065 deni
1364 2999 1408 3062 ad
1433 2989 1525 3062 hanc
1548 2993 1866 3063 considerationem
1890 3015 1986 3062 acres
2007 2993 2167 3064 stimulos
2183 3019 2239 3062 na·
2296 3075 2297 3090 χ

1043 3174 1080 3214 w
1106 3147 1190 3214 154⁰
1260 3111 1337 3168 tura
1361 3095 1522 3164 omnium
1546 3095 1731 3165 mentibus·
1748 3095 1897 3178 indidit,
1922 3109 1956 3164 et
1972 3095 2169 3185 voluptates
2185 3099 2239 3164 ad·
2296 3109 2297 3174 ξ

227 3175 399 3308 Q
480 3211 484 3218 ’
1030 3193 1203 3272 ..3⁸3
1258 3199 1325 3268 lert
1351 3195 1455 3286 longe
1475 3195 1673 3266 uberrimas
1694 3197 1860 3286 cognitio.
1912 3194 2032 3284 Quare
2054 3198 2085 3265 si
2107 3193 2239 3292 qnihoc

652 3359 660 3379 .
895 3351 904 3370 .
1260 3301 1416 3370 studium
1433 3299 1652 3388 vituperant,
1684 3313 1745 3368 aut
1761 3321 1880 3366 secnnt
1902 3297 1969 3388 ipsi
1991 3313 2167 3389 pugnant,
2188 3309 2239 3367 ant

506 3365 582 3452 De
614 3369 710 3446 mm
737 3351 913 3440 amm·
1261 3415 1430 3472 anntnra
1455 3395 1640 3468 hominurn
1668 3402 1944 3489 degenerarunt:
1980 3401 2120 3470 tametsi
2143 3415 2240 3469 certas

353 3552 447 3610 tcrn
472 3545 502 3600 M
524 3543 531 3598 1
562 3562 589 3612 ρ.
602 3539 656 3591 252
669 3551 744 3608 sqq,
767 3532 795 3586 tn
821 3529 976 3584 Deetsnrn.
994 3525 1030 3584 Τ.
1043 3525 1078 3581 tt.
1100 3543 1127 3596 p.
1141 3523 1213 3595 tot,
1262 3500 1389 3573 herbas
1405 3517 1538 3572 norunt
1552 3525 1592 3572 ac
1608 3502 1847 3572 meminerunt
1866 3502 2052 3594 pleraeque
2068 3503 2194 3572 bestiae
2207 3521 2241 3570 ac

286 3564 350 3684 App
361 3588 482 3680 serreit·
498 3563 580 3687 tifp.
595 3609 656 3666 ⁸⁹⁵·
669 3617 696 3662 ‘²
708 3600 840 3659 hinist.
857 3599 890 3654 ¹¹·
903 3617 931 3672 P·
943 3597 1005 3654 ²⁵²·
1261 3607 1441 3688 volucres,
1469 3603 1565 3672 cervi
1586 3604 1799 3688 dictamum,
1834 3603 1923 3672 muli
1947 3603 2160 3696 asplenum,
2179 3603 2239 3672 ele·

1263 3702 1412 3798 phantes
1436 3705 1645 3790 oleastrum,
1674 3706 1852 3775 ‘mustelae
1873 3719 2009 3790 rutam,
2045 3707 2130 3796 apri
2147 3699 2240 3773 hede-

1264 3833 1360 3891 rain,
1396 3807 1551 3876 ciconiae
1586 3810 1792 3896 origanum,
1825 3802 2037 3875 hirundines
2071 3803 2241 3877 choelido·

1264 3909 1380 3992 niam,
1405 3910 1502 3978 corvi
1523 3931 1631 3992 aron,
1657 3909 1759 4002 cygni
1785 3908 1930 3993 siticen,
1962 3931 2052 4002 quae
2069 3912 2172 3999 vulgo
2188 3933 2241 3975 vo·

112 4061 123 4074 “
178 4000 187 4014 i
220 4037 308 4121 lure
319 4035 499 4110 il'esiodus
512 4022 691 4118 ignaviam
704 4030 740 4087 et
753 4028 932 4106 stuporem
947 4005 1094 4080 humani
1108 4033 1213 4100 gene-
1264 4027 1364 4082 catur
1382 4029 1510 4097 agnus,
1532 4021 1715 4100 expetunt:
1743 4011 1838 4102 qnod
1858 4010 1958 4078 abes
1978 4010 2015 4078 in
2034 4025 2138 4100 partu
2153 4011 2241 4079 adiu-

222 4152 273 4222 ris
296 4154 390 4216 taxat
440 4131 626 4226 inquiens,
655 4121 781 4192 stultos
804 4115 971 4185 mortales
1002 4135 1047 4182 ne
1069 4113 1213 4207 quidem
1266 4117 1404 4196 vantur,
1423 4125 1601 4203 serpentes
1616 4111 1810 4180 feniculum
1826 4126 1971 4197 norunt,
1986 4126 2020 4183 et
2035 4114 2139 4184 nobis
2153 4133 2241 4182 usum

223 4249 360 4324 malvae
393 4193 429 4310 it
459 4227 640 4326 asphodeli
676 4223 845 4294 utilitates
870 4239 984 4286 nosse.
1040 4213 1137 4304 Quid
1164 4229 1214 4286 est
1266 4227 1528 4297 monstrarunt,
1552 4225 1593 4283 ut
1609 4211 1786 4283 Nicander
1803 4213 1940 4282 scribit:
2245 4225 2248 4236 '

225 4352 320 4425 enim
339 4337 520 4429 indignius
537 4355 575 4400 ac
598 4328 754 4417 turpius,
782 4344 887 4414 quam
904 4319 998 4412 quod
1021 4317 1155 4386 conditi
1172 4319 1215 4386 ad

225 4446 460 4544 aspiciendam
485 4433 577 4505 hane
593 4435 711 4497 rerum
733 4435 913 4506 naturam,
939 4432 974 4488 et
988 4419 1089 4513 quasi
1105 4419 1216 4488 collo-

227 4553 296 4627 cati
312 4543 485 4619 divinitus
500 4539 538 4606 in
554 4529 621 4602 hoc
634 4525 809 4598 theatrum
827 4518 1000 4605 homines,
1018 4535 1057 4591 ut
1073 4521 1217 4590 intuen-

225 4673 278 4728 tes
304 4647 486 4721 mirificam
514 4631 717 4706 coelestium
747 4640 908 4695 motuum
935 4637 969 4692 et
998 4624 1216 4693 nascentium

227 4777 347 4830 rerum
364 4747 586 4826 varietatem,
612 4749 840 4823 agnoscamus
854 4725 966 4796 Deum
984 4725 1156 4816 opificem,
1183 4739 1217 4794 et

254 4871 439 4930 uaeramus
462 4834 628 4914 salutaria
653 4835 744 4902 vitae
768 4828 961 4919 praesidia,
986 4827 1089 4900 obliti
1112 4821 1219 4898 huius

228 4887 387 5034 ihuneris
431 4941 576 5038 etquasi
595 4937 687 5008 caeci
704 4933 743 5001 in
759 4928 916 5020 theatro,
930 4952 1016 4998 ¹non
1033 4929 1219 5020 nosipsos,
1270 4933 1436 5023 Denique
1454 4931 1611 5022 exempla
1630 4943 1709 4998 sunt
1729 4927 1913 4998 innumera
1936 4929 2144 5008 bestiarum,
2167 4935 2245 5011 qnae

229 5089 303 5134 „011
319 5007 474 5129 alisdres
490 5045 663 5130 vulgares,
678 5059 766 5130 quae
782 5032 917 5103 suntin
931 5031 1107 5117 manibus,
1127 5031 1221 5122 aspi·
1271 5037 1420 5104 vincunt
1436 5035 1621 5126 plerosque
1637 5026 1817 5115 homines,
1843 5044 1881 5100 ut
1897 5032 1946 5101 ita
1963 5033 2094 5115 dicarn,
2119 5017 2242 5096 solertia

230 5167 342 5238 cimus
357 5169 461 5250 atqne
477 5135 764 5219 consideramus?
803 5133 855 5204 Ac
877 5128 960 5203 huie
981 5129 1219 5225 pulcherrimo
1272 5139 1309 5206 in
1336 5133 1561 5229 inquirendis
1586 5147 1619 5202 et
1641 5133 1867 5223 explorandis
1897 5147 2043 5204 naturae
2071 5120 2243 5200 miraculis·

231 5257 427 5359 spectaculo
451 5251 576 5338 vulgus
599 5241 748 5314 antefert
777 5235 940 5308 heluinas
966 5249 1001 5306 et
1031 5231 1222 5307 obscoenas
1273 5237 1396 5330 Turpe
1414 5252 1465 5306 est
1483 5251 1597 5306 autem
1616 5229 1822 5304 hominihus
1846 5259 1921 5305 non
1943 5237 2049 5304 modo
2066 5230 2157 5301 vinci
2173 5223 2243 5292 dili·

233 5369 449 5452 voluptates,
476 5365 536 5421 aut
558 5343 780 5424 sordissimas
795 5337 1087 5430 stultissimasque
1110 5361 1222 5422 curas,
1272 5342 1388 5431 gentis
1406 5354 1511 5430 atque
1528 5337 1701 5408 industria
1719 5361 1738 5406 a
1757 5337 1886 5420 bestiis,
1904 5339 1962 5406 scd
1981 5351 2115 5406 tantum
2130 5330 2242 5400 addere

233 5467 364 5563 quibus
386 5452 545 5543 occupati
565 5445 673 5516 animi
698 5467 771 5511 non
793 5437 986 5511 admittunt
1003 5432 1223 5510 honestiores
1273 5443 1440 5524 furorem,
1461 5453 1498 5509 nt
1515 5451 1744 5510 contemnent
1759 5439 1866 5508 etiam
1882 5433 1968 5509 hacc
1983 5438 2110 5510 studia.
2141 5431 2243 5520 Quare

220 3793 348 3872 (trotio
365 3782 414 3858 de
430 3783 512 3852 nito
528 3771 663 3846 dolent
672 3818 688 3855 ‚
709 3767 751 3836 in
763 3763 992 3854 promtiores
1006 3757 1214 3829 Doctorum

297 3886 514 3968 Medicinae
537 3898 562 3948 o
577 3875 686 3946 noct.
707 3859 930 3938 Milichio
956 3864 1136 3932 recitata.

1343 4373 1476 4436 Exuvias
1494 4387 1654 4458 postquam
1669 4379 1778 4452 siooas,
1805 4381 1982 4458 pigramque
1997 4387 2144 4436 seneotsni

1344 4473 1493 4558 Deposuit
1510 4499 1630 4558 serpens
1647 4483 1679 4537 in
1695 4499 1782 4555 vere,
1805 4489 1835 4538 et
1848 4478 1949 4538 tardus
1969 4478 2004 4536 sb
2020 4491 2105 4538 antro

1345 4579 1544 4662 Caligsusque
1560 4584 1656 4641 oculis
1672 4585 1787 4663 quaerit
1801 4581 1999 4640 mediosmina
2013 4593 2096 4656 note,

1344 4680 1466 4743 Etcum
1480 4683 1606 4744 l'euiruli
1620 4705 1651 4744 se
1666 4687 1799 4763 gerutine
1814 4686 1946 4764 pererit,
1966 4685 2025 4763 ipsi

1346 4783 1433 4846 Clare
1445 4789 1521 4846 acies
1540 4789 1635 4846 oeulis
1648 4785 1724 4846 redit
1739 4785 1808 4846 inde
1826 4789 1972 4873 rigorque
1989 4788 2135 4849 iuventae.
