4688 5826
225 255 316 384 os.
883 213 1049 370 ιιιςιι
1088 245 1481 364 veneuntes
1516 253 1597 353 ιιι
1790 317 1795 326 .
2184 259 2247 360 m

229 427 476 504 instructiores
497 423 680 500 accedatis.
737 421 844 514 Quod
862 420 1118 515 ‚sidimidiom
1140 421 1224 494 lacti
1275 425 1364 514 sari,
1398 426 1429 505 si
1455 427 1665 499 memoriam
1695 447 1819 501 eorum
1846 425 1912 524 qni
1935 427 1979 507 de
2001 428 2253 531 qqhis'dpfime

231 529 530 626 quibenecoepit
551 523 674 612 babet,
699 526 907 619 profectost
928 551 991 596 vos
1008 525 1224 620 insuperio-
1276 528 1404 625 meriti·
1425 543 1526 617 sunt,
1566 550 1776 621 conterrere
1804 552 2092 623 memoremur.
2118 569 2123 574 ·
2150 533 2255 622 Quare
2317 517 2318 604 i

231 634 333 712 tibus
356 631 553 723 disciplinis
576 627 955 726 plus'promovebitis',
989 631 1130 731 sirecte
1146 651 1225 700 coe·
1276 614 1621 728 tametsiseqliebam
1638 615 2257 727 menonpos‘scpiodignitstehanc
2317 619 2318 688 i

232 735 390 828 peritis‚'
408 729 476 804 boe
499 745 568 818 est,
600 731 631 801 si
652 756 772 802 earum
795 733 996 818 literarum,
1031 731 1226 824 dequibus
1278 756 1418 829 cansam
1434 757 1541 831 quam
1558 733 1694 823 suscepi
1715 754 1910 823 exponere,
1934 748 2055 821 tamea
2078 737 2258 812 arbitrabar
2317 723 2318 816 ἦ

233 837 336 922 dico,
368 835 551 907 scientiam
581 835 626 903 ad
652 857 710 904 eas
732 831 947 938 attuleritis*
990 831 1089 906 Haec
1112 857 1227 929 quon·
1279 860 1342 907 vos
1360 836 1463 909 facile
1480 829 1569 904 mibi
1596 835 1737 928 veniam
1758 836 1903 924 daturos
1925 826 2258 932 esso,[qniapietate
2317 863 2318 918 1

233 945 340 1032 qoam
355 937 478 1014 sedulo
493 935 857 1029 praeceptoresvestri
872 952 1036 1020 monent,
1059 951 1178 1007 tamen
1193 947 1230 1004 et
1280 961 1360 1028 erga
1377 937 1526 1033 petriam
1541 937 1715 1008 adductus
1737 937 1775 1009 in
1799 937 1862 1008 tali
1882 955 2091 1032 argumento
2111 939 2200 1015 vires
2210 923 2259 1015 in-

234 1055 317 1131 ego,
350 1040 433 1134 quia
462 1037 509 1109 ita
536 1037 670 1110 ferebat
694 1051 848 1132 tempus,
880 1037 1036 1110 iudicavi
1064 1038 1164 1108 vobis
1190 1032 1228 1104 in
1280 1033 1375 1129 genii
1392 1029 1542 1132 experiri
1558 1063 1632 1111 oon
1655 1052 1832 1117 ostentare
1847 1029 2050 1125 voluissem.¹
2068 1027 2154 1114 ,Ἀρ
2171 1027 2260 1138 prin.
2317 1045 2318 1108 l

233 1143 440 1212 memoriam
457 1163 530 1210 esse
544 1126 748 1232 redigenda.
800 1135 896 1215 Dixi.
1281 1143 1373 1236 cipio
1389 1143 1491 1212 vobis
1506 1137 1690 1213 historiam
1708 1132 1864 1214 recitabo
1879 1167 1985 1236 quam
2001 1135 2125 1233 potero
2140 1146 2260 1216 brevis-
2317 1151 2318 1246 l

813 1258 820 1268 “
1281 1245 1393 1347 ιίιιιεῖ
1408 1258 1540 1341 postea
1564 1267 1737 1335 exponam
1761 1267 1851 1338 quae
1874 1243 1960 1314 inde
1979 1246 2116 1328 utilitas
2139 1249 2262 1340 excerpi
2317 1247 2318 1330 l

1282 1348 1401 1443 possit.
1455 1345 1528 1436 Qui
1549 1345 1645 1417 enim
1667 1345 1716 1416 ita
1730 1345 1823 1434 legit
1850 1339 2036 1440 historias,
2069 1361 2109 1434 ut
2125 1345 2261 1422 nibilad

561 1517 564 1524 ,
1282 1471 1385 1520 snum
1409 1470 1513 1520 usum
1538 1447 1621 1516 inde
1646 1447 1852 1530 transierat,
1891 1473 1965 1520 non
1994 1439 2079 1520 satis
2103 1452 2263 1544 perspicit,
2317 1439 2318 1522 i

233 1538 379 1619 ΝΜΟ.
933 1647 936 1653 ,
1035 1547 1230 1619 setus,
1283 1551 1369 1645 quid
1384 1547 1524 1624 consilii
1538 1539 1995 1640 babueriptsapieulissimi
2010 1526 2264 1646 hominec,'qui
2317 1531 2318 1618 l

234 1641 369 1682 ’γ’
718 1677 721 1684 ·
791 1682 805 1692 ··
1047 1637 1236 1686 '‘⁸''
1283 1641 1774 1749 primimnriumentarerum
1795 1654 2264 1749 gestarnmadppsterosre-

521 1741 599 1826 De
628 1739 828 1826 Hettrt'tto
850 1740 944 1826 ΠΙ.
1282 1755 1400 1850 linqui
1424 1766 1649 1826 curaverunt.
1715 1749 1812 1827 Ante
1833 1777 1946 1824 annos
1969 1755 2043 1840 lere
2067 1744 2265 1849 quingentos

251 1921 263 1930 .,
306 1900 389 1971 Apud
409 1892 572 1967 cmmyq,
611 1893 708 1967 ‚m’
732 1895 760 1948 ᾗ,
781 1895 931 1951 neelami.
950 1892 1038 1953 πῃ,
1058 1885 1176 1972 9555,
1202 1887 1235 1953 tn‘
1285 1853 1439 1930 Romani
1457 1855 1644 1950 Pontifices
1660 1855 1871 1933 diuturnum
1887 1852 2080 1932 bellumer
2097 1859 2266 1930 calamito-

340 1971 461 2032 semsc.
474 1965 509 2020 tt.
528 1986 556 2038 p.
569 1913 645 2028 tit„
668 1965 739 2037 epod
755 1964 883 2020 tttetset.
898 1965 934 2022 tt.
954 1967 1059 2038 p.·tt⁶1.
1283 1958 1460 2056 sissimum
1476 1955 1680 2055 incredibili
1696 1957 1891 2050 pertinacia
1913 1981 1993 2034 cum
2016 1960 2147 2054 uostris
2162 1959 2267 2052 impe-
2317 2005 2318 2070 t

1282 2059 1463 2160 tatoribus
1484 2073 1686 2150 gesseruut,
1718 2061 1805 2129 dum
1821 2061 1874 2128 -sd
1899 2082 1935 2130 se
1958 2061 2104 2150 rapiunt
2118 2063 2173 2134 ius
2189 2057 2266 2154 Epi·
2317 2073 2318 2126 t

1185 2151 1232 2202 ⁰⁰
1283 2185 1471 2256 soopnrum
1487 2163 1720 2243 creandorum
1743 2159 1782 2228 in
1798 2155 2009 2233 Germania:
2035 2187 2120 2234 nam
2140 2149 2216 2234 ante
2236 2164 2268 2230 id
2317 2143 2318 2218 Ῐ

898 2361 903 2368 Ι
1203 2288 1206 2297 ·
1284 2261 1631 2364 tempusPrincipes
1662 2261 1730 2354 ipsi
1754 2255 1952 2354 Episcopus
1983 2264 2055 2332 suis
2087 2265 2268 2356 provinciis
2317 2249 2318 2266 ¹

238 2367 553 2473 Quemadmodum
573 2375 616 2446 in
640 2375 808 2446 omnibus
832 2377 911 2446 aliis
933 2379 1068 2449 artibus
1089 2382 1233 2448 staden.
1284 2369 1477 2450 dederunt,
1516 2389 1584 2434 nec
1615 2364 1707 2454 passi
1733 2375 1817 2434 snut
1849 2387 1963 2458 aequo
1988 2366 2109 2436 animo
2133 2363 2200 2440 sibi
2220 2367 2269 2438 ins
2317 2403 2318 2418 ι

236 2485 293 2556 die
306 2479 503 2573 magna'vir
516 2479 842 2568 estexemplorum,
868 2479 917 2549 ita
931 2481 1124 2572 praeceptis
1139 2495 1232 2550 recte
1284 2493 1388 2568 suum
1413 2466 1630 2560 extorqueri:
1653 2489 1775 2558 neque
1798 2465 1894 2534 enim
1911 2465 1999 2536 utile
2019 2469 2269 2558 putabantesse
2317 2445 2318 2514 i

236 2585 386 2656 vivendi
407 2594 618 2672 res‘gestee,
643 2593 678 2649 et
693 2579 806 2650 exitus
821 2581 912 2650 bene
929 2595 989 2652 aut
1005 2605 1102 2651 secus
1122 2584 1233 2654 lacto·
1285 2569 1418 2662 palliae
1442 2567 1622 2641 infinitum
1645 2565 1830 2638 P⁰¹¹fifi⁰5⁸
1852 2567 2056 2658 imperinm.
2124 2567 2271 2642 Εῢῡῐιῑιᾶ
2317 2575 2318 2634 i

237 2711 339 2767 mm,
364 2683 531 2774 „equum
556 2683 679 2751 lumen
702 2683 856 2752 addunt:
893 2697 927 2753 er
948 2677 1042 2753 haud
1069 2685 1232 2770 diosna
1285 2673 1473 2744 Pontifices
1495 2693 1632 2740 summa
1654 2669 1688 2738 vi
1714 2669 1960 2756 decertabant,
1993 2693 2068 2740 non
2083 2684 2123 2742 ut
2139 2673 2271 2764 religio-
2317 2707 2318 2732 ι

238 2789 349 2880 magi,
364 2787 470 2857 etiam
485 2807 592 2878 qnam
609 2783 684 2874 ipsa
700 2797 884 2875 praecepta
898 2781 1232 2857 animoshomtnum
1286 2800 1368 2845 nem
1382 2773 1630 2856 defenderent,
1654 2773 1714 2840 sed
1731 2784 1771 2840 ut
1783 2771 1973 2861 imperium
1987 2786 2095 2868 atque
2108 2797 2193 2866 opes
2205 2799 2271 2844 am·
2317 2761 2318 2852 i

237 2895 284 2964 Μ]
305 2891 478 2960 virtutem
491 2886 677 2956 colendam
700 2886 903 2957 mussitent.
953 2885 1093 2960 Nemee
1109 2885 1233 2958 Evan-
1286 2879 1496 2970 plilicnrent.
1547 2871 1724 2943 Nectum
1750 2897 1823 2942 uno
1850 2871 2067 2964 imperatore
2091 2877 2271 2946 dimicave-
2317 2865 2318 2952 ξ

238 2996 305 3066 der
325 3016 406 3064 cum
427 2990 501 3060 filio
518 2988 616 3058 domi
632 2989 769 3057 tradere
784 2988 905 3058 omnia
929 2990 973 3058 de
990 2989 1093 3078 regiis
1110 2991 1232 3060 diliciis
1285 2993 1386 3060 runt,
1412 2979 1475 3046 sed
1494 2975 1633 3068 aliqum
1655 2974 1782 3046 seculis
1809 2973 1944 3044 bellum
1969 2990 2181 3068 perpetuum
2204 2977 2273 3060 init,
2317 2969 2318 3052 i

238 3107 423 3190 praecepta
444 3105 581 3184 posset,
609 3090 734 3160 maluit
758 3089 791 3158 ei
807 3089 929 3161 vivum
955 3093 1135 3182 exemplar
1150 3117 1234 3184 pro.
1285 3105 1359 3151 non
1383 3079 1532 3174 perinde
1556 3077 1791 3160 celebratum,
1824 3073 2016 3148 utPunica
2038 3079 2134 3149 bella
2157 3077 2271 3172 populi
2317 3077 2318 3136 ἒ

239 3220 392 3292 ponere,
425 3193 465 3262 in
488 3193 582 3287 quod
605 3203 679 3260 toea
700 3205 837 3277 mente,
868 3205 1015 3285 totoque
1039 3195 1156 3263 animo
1175 3195 1228 3262 in.
1284 3181 1461 3264 Romani,
1486 3180 1676 3250 defuerunt
1689 3177 1785 3246 enim
1802 3193 1837 3248 et
1851 3179 1889 3246 in
1909 3175 2009 3250 ltalia
2026 3193 2061 3252 et
2077 3173 2116 3250 in
2136 3177 2200 3252 bac
2215 3205 2271 3250 na·

239 3311 416 3382 tueeetur,
442 3299 609 3390 quodque
624 3293 818 3379 exprimere
840 3295 988 3362 summis
1004 3296 1141 3366 viribus
1159 3311 1234 3366 stu.
1284 3286 1383 3356 tione
1404 3280 1610 3374 scriptores,
1634 3281 1788 3349 sednon
1810 3280 1929 3350 minus
1944 3279 2146 3352 luctuosum
2171 3308 2209 3353 ac
2223 3284 2273 3352 lu-

240 3403 350 3474 deret.
401 3397 462 3471 Sic
482 3396 577 3466 eoim
595 3397 821 3468 commendat
838 3421 920 3466 enm
935 3393 1092 3481 Aeneae:
1287 3400 1426 3458 nestum
1455 3381 1673 3456 Germaniae
1706 3396 1810 3472 atque
1839 3379 1980 3468 ltaliae‘,
2011 3399 2118 3486 etque
2146 3383 2273 3456 Punica

690 3565 693 3573 ,
769 3517 821 3566 tue
839 3527 957 3568 seruere
973 3507 1053 3576 tecte
1286 3489 1379 3560 bella
1399 3483 1575 3560 Romanis
1603 3497 1637 3556 et
1666 3479 2007 3574 Carthaginensibus
2035 3487 2146 3582 inere.
2210 3483 2273 3556 Sed

342 3608 529 3688 Adsnemet,
563 3610 668 3690 primis
690 3618 720 3667 et
739 3619 769 3668 te
790 3612 915 3670 ωἰιεωι
938 3611 975 3671 cb
1001 3612 1098 3678 annin
1286 3591 1455 3661 acerrima
1473 3613 1512 3661 ea
1531 3590 1627 3658 dere
1644 3585 1827 3656 contentio
1844 3609 1924 3656 cum
1940 3583 2097 3662 Heorico
2114 3585 2182 3662 111.
2203 3587 2274 3656 suit,

241 3705 366 3804 ltaque
394 3707 590 3798 prudenter
616 3704 730 3772 facere
760 3703 943 3774 iudicandi
967 3719 1070 3796 sum,
1110 3702 1170 3795 qui
1196 3703 1235 3772 in
1290 3689 1419 3762 incidit
1434 3691 1528 3760 enim
1544 3689 1605 3758 iiie
1622 3699 1790 3780 tanquam
1808 3686 1847 3756 in
1864 3681 2042 3780 epithasin
2057 3689 2216 3774 fabulae,
2240 3687 2274 3756 in

240 3806 469 3883 hunclocum
490 3803 734 3874 memorabilia
751 3806 907 3896 exempla
924 3805 1098 3890 afferunt,
1124 3805 1179 3875 vel
1196 3817 1238 3874 ut
1286 3793 1647 3864 mediumcertameu.
1701 3785 1892 3858 Moverant
1908 3790 2002 3858 enim
2019 3785 2189 3882 Episcopi
2206 3789 2275 3859 bel-

243 3913 314 4006 ipsi
328 3909 572 3980 instructiores
596 3907 640 3976 ad
664 3905 772 3975 vitam
796 3921 891 3976 recte
915 3910 1085 3997 agendam
1109 3919 1234 3976 tracta·
1287 3895 1362 3966 lum
1380 3897 1547 3964 &siverim
1564 3905 1716 3984 Postremi
1742 3905 1776 3960 θῑ
1796 3893 1968 3986 qu⁰⁸d³¹n
1986 3889 2202 3964 Germaniae
2218 3915 2276 3982 po-

244 4016 341 4088 tione
369 4011 513 4081 illorum
548 4009 717 4088 evadant,
753 4007 935 4080 intuemur
966 4009 1061 4080 enim
1091 4008 1236 4101 propius
1288 3998 1392 4092 pulos
1405 3999 1449 4066 ad
1467 4017 1547 4066 suas
1568 4007 1683 4086 partes
1699 4007 1881 4083 praetextu
1902 3994 2084 4082 religionis
2101 4010 2275 4086 pertraxe-

242 4139 334 4215 quae
352 4113 419 4206 ipsi
434 4111 640 4196 scribimus,
665 4110 722 4185 vel
739 4111 845 4180 etiam
869 4124 910 4181 ut
922 4113 1073 4183 aliorum
1090 4109 1236 4184 utilitati
1288 4114 1380 4170 rant.
1430 4095 1521 4168 Cum
1544 4109 1661 4166 autem
1676 4091 1841 4164 Pontifex
1859 4095 2026 4166 virtutem
2043 4095 2276 4168 Henricisus·

240 4215 442 4292 consulant.
501 4209 579 4303 Ego
612 4213 722 4304 igitur
751 4237 825 4282 non
853 4215 1013 4286 dubitavi
1051 4207 1237 4284 historiam
1289 4203 1402 4276 tinere
1435 4199 1570 4270 diutins
1595 4221 1669 4266 non
1695 4210 1830 4289 posset,
1863 4221 1903 4267 ac
1927 4197 2073 4270 sentiret
2095 4196 2274 4270 victoriam

244 4321 425 4418 quandam
446 4309 518 4385 buc
543 4313 685 4400 afferre,
718 4339 792 4384 nnn
818 4315 965 4406 perinde
987 4316 1238 4386 omnibusno.
1290 4303 1461 4374 inclinare
1475 4304 1519 4372 ad
1535 4297 1738 4386 Caesarem,
1762 4299 1951 4370 eonsilium
1964 4300 2057 4393 cepit
2072 4324 2148 4370 non
2165 4299 2277 4370 minus
2317 4351 2318 4366 ,

150 4421 153 4430 ’
245 4437 332 4494 tam:
359 4430 500 4510 sumpta
515 4429 568 4486 est
591 4417 686 4486 enim
704 4440 744 4484 ex
766 4418 871 4488 rebus
882 4418 988 4507 gestis
1004 4415 1238 4488 Germanico..
1289 4407 1440 4498 impium
1458 4427 1565 4498 quam
1584 4401 1774 4485 callidum,
1806 4401 2015 4472 intestinum
2030 4403 2070 4472 io
2088 4399 2277 4474 Germania

244 4549 327 4596 rum
351 4521 627 4614 imperatorum,
659 4542 749 4610 quae
773 4519 933 4605 nullum,
958 4533 999 4591 ut
1019 4518 1132 4604 scitis,
1158 4518 1239 4588 lite-
1289 4511 1423 4580 bellum
1441 4507 1585 4590 excitat,
1611 4517 1650 4575 ut
1662 4501 1791 4574 Caesar
1805 4505 1904 4572 domi
1919 4519 2128 4596 occupatus,
2150 4505 2196 4574 ab
2213 4501 2278 4574 lta-

246 4649 367 4696 rarum
387 4625 510 4693 himen
530 4615 647 4690 habet.
686 4617 1054 4714 'Quanquamautem
1074 4619 1238 4690 videbam
1289 4614 1337 4682 lia
1353 4603 1614 4693 retraberetur,
1638 4605 1745 4676 simul
1761 4616 1892 4675 utcum
1907 4606 1980 4676 suis
1996 4607 2134 4676 civibus
2150 4604 2280 4676 maiore

138 4802 140 4811 ,
247 4752 323 4797 non
344 4749 417 4795 esse
439 4721 627 4792 mediocris
647 4721 810 4802 artificis,
836 4723 1011 4793 eiusmodi
1033 4747 1088 4792 res
1106 4748 1124 4792 e
1141 4736 1239 4792 tene·
1290 4738 1371 4786 cum
1397 4711 1556 4805 periculo
1577 4722 1759 4802 pugparet.
1818 4703 1909 4777 Nam
1942 4731 2023 4778 cum
2047 4701 2194 4780 baberet
2217 4707 2280 4776 ob-

247 4829 323 4900 bris
344 4840 460 4897 erutas
482 4823 661 4896 illustrare
683 4847 723 4893 ac
746 4847 892 4910 ornare,
925 4839 1043 4896 tamen
1068 4825 1106 4894 in
1125 4823 1239 4915 patria
1289 4813 1414 4886 noxios
1428 4813 1607 4886 Saxonum
1622 4807 1835 4903 Episcopos,
1855 4807 2020 4880 Pontifex
2034 4810 2103 4900 egit
2117 4809 2280 4902 perillos

247 4931 369 5026 aliqua
403 4923 550 5000 historia
579 4925 689 4996 malui
711 4949 853 5017 operam
879 4950 1034 5013 sumere,
1072 4951 1177 5020 quam
1201 4925 1241 4994 in
1289 4933 1329 4990 ut
1363 4916 1537 4988 Saxoniae
1577 4911 1713 4984 Ducem
1755 4909 2011 5004 Imperatorem
2046 4913 2279 5002 designarent.

248 5031 444 5126 peregrina.
503 5027 625 5121 Turpe
647 5042 698 5098 est
720 5027 816 5096 enirn
844 5030 967 5116 nobis,
998 5055 1078 5100 cum
1095 5029 1134 5097 in
1153 5027 1241 5097 alia·
1290 5018 1447 5094 Accessit
1467 5033 1501 5090 et
1516 5015 1700 5088 Pontificio
1714 5009 1873 5085 Romani
1888 5013 2078 5104 autoritas,
2104 5013 2169 5108 qui
2190 5005 2281 5082 hunc

249 5159 329 5206 rum
352 5131 510 5223 gentium
530 5131 637 5201 rebus
657 5129 763 5220 gestis
779 5129 1002 5224 inquirendis
1019 5145 1092 5203 tam
1109 5129 1241 5202 curiosi
1290 5127 1335 5196 de
1356 5146 1456 5194 more
1478 5117 1662 5194 Caesarem
1685 5115 1862 5190 salutavit.
1912 5110 2015 5184 Nihil
2030 5115 2105 5184 tale
2115 5113 2282 5203 Princeps

250 5237 379 5320 simus,
405 5231 612 5303 domesticas
625 5232 807 5324 ignorare,
830 5255 896 5302 nec
911 5233 1085 5304 maiorum
1100 5248 1241 5304 nostro·
1290 5225 1446 5320 optimus
1469 5223 1658 5306 ambierat,
1690 5219 1853 5292 delatum¹
1869 5216 1973 5286 etiam
1989 5211 2163 5286 bonorem
2181 5215 2281 5284 lorti-

250 5363 331 5409 rum
363 5336 533 5419 salutem,
581 5357 703 5404 ornnes
744 5335 837 5404 vires
868 5359 1053 5430 omneque.
1082 5336 1240 5408 studium
1289 5343 1344 5402 ter
1365 5326 1549 5397 recusabat
1570 5322 1761 5416 suscipere:
1792 5343 1927 5390 novum
1957 5318 2054 5398 onim
2076 5332 2112 5392 et
2139 5315 2281 5389 inaudi-

250 5439 488 5525 contulerint,
518 5437 595 5506 inre
619 5434 815 5532 poterimus
845 5437 1113 5530 ingratitudinis
1136 5461 1242 5510 accu-
1290 5447 1367 5506 tum
1390 5430 1436 5526 ad
1466 5428 1505 5498 id
1526 5440 1664 5523 ternpus
1690 5423 1731 5495 in
1756 5419 1950 5494 Germania
1974 5421 2176 5518 exemplum
2198 5431 2283 5504 erat,

236 2111 409 2205 noenta
445 2125 492 2200 ae
527 2129 736 2211 isenrico
769 2129 841 2198 111.
881 2083 1135 2220 taqueum,

426 2225 666 2324 liudolpho
692 2221 809 2303 Doce
834 2231 1041 2313 Sorrom'oe.
