4704 5826
131 385 137 397 ,
195 270 303 366 sosr‘
440 241 446 250 ’
720 279 882 358 nucu
912 280 989 360 nn
1026 275 1404 360 narrvrrurn
1436 281 1691 362 casusne
2124 287 2222 360 ross

193 481 275 545 nes,
299 480 389 552 qssae
402 457 543 544 docent,
567 477 631 528 cur
644 453 738 528 lilius
750 456 876 528 missus
888 457 945 544 sit,
969 458 1032 528 sed
1046 479 1183 529 summa
1234 477 1317 523 men
1332 453 1386 523 illi
1401 476 1499 525 casus
1515 477 1651 526 summa
1667 454 1759 526 mala
1775 469 1870 528 sunt.
1922 453 2108 552 Quidquid
2122 458 2218 528 enim

193 561 247 630 rei
277 559 433 630 breviter
461 561 500 629 in
527 560 636 632 verbo
659 554 883 632 Osculamini
905 559 1099 648 significata
1119 571 1182 632 est.
1234 556 1374 648 finitum
1394 571 1464 642 est,
1489 557 1595 628 breve
1617 571 1652 629 et
1672 556 1835 647 exiguum
1852 561 2052 630 ducendum
2069 573 2119 630 est
2135 583 2218 652 prae

193 658 321 747 Venit,
350 675 390 733 ut
416 661 621 732 dulcissimo
647 662 767 732 osculo
788 655 880 730 hanc
894 662 1059 730 miseram
1075 673 1108 731 et
1123 683 1183 729 ae-
1233 672 1386 728 aeterno.
1436 656 1545 749 Signa
1566 673 1649 731 sunt
1670 672 1788 730 autem
1812 655 1899 731 haec
1920 661 2116 753 praesentia
2133 683 2218 753 sup-

193 783 398 832 rumnosam
427 757 583 832 bominis
612 775 776 834 naturam
799 761 1047 852 amplectatur,
1080 762 1182 854 eique
1233 759 1339 852 plicia
1361 760 1434 830 irae
1457 757 1536 834 Dei.
1586 759 1717 833 'Restat
1740 761 1837 831 aliud
1862 761 2054 852 iudicium,
2086 762 2218 854 inquo

191 863 367 934 iusticiam
398 875 432 932 et
456 863 566 934 vitam
595 865 732 936 reddat.
783 857 843 933 Ah
873 863 1025 934 nimium
1053 865 1182 952 frigent
1233 874 1434 949 retegentur
1446 861 1605 931 omnium
1616 861 1808 952 impiorum
1819 877 1971 936 mentes:
1996 863 2115 934 omnia
2125 864 2218 932 mala

193 979 332 1056 pectora
362 975 483 1033 nostra
510 964 549 1034 in
577 965 682 1035 rebus
708 963 815 1034 tantis
843 965 1049 1054 cogitandis.
1098 963 1180 1034 Non
1233 961 1379 1032 consilia
1402 975 1438 1033 et
1457 963 1547 1035 facta
1563 955 1802 1055 proferentur,
1829 979 1862 1036 et
1877 965 2035 1036 damnati
2050 965 2089 1034 in
2105 979 2219 1035 aeter-

193 1065 289 1134 snbit
309 1063 447 1134 animos
467 1065 599 1134 ferreos
618 1065 751 1154 agnitio
774 1078 835 1136 aut
854 1067 927 1136 irae
943 1059 1031 1152 Dei,
1056 1079 1117 1136 aut
1134 1065 1181 1134 li·
1232 1085 1299 1132 nos
1317 1063 1492 1134 cruciatus
1514 1065 1734 1136 abiicientun
1784 1064 1823 1136 ld
1846 1067 1978 1137 malum
1997 1068 2080 1161 quia
2096 1067 2217 1136 infini-

192 1163 396 1234 berationis.
447 1164 516 1238 Sed
539 1165 673 1257 primos
693 1181 856 1258 parentes
878 1167 1085 1253 intuemini,
1118 1167 1180 1261 qui
1232 1177 1309 1234 tum
1332 1179 1400 1250 est,
1427 1189 1491 1236 nec
1512 1167 1619 1236 breve
1641 1165 2060 1254 necexiguumducatnr.
2110 1167 2219 1238 Venit
2274 1199 2281 1214 ·

188 1278 226 1335 et
240 1265 411 1354 sapientia
427 1268 661 1353 excellebant,
685 1281 719 1337 et
734 1269 969 1340 meminerant
982 1293 1072 1362 quae
1087 1270 1180 1338 dona
1233 1266 1341 1356 igitur
1361 1265 1456 1338 filius
1471 1263 1558 1352 Dei,
1583 1281 1623 1338 ut
1643 1292 1662 1337 a
1681 1283 1821 1359 peccato
1839 1282 1873 1339 et
1888 1283 2028 1341 aeterna
2044 1281 2158 1339 morte
2172 1267 2218 1336 li-

191 1367 399 1440 amisissent.
450 1365 500 1436 Hi
527 1392 608 1438 cum
636 1368 725 1460 lapsi
748 1384 880 1454 essent,
912 1371 994 1464 quia
1018 1377 1179 1440 nondum
1232 1369 1330 1435 beret
1351 1391 1496 1454 omnes,
1522 1369 1584 1463 qui
1604 1371 1682 1439 voci
1697 1365 1882 1460 Evangelii
1902 1371 2142 1461 obtemperare
2158 1371 2217 1438 in-

189 1465 313 1537 audita
339 1479 415 1538 erat
435 1469 625 1560 promissio
648 1472 691 1540 de
714 1471 942 1556 liberatione,
973 1471 1059 1564 quid
1080 1462 1180 1540 aliud
1232 1467 1387 1559 cipiunt,
1419 1470 1492 1538 imo
1521 1484 1555 1540 et
1585 1483 1783 1562 praesentes
1804 1471 2017 1542 calamitates
2038 1465 2217 1542 Ecclesiae

190 1565 343 1657 cogitare
368 1580 550 1660 poterant,
575 1570 644 1640 nisi
668 1595 705 1640 se
726 1568 882 1644 abiectos
904 1595 977 1640 esse
999 1585 1180 1663 perpetuo,
1231 1571 1398 1659 mitigat,
1419 1569 1837 1658 ServanturHieremias‚
1862 1570 2007 1658 Daniel,
2033 1567 2217 1642 lechonias

189 1681 232 1737 nt
255 1668 428 1739 diabolos.
478 1669 616 1741 Norant
632 1667 748 1742 Deum
769 1673 900 1742 iustum
925 1695 1017 1756 esse,
1043 1686 1078 1744 et
1098 1697 1179 1742 vere
1232 1685 1265 1740 et
1286 1669 1348 1740 alii
1369 1672 1474 1743 multi
1497 1673 1568 1763 pii,
1594 1673 1700 1744 etiam
1720 1674 1750 1740 si
1770 1675 1855 1744 urbs
1871 1672 2117 1768 Hierosolyma
2140 1673 2216 1741 solo

189 1792 231 1840 ac
253 1770 345 1839 serio
369 1769 471 1840 irasci
494 1785 655 1863 peccato,
682 1771 754 1842 imo
777 1773 854 1864 rapi
875 1796 911 1842 se
935 1774 973 1842 in
998 1774 1179 1857 iudicium,
1231 1785 1419 1864 aequatur,
1453 1786 1488 1844 et
1511 1774 1619 1866 impia
1642 1774 1835 1845 multitudo
1859 1770 2081 1846 horribiliter
2104 1774 2216 1844 inter-

190 1883 226 1940 et
244 1871 400 1940 accusari
421 1897 503 1942 mox
518 1873 728 1958 audiebant,
753 1898 818 1943 nec
834 1871 891 1968 (ut
908 1869 1069 1944 homines
1085 1875 1178 1943 leves
1230 1871 1357 1942 ficitur.
1425 1872 1465 1945 si
1497 1875 1778 1966 magnitudinem
1808 1890 2011 1946 nostrorum
2039 1875 2216 1946 malorum

188 1971 340 2040 futiliter
366 1971 538 2062 cogitant)
562 1971 677 2043 Deum
702 1997 776 2042 non
799 1976 1034 2062 magnifacere
1058 1999 1178 2065 pecca·
1230 1973 1522 2064 intelligeremus:
1548 1978 1577 2046 si
1602 1978 1801 2046 videremus
1822 1990 1993 2071 quantum
2014 1975 2146 2046 malum
2171 1975 2216 2045 sit
2253 2065 2257 2074 ¹

189 2085 266 2140 tum
287 2087 320 2142 et
342 2075 493 2165 quadam
509 2073 677 2146 futilitate
693 2075 843 2144 abiicere
857 2077 945 2144 iram
961 2067 1178 2161 iudicabant,
1230 2087 1451 2166 contemptus
1472 2077 1538 2148 Dei
1560 2091 1595 2148 et
1616 2091 1811 2170 peccatum:
1837 2070 1867 2139 si
1892 2074 1980 2144 iram
1999 2075 2069 2146 Dei
2089 2078 2216 2146 adver·

190 2173 249 2240 sed
274 2195 355 2241 vere
377 2175 582 2246 metuebant
605 2189 763 2245 aeternas
780 2199 919 2268 poenas.
970 2171 1018 2246 Et
1033 2177 1177 2269 quidem
1230 2198 1288 2244 sus
1308 2179 1489 2268 peccatum
1511 2180 1734 2250 sentimus:
1760 2165 1790 2232 Sl
1812 2187 2007 2257 P⁰0¹¹1¹rum
2024 2167 2214 2234 meluiffi·

187 2269 307 2358 Deus,
332 2285 371 2342 nt
390 2287 443 2344 est
464 2300 564 2346 mens
588 2275 798 2363 iustissima,
821 2301 895 2346 non
918 2277 1069 2348 futiliter
1090 2303 1178 2348 con·
1229 2300 1403 2347 ceremur:
1441 2292 1516 2350 turn
1545 2291 1629 2336 vero
1655 2265 1967 2356 magnifaceremus
1998 2263 2210 2334 beneficium

187 2375 365 2444 temnebat
394 2390 592 2465 peccatum,
623 2377 684 2446 sed
712 2402 794 2448 vere
826 2377 1050 2449 irascebatur.
1108 2377 1177 2448 Hic
1228 2375 1378 2452 liliiDei.
1416 2370 1486 2439 Sed
1501 2367 1539 2436 in
1553 2363 1620 2437 hoc
1633 2365 1725 2452 0⁰5⁰,
1750 2366 1789 2434 511
1801 2363 1858 2437 hh
1873 2364 2009 2436 delitiis
2026 2378 2060 2435 01
2073 2388 2212 2445 80m¹¹02

187 2474 297 2564 igitur
319 2473 515 2546 intercessit
537 2477 649 2563 filius,
675 2501 715 2547 ac
739 2479 944 2569 deprecatus
968 2493 1019 2552 est
1036 2505 1099 2571 pro
1116 2503 1176 2569 ge-
1228 2492 1355 2570 quotus
1382 2469 1532 2562 quisque
1555 2470 1682 2538 desua
1707 2465 1954 2554 immundicie,
1988 2468 2033 2536 de
2058 2467 2111 2536 ira
2133 2463 2213 2551 Dei,

188 2599 273 2644 nere
297 2570 473 2662 humano,
499 2590 533 2650 et
550 2593 591 2648 ut
614 2579 767 2648 iustitiae
782 2578 849 2650 Dei
870 2579 1069 2666 satisfieret,
1091 2605 1176 2672 poe·
1226 2581 1270 2644 de
1306 2567 1446 2659 tragicis
1485 2569 1742 2641 calamitatibus
1775 2583 1809 2640 et
1840 2568 2008 2662 exemplis
2038 2568 2112 2638 irae
2143 2565 2211 2637 Dei
2335 2631 2338 2638 .

186 2699 271 2745 nam
295 2674 332 2744 in
359 2699 395 2746 se
415 2677 601 2752 derivavit.
651 2673 783 2768 Magna
798 2693 833 2750 et
848 2679 936 2748 seria
957 2682 1175 2761 deliberatio,
1226 2671 1380 2763 cogitat?

187 2792 223 2848 et
252 2779 379 2846 ardens
409 2779 608 2868 deprecatio
638 2779 725 2864 fuit,
759 2782 803 2849 de
829 2805 898 2874 qua
926 2782 1012 2850 olim
1038 2783 1076 2848 in
1101 2779 1171 2847 vita
1326 2819 1540 2914 Quanquam
1568 2833 1685 2890 autem
1714 2844 1839 2912 magna
1870 2821 2063 2894 multando
2093 2815 2211 2890 homi·

186 2892 327 2948 aeterna
342 2879 586 2973 colloquemur
599 2879 755 2964 uberius,
781 2905 876 2950 nunc
891 2895 1009 2950 tamen
1022 2894 1060 2950 ut
1072 2879 1172 2970 pueri

187 2980 359 3048 elementa
381 2981 576 3066 discamus,
602 2981 784 3050 credamus
797 2977 913 3052 Deum
932 3005 1012 3048 vere
1028 3003 1172 3098 sussen:
1224 2947 1326 3096 ffln
1342 2923 1836 3117 ῗὲῗὶυῗῗῃέῗίἵέἰιὲζὲξῆ
1852 2937 2212 3095 ἓξεῐέἓειιεῖἰᾶἵῐξῖ

187 3080 315 3163 ⁸¹¹l⁵⁵⁰'
348 3103 413 3197 Ῥω
443 3082 593 3198 futiliter
619 3079 786 3150 abieciffl
808 3077 919 3164 Μ’
939 3079 1009 3197 fid
1033 3081 1171 3149 ”denl'
1224 3149 1316 3194 cesse
1341 3137 1392 3195 est
1442 3148 1532 3219 quae
1552 3123 1751 3194 venientem
1771 3122 1953 3197 Christum
1975 3124 2199 3218 amplectitur

186 3183 432 3272 deprecatroue
453 3181 517 3250 filu
538 3183 713 3272 placatum
737 3203 821 3253 esse.
872 3178 911 3247 ld
936 3194 1045 3268 agitur
1064 3181 1173 3248 bene·
1223 3177 1482 3316 agnoscit’me
1511 3226 1735 3295 liberatorem
1759 3251 1779 3296 a
1800 3225 1878 3297 Deo
1901 3227 2066 3311 missum,
2096 3178 2212 3310 audit:

184 3283 303 3352 ficium
320 3294 438 3372 l²⁰⁵tea
456 3280 662 3372 l’ffl'imlbus
677 3278 808 3349 ”⁰⁵³ss
823 3279 985 3368 ⁰¹P⁰¹¹lt²
1011 3293 1045 3350 εἰ
1062 3279 1173 3348 Μ’
1223 3340 1257 3395 et
1278 3328 1396 3396 studet
1417 3327 1449 3394 ei
1472 3328 1726 3415 obtemperare.
1776 3323 1961 3398 Adhortor
1981 3327 2091 3416 igitur
2106 3349 2211 3397 sana-

184 3399 244 3456 tur
263 3379 450 3474 promissio
469 3378 893 3452 deventuroliberatore.
943 3379 1073 3450 Samen
1090 3403 1171 3449 mn·
1222 3427 1312 3496 biles
1341 3449 1463 3496 omnes
1518 3439 1559 3497 ut
1587 3418 1696 3496 huius
1719 3441 1839 3499 coetus
1861 3427 2020 3498 membra
2041 3451 2114 3500 me
2135 3442 2211 3498 stu·

183 3485 281 3556 lieris
295 3495 451 3553 conteret
462 3479 758 3574 caputserpentis.
807 3480 1172 3552 Deeoseminedeim
1223 3529 1328 3598 deam
1473 3481 1484 3514 ³

183 3607 264 3680 ceps
286 3597 403 3676 patres
424 3595 460 3653 et
472 3576 670 3676 Prophetae
693 3580 899 3652 concionati
914 3595 1014 3668 sunt,
1037 3595 1071 3652 et
1088 3607 1171 3652 cau·
1516 3633 1519 3642 .
1773 3639 1775 3644 ,

183 3711 259 3760 sam
272 3709 334 3755 cur
345 3684 505 3754 mittatur
516 3696 714 3776 exponunt,
738 3695 778 3752 ut
790 3683 848 3756 fiat
860 3679 1021 3768 victima,
1045 3697 1079 3754 et
1093 3685 1171 3774 pla·
1321 3671 1487 3748 Christus
1499 3679 1625 3747 ardens
1637 3700 1758 3748 amore
1772 3680 1906 3766 nostri,
1929 3682 2050 3751 omnio
2064 3705 2129 3753 suo
2143 3704 2210 3752 nos

183 3801 257 3860 cata
285 3786 337 3855 ira
361 3783 446 3873 Dei,
476 3787 582 3856 nobis
610 3786 772 3857 restituat
802 3782 972 3855 iustitiam
996 3796 1031 3856 et
1060 3783 1171 3855 vitam
1222 3781 1360 3852 salutat.
1420 3775 1524 3848 lubet
1550 3779 1660 3868 igitur
1687 3803 1755 3848 vox
1780 3777 1868 3864 Dei,
1909 3781 2062 3853 vicissim
2092 3782 2209 3874 ipsum

166 3903 371 3962 aeternam.
1222 3881 1342 3952 osculo
1355 3879 1485 3972 excipi,
1510 3878 1628 3966 idest,
1653 3881 1789 3966 audiri,
1814 3896 1847 3952 et
1859 3884 1927 3953 lide
1939 3908 2019 3954 enm
2034 3884 2208 3977 amplecti.

284 3985 393 4058 Venit
422 3985 532 4077 igitur
560 3979 724 4056 Christus
755 3984 877 4056 osculo
907 4008 973 4056 nos
1003 3985 1170 4071 salutans,
1224 3982 1272 4056 Ut
1298 3995 1385 4052 tunc
1408 3979 1553 4073 quidem
1576 3979 1712 4067 Mater,
1744 3979 1892 4074 loseph,
1924 3983 2106 4070 Pastores,
2137 3983 2207 4054 Za-

181 4093 309 4166 ardens
337 4111 456 4158 amore
486 4087 599 4158 nostri
631 4085 743 4181 (scitis
770 4087 866 4157 enim
889 4086 970 4182 quis
990 4086 1034 4160 sit
1057 4089 1169 4158 osculi
1222 4080 1376 4166 charias,
1400 4077 1601 4196 Elisabetlb
1627 4081 1793 4169 Simeon,
1817 4085 1942 4171 Anna,
1972 4081 2057 4158 huic
2079 4084 2207 4156 infanti

181 4187 320 4288 sensus)
336 4189 520 4282 alloquens
535 4209 602 4257 nos
622 4187 845 4274 suavissime,
878 4189 1091 4280 promittens
1112 4213 1169 4258 re·
1220 4186 1258 4254 in
1274 4183 1373 4274 genis
1388 4183 1499 4253 multa
1514 4183 1670 4284 suaviola
1686 4183 1859 4274 figebant,
1883 4201 1918 4258 et
1933 4187 1972 4256 in
1993 4201 2134 4280 pectore
2150 4212 2207 4258 ao-

179 4293 384 4366 missionem
409 4301 631 4381 peccatorum
659 4291 861 4360 donandam
887 4302 1031 4382 propter
1052 4290 1167 4380 ipsum
1218 4285 1322 4356 cendi
1345 4285 1523 4354 flammam
1551 4283 1633 4354 fidei
1656 4287 1873 4371 sentiebant,
1903 4291 2209 4382 agnoscebantque
2249 4345 2251 4352 .

179 4395 288 4496 gratis
296 4445 309 4479 ,
342 4405 383 4464 ut
403 4391 449 4461 sit
472 4389 681 4460 beneficium
701 4403 849 4466 certum.
898 4390 1000 4460 Hanc
1024 4389 1167 4486 Moyses
1218 4387 1287 4459 sibi
1311 4398 1456 4480 propter
1478 4379 1574 4454 hunc
1596 4385 1843 4470 liberatorem,
1874 4389 1989 4464 Deum
2011 4389 2206 4483 propitium

179 4521 254 4570 non
269 4495 400 4575 attulit,
426 4493 485 4562 sed
501 4491 613 4561 solius
627 4491 693 4560 lilii
709 4515 841 4562 mainus
855 4506 917 4584 est,
944 4493 1164 4588 quiquidem
1218 4512 1310 4574 esse,
1334 4501 1369 4558 et
1383 4485 1548 4556 vaticinia
1565 4487 1608 4557 de
1625 4511 1667 4558 eo
1689 4489 1932 4576 illustrabant,
1953 4505 1988 4562 et
2005 4515 2108 4562 suum
2125 4515 2206 4562 coe-

180 4595 462 4686 omnesinvitat,
496 4593 700 4664 clamitanst
731 4591 859 4665 Venite
881 4597 926 4664 ad
951 4617 1007 4662 me
1033 4617 1165 4678 omnes,
1217 4603 1294 4661 tum
1308 4589 1407 4659 omni
1422 4588 1538 4657 officio
1553 4589 1732 4664 fovebant.
1764 4591 1825 4664 Sic
1838 4616 1977 4686 semper
1991 4594 2041 4685 pii
2058 4593 2207 4684 flagrent

179 4699 242 4794 qni
270 4695 437 4766 laboratis
465 4707 501 4765 et
529 4695 667 4765 onerati
695 4694 798 4779 estis,
829 4717 893 4785 ego
914 4695 1066 4764 reficiam
1091 4717 1165 4766 vos.
1216 4714 1335 4790 amore
1355 4684 1510 4776 Christi,
1548 4703 1584 4761 et
1610 4706 1776 4786 tanquam
1805 4695 1923 4763 oscula
1953 4695 2090 4782 daturi,
2130 4719 2207 4765 am-

179 4800 260 4890 Qua
285 4798 323 4866 in
347 4796 517 4867 sententia
536 4796 690 4886 cogitare
706 4820 768 4866 vos
783 4795 852 4866 iam
869 4809 1023 4888 oportet,
1049 4819 1165 4887 quan·
1216 4793 1415 4885 plectantur
1441 4813 1523 4871 eum
1551 4791 1641 4878 fide,
1680 4797 1847 4865 accedant
1869 4797 1915 4865 ad
1937 4793 2052 4866 Deum
2067 4797 2204 4882 ,fiducia

177 4915 233 4974 tae
263 4899 336 4970 sint
364 4897 525 4967 miseriae
549 4894 697 4968 humani
720 4899 876 4989 generis,
910 4919 997 4990 quas
1018 4897 1162 4989 quidem
1215 4889 1322 4963 huius
1338 4892 1560 4976 mediatoris,
1585 4893 1751 4965 invocent
1766 4897 1904 4976 Deum,
1929 4911 1966 4968 et
1983 4899 2029 4968 ab
2045 4923 2088 4968 eo
2110 4900 2205 4968 bona

175 5013 375 5074 monstrant
396 4996 603 5092 quotidiana
624 5001 792 5092 exempla.
848 4998 918 5071 Sed
945 5012 1063 5068 tamen
1089 5013 1162 5068 tra·
1214 4994 1410 5087 praeseutia
1430 5007 1465 5064 et
1479 4993 1598 5064 futura
1617 5009 1737 5086 petant
1753 5011 1788 5068 et
1804 5012 1995 5088 expectent.
2047 4999 2087 5072 si
2102 5001 2206 5091 friget

175 5095 380 5198 goediarum
409 5099 589 5190 exempla,
629 5121 847 5178 summorum
880 5093 1067 5170 hominum
1096 5099 1163 5170 tri·
1213 5096 1372 5181 animus,
1398 5119 1463 5166 nec
1479 5093 1759 5187 petitaChristo
1775 5099 1989 5192 quidquam,
2016 5103 2138 5186 nullus
2153 5117 2205 5176 est
2280 5121 2284 5127 '

173 5205 347 5280 stissimos
361 5223 461 5272 casus
473 5197 576 5270 vobis
589 5201 793 5292 proponite,
818 5213 860 5272 nt
873 5199 1009 5281 Aiacis,
1034 5195 1162 5270 Achil·
1211 5197 1324 5269 osculi
1346 5219 1485 5282 sensus,
1509 5197 1572 5265 sed
1588 5199 1768 5270 excitanda
1784 5223 1886 5269 mens
1897 5216 1967 5288 est,
1993 5218 2033 5276 ut
2047 5187 2208 5298 experia-

173 5309 239 5393 lis,
264 5301 444 5388 Hectoris,
470 5297 764 5392 Agamemnonis,
785 5299 963 5386 Caesaris,
988 5291 1160 5392 Pompeii,
1210 5312 1279 5384 tur,
1302 5314 1473 5392 quantum
1489 5297 1536 5368 sit
1549 5296 1588 5367 in
1605 5293 1673 5371 hoc
1688 5301 1809 5372 osculo
1826 5316 1860 5374 et
1875 5305 2060 5396 consplexu
2068 5301 2204 5380 Christi

173 5424 208 5484 et
231 5403 589 5480 innumerabiliorum
610 5401 764 5475 aliorum
784 5403 961 5482 interitus.
1008 5399 1084 5476 Nec
1104 5415 1161 5476 ta-
1208 5401 1404 5472 suavitatis.
