4646 5824
2061 255 2136 332 864

443 268 604 346 ouon
634 267 709 345 on
740 263 938 344 uicto:
981 255 1218 340 caussa
1251 209 1675 348 uuuso'u1soun
1701 273 1785 334 rac.

85 272 168 351 868

193 445 293 516 Talis
316 469 398 516 cum
427 444 555 529 luerit,
586 457 621 514 et
642 441 688 514 sit
712 441 926 512 conscientia
951 451 1083 521 nostra,
1132 431 1311 503 monibus.
1363 425 1417 498 Ac
1434 429 1478 498 de
1493 428 1718 500 excusatione
1732 442 1938 500 nostrorum
1960 429 2132 500 consilio-

85 574 166 620 non
180 547 367 618 abiicimus
380 546 643 618 invocationem
652 541 733 630 Dei,
758 559 793 614 et
809 543 985 635 supplices
1000 565 1083 610 ora·
1133 557 1214 602 rum
1240 543 1276 601 et
1300 543 1442 600 nostrae
1473 530 1668 602 voluntatis
1702 531 1789 600 alibi
1822 532 1925 622 plura
1961 529 2129 604 dicemus.

86 674 190 736 mus,
214 663 256 720 ut
273 649 406 720 exitum
420 647 561 718 consilii
577 645 693 716 nostri
714 659 811 735 regat
833 645 929 735 ipse,
963 657 997 714 et
1016 663 1083 711 nos
1133 631 1208 703 Vos
1223 657 1307 704 vero
1326 631 1387 726 qui
1402 656 1423 702 a
1437 631 1757 706 deliberationibus
1778 632 1930 724 publicis
1954 632 2130 712 abscissis,

86 755 283 844 gubernet,
323 763 358 820 et
385 745 575 842 prohibeat
595 746 834 819 Ecdesiarum
858 745 1083 816 dilaceratio.
1132 748 1166 804 et
1192 735 1231 802 in
1254 735 1404 805 statione
1427 747 1543 802 vestra
1565 734 1736 817 manetis,
1761 736 1982 804 manifestam
2006 735 2129 804 deleu-

85 879 165 928 nes.
225 851 285 924 Sic
308 850 441 922 Paulus
462 853 614 922 iniustae
638 849 878 920 criminationi
902 869 1082 940 opponere
1130 837 1267 906 tionem
1295 831 1451 914 habetis,
1490 858 1555 904 cur
1580 859 1654 902 1¹0ss
1689 837 1826 906 abiecto
1858 835 2056 906 ministerio
2089 837 2127 904 iu

85 959 209 1041 docet,
235 952 668 1038 couscientiaeiudicium,
694 975 775 1021 cum
791 950 923 1044 iuquit:
950 947 1082 1019 Probet
1132 937 1273 1026 templis
1302 936 1534 1006 solitudinem
1559 935 1713 1020 faciatis,
1754 939 1837 1031 quia
1863 937 2043 1008 vocationi
2065 962 2129 1028 pa-

1130 1041 1281 1110 rendum
1300 1051 1370 1120 est,
1396 1037 1502 1108 etiam
1519 1037 1549 1106 si
1566 1061 1634 1130 qua
1652 1037 1842 1110 difficultas
1856 1040 2041 1110 toleranda
2065 1051 2127 1119 est,

66 1057 336 1150 ¹unusquisque
361 1079 467 1126 suum
486 1076 592 1146 opus,
620 1066 654 1122 et
670 1053 720 1122 sic
733 1055 830 1144 apud
844 1075 917 1122 sese
929 1050 1079 1140 gloriam

1130 1142 1237 1212 modo
1251 1140 1345 1210 absit
1361 1139 1535 1231 impietas.

86 1153 256 1242 habebit,
283 1181 358 1228 nou
380 1157 425 1227 ab
446 1155 544 1240 aliis,
575 1155 614 1224 id
637 1166 708 1235 est,
743 1153 909 1245 inspiciat
931 1153 1080 1245 quisque

86 1283 152 1332 sua
171 1258 320 1330 consilia
339 1271 373 1329 et
388 1259 499 1348 facta,
525 1270 560 1327 et
574 1267 690 1340 curet,
715 1267 756 1326 ut
779 1257 871 1325 bona
897 1253 1080 1324 conscien-

86 1362 138 1432 tia
160 1374 346 1450 regantur,
373 1357 481 1448 Quod
505 1383 585 1428 cum
608 1358 656 1427 ita
677 1357 779 1438 facit,
806 1351 982 1448 habetque
1005 1377 1079 1423 non

85 1487 218 1532 vanam
233 1461 514 1554 persuasionem,
542 1461 602 1528 sed
621 1481 739 1527 veram
757 1457 991 1527 conscientiae
1017 1479 1079 1546 ap·

84 1565 349 1655 probationem,
373 1557 439 1632 hac
453 1560 565 1650 gloria
582 1583 619 1629 se
634 1562 801 1629 adversus
814 1559 946 1629 iudicia
960 1554 1080 1629 homi-

86 1689 179 1734 num
204 1678 361 1750 tueatur,
394 1688 459 1732 nec
480 1663 632 1754 pendeat
655 1685 695 1730 ex
721 1661 875 1730 aliorum
899 1657 1081 1750 applausu,

84 1789 154 1836 nec
188 1765 376 1836 calumniis
404 1766 554 1848 fractus,
603 1787 703 1834 suam
725 1764 912 1832 stationem
934 1763 1080 1830 deserat.

83 1863 192 1938 Esset
207 1868 357 1938 omnino
372 1866 572 1958 plausibile,
598 1865 628 1933 si
644 1864 783 1934 rabiose
799 1862 1081 1933 conviciaremur

84 1969 403 2058 gubernatoribus,
430 1980 466 2037 et
481 1967 728 2036 minitaremur
742 1966 792 2034 eis
808 1964 1009 2034 seditiones.

192 2101 296 2173 Hanc
327 2101 387 2172 isti
410 2098 585 2170 libertatis
611 2113 799 2168 assertores
826 2097 985 2166 dicerent
1008 2120 1079 2167 esse

82 2205 335 2276 fortitudinem
358 2215 394 2273 et
415 2201 647 2273 constantiam
671 2195 896 2292 propheticae
919 2199 1079 2268 similem.

84 2305 160 2377 Sed
177 2305 286 2396 magis
299 2317 440 2374 nostrae
454 2303 689 2373 conscientiae
703 2301 846 2385 iudicia,
861 2324 966 2393 msam
983 2301 1080 2370 illius

83 2403 219 2479 theatri
234 2407 377 2499 plausus
393 2428 591 2498 sequamur.

193 2539 438 2614 Retineudum
464 2552 516 2608 est
539 2537 811 2606 fundamentum
831 2549 872 2616 et
898 2535 1080 2606 doctrinae

84 2643 274 2736 puritatis,
299 2657 353 2730 et,
378 2639 471 2712 utin
488 2662 615 2729 magna
631 2635 863 2728 imperiorum
883 2649 917 2706 et
939 2635 1081 2726 opinio-

85 2771 179 2816 num
193 2745 400 2815 coniusione
416 2743 625 2822 cavendum,
651 2761 697 2807 ne
712 2738 862 2807 maiores
879 2737 1081 2828 dissipatio-

88 2870 154 2916 nes
179 2847 281 2931 haut,
325 2869 371 2914 ne
397 2843 531 2912 maiora
557 2839 702 2910 dissidia
728 2842 934 2928 dogmatum
958 2863 1082 2936 accen-

89 2952 240 3034 dantur,
266 2961 300 3018 et
318 2959 470 3016 moestae
485 2939 662 3012 Ecclesiae
676 2941 867 3024 fovendae,
893 2941 1082 3010 consolan-

88 3051 179 3134 dae,
201 3049 477 3131 consociandae,
503 3068 578 3114 non
595 3044 808 3112 deserendae
822 3055 916 3114 sunt.

193 3179 269 3250 Has
285 3181 439 3250 rationes
455 3202 536 3248 cum
557 3171 727 3245 hactenus
753 3175 896 3266 quidem
920 3175 979 3264 pio
1005 3188 1080 3245 stu-

89 3284 151 3353 dio
169 3283 280 3353 secuti
294 3283 422 3365 simus,
446 3299 628 3370 speramus
637 3273 713 3344 Deo
731 3276 931 3346 voluntates
945 3289 1082 3346 nostras

89 3385 258 3476 probari,
280 3382 485 3475 praesertim
509 3403 589 3449 cum
612 3379 687 3467 ipse
704 3377 808 3459 sciat,
835 3401 923 3469 quae
943 3379 986 3444 de
1003 3399 1081 3466 gra-

88 3486 252 3556 vioribus
266 3483 517 3556 controversiis
532 3479 726 3550 certamina
741 3478 986 3548 sustineamus.

193 3617 303 3707 Quod
321 3643 405 3689 vero
422 3615 573 3687 sauciari
597 3614 735 3706 aliquos
757 3614 932 3683 scandalis
952 3609 1082 3682 horum

91 3721 303 3793 timidorum
318 3721 549 3792 consiliorum
567 3718 711 3800 dicunt,
738 3717 841 3784 video
861 3715 992 3784 multos
1008 3737 1082 3783 non

58 3909 63 3918 ι
89 3827 134 3893 de
149 3824 331 3907 doctrina,
357 3823 479 3892 sedda
502 3820 665 3888 libertate
692 3840 860 3908 pugnare.
917 3813 994 3887 Etsi
1019 3841 1083 3885 au-

88 3941 162 3995 tem
178 3919 218 3992 hi
236 3949 377 4032 quoque
395 3920 585 3994 dissimiles
599 3933 703 4004 sunt,
730 3932 765 3989 et
789 3919 990 4011 aliquorum
1016 3920 1081 3987 do-

88 4029 167 4097 lore
182 4051 347 4110 moveor,
372 4039 491 4094 tamen
510 4035 654 4114 propter
669 4017 735 4090 hos
758 4045 831 4090 non
854 4021 1013 4090 facienda
1032 4033 1082 4088 est

89 4127 234 4197 vastitas
265 4143 300 4198 et
334 4127 489 4196 solitudo
522 4125 560 4192 in
595 4137 649 4193 tot
684 4123 869 4213 regionum
904 4120 1082 4194 Ecclesiis.

88 4229 263 4298 Videmus
292 4251 436 4318 magnas
465 4249 538 4295 esse
565 4248 639 4294 uon
670 4225 786 4294 solum
810 4225 1025 4293 iudiciorum
1049 4237 1083 4292 et

88 4331 300 4422 opinionum
326 4327 563 4411 diversitates,
604 4327 665 4394 sed
689 4327 801 4396 multo
821 4326 933 4414 magis
954 4325 1083 4393 volun-

89 4447 223 4516 tatum,
250 4445 284 4501 et
300 4425 525 4501 vehementes
540 4429 691 4520 impetus
707 4430 750 4497 ad
766 4426 938 4496 factiones
954 4427 1083 4495 confir-

90 4535 250 4604 mandas.

195 4647 272 4720 Hos
289 4649 434 4719 affectus
450 4669 692 4718 removeamus
710 4646 754 4713 ab
775 4639 832 4714 his
855 4644 1085 4716 deliberatio-

88 4755 218 4839 nibus,
244 4765 279 4822 et
295 4773 524 4846 quaeramus,
549 4762 588 4817 ut
597 4745 728 4817 Paulus
744 4747 879 4840 inquit,
907 4771 980 4816 nou
997 4747 1084 4840 quid

88 4856 197 4926 uobis
212 4855 406 4944 gloriosum
421 4865 481 4922 aut
496 4851 584 4920 utile
602 4849 665 4934 sit,
698 4851 757 4916 sed
780 4848 865 4940 quid
891 4850 1085 4919 moestissi-

90 4959 162 5026 mis
182 4951 350 5027 Ecclesiis
377 4955 505 5046 prosit,
538 4954 625 5046 quid
644 4952 688 5030 ad
713 4948 897 5019 doctrinae
921 4966 955 5021 et
977 4952 1086 5022 ‹lisci-

90 5060 211 5154 plinae
234 5057 539 5126 conservationem
571 5074 604 5123 et
632 5055 676 5122 ad
712 5051 880 5124 tuendam
902 5053 1086 5123 literarum

91 5160 349 5254 possessionem
366 5161 548 5228 conducat.

188 5295 286 5369 Haec
300 5317 382 5364 cum
398 5291 569 5362 mediocri
583 5313 667 5360 cura
681 5290 802 5360 iecisse
817 5312 883 5360 nos
900 5313 955 5360 res
968 5305 1085 5362 osten.

90 5403 171 5485 dat,
197 5397 318 5470 minus
336 5417 522 5466 movemur
538 5389 726 5464 hominum
743 5392 996 5464 maledicorum
1012 5418 1086 5466 ser·

1232 1285 1309 1360 Hac
1334 1289 1576 1360 consolatione
1601 1291 1739 1361 munite
1764 1279 1925 1384 pectora,
1957 1315 2021 1362 uec
2046 1315 2127 1362 sau·

1130 1391 1218 1462 ciari
1247 1391 1384 1461 animos
1413 1393 1497 1462 ullis
1525 1391 1713 1462 calumniis
1744 1393 1868 1474 sinite,
1902 1417 1991 1486 quae
2021 1395 2126 1466 etiam

1130 1493 1305 1584 speciosae
1322 1505 1416 1578 sunt,
1437 1506 1556 1564 tamen
1572 1495 1619 1563 ita
1636 1495 1849 1583 cogitabitis,
1871 1490 2037 1566 mirificas
2053 1519 2127 1566 esse

1129 1595 1334 1689 praestigias
1349 1595 1388 1662 in
1404 1595 1669 1680 calumniando,
1688 1619 1753 1666 nec
1771 1596 1843 1666 dici
1858 1611 1917 1668 aut
1935 1597 2013 1668 lieri
2026 1598 2128 1692 quic·

1131 1721 1236 1790 quam
1255 1709 1324 1766 tam
1341 1709 1434 1764 recte
1451 1720 1572 1787 posse,
1599 1699 1695 1789 quod
1714 1721 1788 1766 non
1806 1697 2044 1790 plausibiliter
2063 1701 2127 1768 de-

1131 1798 1272 1890 pravari
1297 1799 1424 1888 possit:
1461 1811 1495 1868 et
1517 1793 1584 1868 hoc
1607 1799 1746 1868 saeculo
1770 1795 1857 1870 haec
1879 1823 1936 1870 ars
1961 1799 2127 1892 inprimis

1131 1897 1285 1983 excellit,
1313 1911 1347 1968 et
1369 1899 1511 1968 laudem
1528 1893 1637 1972 habet
1651 1901 1856 1992 sapientiae.
1908 1899 1980 1972 Sed
1995 1903 2127 1974 verita-

1129 2001 1175 2072 tis
1189 2000 1303 2070 oratio
1317 1999 1466 2092 simplex
1482 2015 1543 2072 est.

1222 2147 1443 2244 Arquiescite
1460 2151 1570 2242 igitur
1586 2151 1625 2220 in
1642 2145 1707 2220 hac
1722 2151 1908 2243 perspicua
1923 2165 1957 2222 et
1974 2152 2126 2244 simplici

1130 2253 1391 2336 consolatione,
1418 2255 1512 2345 quod
1530 2277 1605 2322 nou
1627 2255 1841 2322 deserendae
1862 2253 1934 2324 sint
1949 2249 2126 2324 Ecclesiae

1131 2367 1276 2447 propter
1289 2351 1355 2424 hos
1371 2354 1462 2424 ritus
1478 2355 1584 2424 nobis
1601 2355 1761 2428 usitatos.

1226 2503 1284 2577 Ad
1304 2499 1397 2574 hanc
1414 2516 1531 2574 autem
1546 2505 1826 2577 consolationem
1842 2507 1998 2598 adiungo
2015 2521 2048 2579 et
2062 2503 2127 2578 has

1131 2605 1411 2682 adhortationes.
1477 2603 1569 2677 Cum
1598 2631 1789 2678 aerumnae
1810 2631 1876 2680 nos
1899 2622 1970 2680 tam
1995 2610 2127 2682 multae

1132 2722 1334 2792 exerceant,
1378 2707 1487 2776 simus
1515 2731 1580 2778 nos
1604 2709 1765 2779 inomni
1787 2709 1860 2783 vita
1882 2709 2127 2797 modestiores,

1132 2815 1178 2884 sit
1196 2812 1312 2887 maior
1335 2808 1503 2878 sedulitas
1526 2810 1565 2876 in
1598 2811 1766 2882 discendo
1801 2825 1837 2884 et
1865 2813 2044 2897 docendo,
2087 2827 2128 2884 ut

1132 2913 1242 3002 magis
1271 2909 1474 3000 intelligant
1499 2934 1645 2998 omnes,
1683 2936 1767 2982 vere
1798 2937 1818 2983 a
1850 2914 1955 2984 nobis
1982 2914 2128 2986 retineri

1133 3014 1330 3086 doctrinam
1360 3011 1616 3102 incorruptam.
1682 3011 1738 3084 Sit
1760 3028 1795 3084 ct
1820 3015 1974 3107 precatio
1998 3019 2128 3086 arden-

1132 3119 1221 3202 tior,
1247 3115 1286 3183 in
1309 3138 1378 3207 qua
1395 3109 1472 3182 Deo
1494 3125 1529 3182 et
1553 3118 1756 3186 universam
1773 3111 1987 3202 Ecclesiam,
2010 3133 2045 3189 et
2065 3141 2128 3188 vos

1133 3219 1249 3308 ipsos,
1275 3227 1310 3284 et
1321 3229 1453 3284 vestras
1469 3215 1639 3302 familias,
1665 3218 1842 3308 coniuges,
1868 3232 1902 3289 et
1918 3243 2046 3310 parvos
2063 3245 2129 3290 na-

1133 3334 1187 3390 tos
1217 3316 1309 3385 veris
1340 3315 1530 3404 gemitibus
1557 3320 1832 3402 commendetis,
1865 3322 1948 3414 quia
1972 3321 2128 3391 certissi-

1133 3445 1230 3489 mum
1254 3431 1321 3500 est,
1347 3411 1542 3486 Ecclesiam
1564 3443 1638 3488 nou
1661 3421 1746 3490 solis
1769 3415 1935 3490 humanis
1958 3423 2129 3506 consiliis,

1134 3525 1194 3590 sed
1222 3517 1410 3610 praecipue
1432 3541 1453 3586 a
1476 3515 1553 3588 Deo
1575 3521 1709 3590 servari
1730 3534 1765 3592 et
1787 3523 1996 3612 gubernari,
2038 3525 2129 3595 sicut

1133 3623 1304 3691 immensa
1333 3619 1574 3690 misericordia
1598 3619 1698 3691 Deus
1723 3647 1799 3693 eam
1832 3624 2007 3708 restituit,
2047 3651 2152 3698 curn.

1134 3721 1250 3793 Adam
1283 3733 1317 3790 et
1342 3717 1441 3790 Heva
1471 3736 1550 3809 post
1581 3723 1740 3813 lapsum,
1782 3725 1918 3796 nullius
1948 3741 2128 3798 creaturae

1133 3850 1218 3916 ope,
1245 3847 1285 3892 ex
1302 3823 1346 3916 iis
1361 3821 1533 3908 miseriis,
1558 3825 1688 3917 quibus
1712 3827 1869 3918 oppressi
1891 3841 2011 3914 erant,
2038 3831 2128 3898 libe-

1133 3927 1205 3995 rari
1224 3938 1398 4018 poterant.
1417 3939 1418 3943 ’
1452 3922 1499 3996 Et
1515 3929 1608 4017 apud
1627 3925 1781 3998 Hoseam
1798 3929 1885 3999 dicit
1899 3927 2011 4000 Deus:
2039 3929 2127 4002 Per-

1133 4029 1222 4098 ditio
1250 4041 1309 4098 tua
1338 4023 1448 4097 Israel
1475 4052 1517 4096 ex
1542 4043 1577 4096 te
1603 4043 1671 4112 est,
1707 4057 1727 4102 a
1754 4055 1810 4099 me
1836 4055 1920 4102 vero
1955 4033 2128 4104 auxilium

1133 4145 1246 4201 tuum.

1236 4275 1289 4346 Te
1305 4278 1413 4367 igitur
1427 4277 1655 4368 omnipotens
1669 4277 1783 4366 Deus,
1808 4295 1949 4354 aeterne
1971 4297 2005 4354 et
2023 4288 2129 4355 unice

1135 4395 1233 4470 pater
1251 4379 1399 4450 Domini
1421 4379 1534 4448 nostri
1560 4377 1639 4450 lesu
1662 4378 1810 4468 Christi,
1850 4384 2016 4456 conditor
2039 4389 2128 4457 coeli

1135 4496 1168 4552 et
1185 4495 1317 4566 terrae,
1344 4494 1379 4550 et
1397 4474 1606 4566 hominum,
1637 4497 1672 4553 et
1686 4479 1865 4556 Ecclesiae
1893 4501 1973 4557 tuae
1994 4491 2127 4576 angeli-

1135 4608 1194 4654 cae
1212 4597 1246 4653 et
1261 4577 1458 4666 humanae,
1483 4607 1554 4654 una
1571 4608 1651 4654 cum
1668 4586 1741 4656 tilio
1756 4601 1820 4658 tuo
1835 4584 1992 4658 Domino
2008 4605 2128 4660 nostro

1138 4685 1215 4755 lesu
1232 4679 1394 4768 Christo,
1415 4685 1581 4768 crucifixo
1595 4710 1659 4777 pro
1675 4690 1780 4758 nobis
1796 4702 1829 4760 et
1844 4691 2067 4774 resuscitato,
2094 4709 2129 4763 et

1135 4787 1273 4879 Spiritu
1288 4799 1410 4856 sancto
1426 4798 1502 4872 tuo,
1528 4811 1672 4858 oramus
1687 4791 1725 4860 in
1741 4785 1798 4860 his
1815 4791 1922 4862 tantis
1938 4796 2129 4878 aerumnis,

1135 4903 1176 4960 ut
1192 4902 1337 4980 propter
1359 4887 1473 4958 lilium
1496 4904 1596 4960 tuum
1611 4887 1812 4968 Dominum
1834 4907 1995 4963 nostrum
2012 4893 2127 4966 lesum

1135 4988 1319 5062 Christum
1359 4991 1475 5060 nostri
1508 4991 1727 5080 miserearis,
1772 5010 1806 5066 et
1831 4993 1970 5086 Spiritu
2008 5014 2127 5070 sancto

1136 5091 1331 5164 Ecclesiam
1347 5092 1414 5162 tibi
1430 5106 1599 5186 perpetuo
1616 5095 1790 5168 internos
1813 5097 1978 5186 colligas,
2013 5117 2047 5172 et
2072 5125 2130 5171 re·

1136 5217 1214 5366 aas,
1247 5209 1281 5264 et
1303 5217 1435 5365 plpenas
1447 5195 1628 5268 immensa
1646 5199 1888 5270 misericordia
1904 5214 1964 5270 tua
1979 5203 2129 5294 mitiges,

1174 5319 1266 5369 men.
1355 5321 1414 5372 ixi.

1379 5521 1385 5528 ·
1444 5495 1529 5572 54*
