<?xml version="1.0" encoding="UTF-8"?>
<!DOCTYPE html PUBLIC "-//W3C//DTD XHTML 1.0 Transitional//EN"
    "http://www.w3.org/TR/xhtml1/DTD/xhtml1-transitional.dtd">
<html xmlns="http://www.w3.org/1999/xhtml" xml:lang="en" lang="en">
 <head>
  <title>
</title>
<meta http-equiv="Content-Type" content="text/html;charset=utf-8" />
  <meta name='ocr-system' content='tesseract 3.04.00' />
  <meta name='ocr-capabilities' content='ocr_page ocr_carea ocr_par ocr_line ocrx_word'/>
</head>
<body>
  <div class='ocr_page' id='page_1' title='image "./corpusreformato23melagoog/corpusreformato23melagoog_0381.png"; bbox 0 0 4646 5824; ppageno 0'>
   <div class='ocr_carea' id='block_1_1' title="bbox 203 177 2228 328">
    <p class='ocr_par' dir='ltr' id='par_1_1' title="bbox 203 177 2310 350">
     <span class='ocr_line' id='line_1_1' title="bbox 203 177 2228 328; baseline -0.001 -3"><span class='ocrx_word' id='word_1_1' title='bbox 203 177 321 328; x_wconf 78' lang='lat' dir='ltr'>aaa</span> <span class='ocrx_word' id='word_1_2' title='bbox 806 233 968 317; x_wconf 77' lang='lat' dir='ltr'>nucu</span> <span class='ocrx_word' id='word_1_3' title='bbox 998 233 1075 316; x_wconf 85' lang='lat' dir='ltr'>na</span> <span class='ocrx_word' id='word_1_4' title='bbox 1106 235 1256 326; x_wconf 78' lang='lat' dir='ltr'>vara</span> <span class='ocrx_word' id='word_1_5' title='bbox 1284 237 1647 320; x_wconf 79' lang='lat' dir='ltr'>uranouxua</span> <span class='ocrx_word' id='word_1_6' title='bbox 2156 248 2228 326; x_wconf 80' lang='lat' dir='ltr'>no</span> 
     </span>
    </p>
   </div>
   <div class='ocr_carea' id='block_1_2' title="bbox 164 368 2310 512">
    <p class='ocr_par' dir='ltr' id='par_1_2' title="bbox 164 368 2310 512">
     <span class='ocr_line' id='line_1_2' title="bbox 164 368 2310 512; baseline -0.001 -20"><span class='ocrx_word' id='word_1_7' title='bbox 164 471 166 482; x_wconf 83' lang='lat'>·</span> <span class='ocrx_word' id='word_1_8' title='bbox 204 391 461 512; x_wconf 68' lang='lat' dir='ltr'>Prophetarum</span> <span class='ocrx_word' id='word_1_9' title='bbox 479 427 514 484; x_wconf 92' lang='lat' dir='ltr'>et</span> <span class='ocrx_word' id='word_1_10' title='bbox 529 368 803 505; x_wconf 71' lang='lat' dir='ltr'>apostotorum,</span> <span class='ocrx_word' id='word_1_11' title='bbox 830 425 864 483; x_wconf 90' lang='grc' dir='ltr'>ει</span> <span class='ocrx_word' id='word_1_12' title='bbox 879 410 1081 484; x_wconf 76' lang='lat' dir='ltr'>universam</span> <span class='ocrx_word' id='word_1_13' title='bbox 1098 409 1193 482; x_wconf 84' lang='lat' dir='ltr'>anti·</span> <span class='ocrx_word' id='word_1_14' title='bbox 1241 439 1342 510; x_wconf 88' lang='lat' dir='ltr'>pero.</span> <span class='ocrx_word' id='word_1_15' title='bbox 1392 413 1624 508; x_wconf 71' lang='lat' dir='ltr'>Diligentiam</span> <span class='ocrx_word' id='word_1_16' title='bbox 1638 418 1707 488; x_wconf 91' lang='lat' dir='ltr'>viri</span> <span class='ocrx_word' id='word_1_17' title='bbox 1721 421 1952 508; x_wconf 87' lang='lat' dir='ltr'>considerate,</span> <span class='ocrx_word' id='word_1_18' title='bbox 1980 375 2035 490; x_wconf 80' lang='lat' dir='ltr'>vel</span> <span class='ocrx_word' id='word_1_19' title='bbox 2051 419 2089 490; x_wconf 88' lang='lat' dir='ltr'>in</span> <span class='ocrx_word' id='word_1_20' title='bbox 2104 415 2232 507; x_wconf 85' lang='lat' dir='ltr'>harre,</span> <span class='ocrx_word' id='word_1_21' title='bbox 2309 383 2310 450; x_wconf 35' lang='lat' dir='ltr'>i</span> 
     </span>
    </p>
   </div>
   <div class='ocr_carea' id='block_1_3' title="bbox 126 513 2244 5472">
    <p class='ocr_par' dir='ltr' id='par_1_3' title="bbox 126 513 2244 5472">
     <span class='ocr_line' id='line_1_3' title="bbox 206 513 2232 618; baseline -0.001 -24"><span class='ocrx_word' id='word_1_22' title='bbox 206 523 376 618; x_wconf 73' lang='lat' dir='ltr'>quitatem</span> <span class='ocrx_word' id='word_1_23' title='bbox 390 513 565 590; x_wconf 72' lang='lat' dir='ltr'>Ecclesiae</span> <span class='ocrx_word' id='word_1_24' title='bbox 579 513 762 604; x_wconf 85' lang='lat' dir='ltr'>cognovit,</span> <span class='ocrx_word' id='word_1_25' title='bbox 786 515 938 586; x_wconf 88' lang='lat' dir='ltr'>contulit</span> <span class='ocrx_word' id='word_1_26' title='bbox 957 513 1118 584; x_wconf 88' lang='lat' dir='ltr'>omnium</span> <span class='ocrx_word' id='word_1_27' title='bbox 1133 535 1192 582; x_wconf 89' lang='lat' dir='ltr'>ae-</span> <span class='ocrx_word' id='word_1_28' title='bbox 1243 523 1332 614; x_wconf 88' lang='lat' dir='ltr'>q&#39;uae</span> <span class='ocrx_word' id='word_1_29' title='bbox 1359 515 1501 591; x_wconf 84' lang='lat' dir='ltr'>videtur</span> <span class='ocrx_word' id='word_1_30' title='bbox 1533 521 1750 596; x_wconf 77' lang='lat' dir='ltr'>leviuscula·</span> <span class='ocrx_word' id='word_1_31' title='bbox 1796 519 2090 596; x_wconf 88' lang='lat' dir='ltr'>Nomenclaturas</span> <span class='ocrx_word' id='word_1_32' title='bbox 2123 523 2232 594; x_wconf 79' lang='lat' dir='ltr'>edidit</span> 
     </span>
     <span class='ocr_line' id='line_1_4' title="bbox 206 614 2233 716; baseline -0.003 -17"><span class='ocrx_word' id='word_1_33' title='bbox 206 638 320 700; x_wconf 81' lang='lat' dir='ltr'>tatum</span> <span class='ocrx_word' id='word_1_34' title='bbox 342 616 549 700; x_wconf 88' lang='lat' dir='ltr'>certamina,</span> <span class='ocrx_word' id='word_1_35' title='bbox 583 629 622 685; x_wconf 94' lang='grc' dir='ltr'>ιιι</span> <span class='ocrx_word' id='word_1_36' title='bbox 645 615 786 707; x_wconf 89' lang='lat' dir='ltr'>piorum</span> <span class='ocrx_word' id='word_1_37' title='bbox 811 614 939 685; x_wconf 85' lang='lat' dir='ltr'>iudicia</span> <span class='ocrx_word' id='word_1_38' title='bbox 961 617 1005 684; x_wconf 89' lang='lat' dir='ltr'>de</span> <span class='ocrx_word' id='word_1_39' title='bbox 1029 614 1194 684; x_wconf 90' lang='lat' dir='ltr'>maximia</span> <span class='ocrx_word' id='word_1_40' title='bbox 1244 619 1403 692; x_wconf 88' lang='lat' dir='ltr'>locorum</span> <span class='ocrx_word' id='word_1_41' title='bbox 1413 615 1659 707; x_wconf 78' lang='lat' dir='ltr'>Ebraicorum,</span> <span class='ocrx_word' id='word_1_42' title='bbox 1675 645 1763 716; x_wconf 88' lang='lat' dir='ltr'>quas</span> <span class='ocrx_word' id='word_1_43' title='bbox 1780 624 2024 696; x_wconf 86' lang='lat' dir='ltr'>nondistinxit</span> <span class='ocrx_word' id='word_1_44' title='bbox 2039 623 2233 694; x_wconf 85' lang='lat' dir='ltr'>utCosmo·</span> 
     </span>
     <span class='ocr_line' id='line_1_5' title="bbox 207 713 2233 818; baseline -0 -23"><span class='ocrx_word' id='word_1_45' title='bbox 207 726 314 798; x_wconf 88' lang='lat' dir='ltr'>rebus</span> <span class='ocrx_word' id='word_1_46' title='bbox 337 735 371 790; x_wconf 90' lang='lat' dir='ltr'>et</span> <span class='ocrx_word' id='word_1_47' title='bbox 392 731 524 791; x_wconf 87' lang='lat' dir='ltr'>teneret</span> <span class='ocrx_word' id='word_1_48' title='bbox 549 731 583 788; x_wconf 89' lang='grc' dir='ltr'>ει</span> <span class='ocrx_word' id='word_1_49' title='bbox 603 729 818 810; x_wconf 69' lang='lat' dir='ltr'>sequeretur.</span> <span class='ocrx_word' id='word_1_50' title='bbox 871 713 1048 786; x_wconf 79' lang='lat' dir='ltr'>Adiunxit</span> <span class='ocrx_word' id='word_1_51' title='bbox 1069 729 1104 784; x_wconf 95' lang='lat' dir='ltr'>et</span> <span class='ocrx_word' id='word_1_52' title='bbox 1121 717 1194 786; x_wconf 89' lang='lat' dir='ltr'>lin·</span> <span class='ocrx_word' id='word_1_53' title='bbox 1244 717 1417 814; x_wconf 89' lang='lat' dir='ltr'>graphus,</span> <span class='ocrx_word' id='word_1_54' title='bbox 1442 725 1503 792; x_wconf 89' lang='lat' dir='ltr'>sed</span> <span class='ocrx_word' id='word_1_55' title='bbox 1523 736 1563 794; x_wconf 91' lang='lat' dir='ltr'>ut</span> <span class='ocrx_word' id='word_1_56' title='bbox 1579 725 1693 794; x_wconf 88' lang='lat' dir='ltr'>viator</span> <span class='ocrx_word' id='word_1_57' title='bbox 1707 724 1781 815; x_wconf 88' lang='lat' dir='ltr'>ipse</span> <span class='ocrx_word' id='word_1_58' title='bbox 1797 747 1861 818; x_wconf 90' lang='lat' dir='ltr'>per</span> <span class='ocrx_word' id='word_1_59' title='bbox 1875 739 1983 797; x_wconf 89' lang='lat' dir='ltr'>totam</span> <span class='ocrx_word' id='word_1_60' title='bbox 2000 724 2233 795; x_wconf 76' lang='lat' dir='ltr'>Palaestinam</span> 
     </span>
     <span class='ocr_line' id='line_1_6' title="bbox 207 817 2235 920; baseline 0 -26"><span class='ocrx_word' id='word_1_61' title='bbox 207 847 295 916; x_wconf 87' lang='lat' dir='ltr'>guae</span> <span class='ocrx_word' id='word_1_62' title='bbox 315 819 487 894; x_wconf 85' lang='lat' dir='ltr'>Ebraicae</span> <span class='ocrx_word' id='word_1_63' title='bbox 515 817 688 888; x_wconf 88' lang='lat' dir='ltr'>studium:</span> <span class='ocrx_word' id='word_1_64' title='bbox 721 841 826 912; x_wconf 89' lang='lat' dir='ltr'>quam</span> <span class='ocrx_word' id='word_1_65' title='bbox 850 830 891 888; x_wconf 89' lang='lat' dir='ltr'>ut</span> <span class='ocrx_word' id='word_1_66' title='bbox 919 830 1013 888; x_wconf 88' lang='lat' dir='ltr'>reete</span> <span class='ocrx_word' id='word_1_67' title='bbox 1034 817 1193 902; x_wconf 87' lang='lat' dir='ltr'>disceret,</span> <span class='ocrx_word' id='word_1_68' title='bbox 1244 823 1409 915; x_wconf 85' lang='lat' dir='ltr'>vagatus,</span> <span class='ocrx_word' id='word_1_69' title='bbox 1435 825 1621 896; x_wconf 88' lang='lat' dir='ltr'>intervalla</span> <span class='ocrx_word' id='word_1_70' title='bbox 1644 826 1859 918; x_wconf 82' lang='lat' dir='ltr'>oppidorum</span> <span class='ocrx_word' id='word_1_71' title='bbox 1882 829 1955 897; x_wconf 89' lang='lat' dir='ltr'>suis</span> <span class='ocrx_word' id='word_1_72' title='bbox 1977 827 2141 920; x_wconf 88' lang='lat' dir='ltr'>passibus</span> <span class='ocrx_word' id='word_1_73' title='bbox 2163 850 2235 895; x_wconf 89' lang='lat' dir='ltr'>me-</span> 
     </span>
     <span class='ocr_line' id='line_1_7' title="bbox 207 918 1414 1020; baseline -0.003 -26"><span class='ocrx_word' id='word_1_74' title='bbox 207 935 448 1020; x_wconf 86' lang='lat' dir='ltr'>praeceptorcs</span> <span class='ocrx_word' id='word_1_75' title='bbox 465 919 713 990; x_wconf 86' lang='lat' dir='ltr'>disertissimos</span> <span class='ocrx_word' id='word_1_76' title='bbox 738 920 836 988; x_wconf 91' lang='lat' dir='ltr'>inea</span> <span class='ocrx_word' id='word_1_77' title='bbox 859 918 982 1009; x_wconf 87' lang='lat' dir='ltr'>lingua</span> <span class='ocrx_word' id='word_1_78' title='bbox 1005 919 1195 1012; x_wconf 85' lang='lat' dir='ltr'>quaesivit,</span> <span class='ocrx_word' id='word_1_79' title='bbox 1246 925 1332 998; x_wconf 83' lang='lat' dir='ltr'>titus</span> <span class='ocrx_word' id='word_1_80' title='bbox 1351 937 1414 996; x_wconf 85' lang='lat' dir='ltr'>est.</span> 
     </span>
     <span class='ocr_line' id='line_1_8' title="bbox 208 1014 2237 1120; baseline -0.001 -22"><span class='ocrx_word' id='word_1_81' title='bbox 208 1040 242 1098; x_wconf 92' lang='lat' dir='ltr'>et</span> <span class='ocrx_word' id='word_1_82' title='bbox 259 1024 340 1118; x_wconf 90' lang='lat' dir='ltr'>quia</span> <span class='ocrx_word' id='word_1_83' title='bbox 356 1019 471 1092; x_wconf 81' lang='lat' dir='ltr'>aflirais</span> <span class='ocrx_word' id='word_1_84' title='bbox 488 1035 539 1091; x_wconf 89' lang='lat' dir='ltr'>est</span> <span class='ocrx_word' id='word_1_85' title='bbox 553 1017 715 1114; x_wconf 88' lang='lat' dir='ltr'>Syriaca,</span> <span class='ocrx_word' id='word_1_86' title='bbox 742 1014 833 1090; x_wconf 91' lang='lat' dir='ltr'>hanc</span> <span class='ocrx_word' id='word_1_87' title='bbox 849 1021 954 1092; x_wconf 89' lang='lat' dir='ltr'>etiam</span> <span class='ocrx_word' id='word_1_88' title='bbox 968 1034 1054 1092; x_wconf 90' lang='lat' dir='ltr'>tunc</span> <span class='ocrx_word' id='word_1_89' title='bbox 1068 1043 1195 1090; x_wconf 89' lang='lat' dir='ltr'>verna-</span> <span class='ocrx_word' id='word_1_90' title='bbox 1348 1023 1477 1096; x_wconf 87' lang='lat' dir='ltr'>Narrat</span> <span class='ocrx_word' id='word_1_91' title='bbox 1499 1023 1608 1114; x_wconf 91' lang='lat' dir='ltr'>igitur</span> <span class='ocrx_word' id='word_1_92' title='bbox 1623 1025 1729 1111; x_wconf 88' lang='lat' dir='ltr'>situs,</span> <span class='ocrx_word' id='word_1_93' title='bbox 1757 1039 1790 1098; x_wconf 88' lang='lat' dir='ltr'>et</span> <span class='ocrx_word' id='word_1_94' title='bbox 1805 1025 1973 1098; x_wconf 88' lang='lat' dir='ltr'>discernit</span> <span class='ocrx_word' id='word_1_95' title='bbox 1990 1051 2142 1098; x_wconf 85' lang='lat' dir='ltr'>numero</span> <span class='ocrx_word' id='word_1_96' title='bbox 2159 1050 2237 1120; x_wconf 87' lang='lat' dir='ltr'>pas·</span> 
     </span>
     <span class='ocr_line' id='line_1_9' title="bbox 208 1117 2238 1222; baseline -0 -24"><span class='ocrx_word' id='word_1_97' title='bbox 208 1127 324 1198; x_wconf 87' lang='lat' dir='ltr'>culam</span> <span class='ocrx_word' id='word_1_98' title='bbox 340 1122 463 1218; x_wconf 79' lang='lat' dir='ltr'>Syriae</span> <span class='ocrx_word' id='word_1_99' title='bbox 488 1121 580 1192; x_wconf 91' lang='lat' dir='ltr'>inter</span> <span class='ocrx_word' id='word_1_100' title='bbox 601 1117 757 1214; x_wconf 74' lang='lat' dir='ltr'>hospites</span> <span class='ocrx_word' id='word_1_101' title='bbox 779 1121 915 1192; x_wconf 82' lang='lat' dir='ltr'>didicit.</span> <span class='ocrx_word' id='word_1_102' title='bbox 973 1119 1050 1190; x_wconf 86' lang='lat' dir='ltr'>Hac</span> <span class='ocrx_word' id='word_1_103' title='bbox 1072 1121 1195 1190; x_wconf 80' lang='lat' dir='ltr'>multi·</span> <span class='ocrx_word' id='word_1_104' title='bbox 1245 1127 1486 1198; x_wconf 89' lang='lat' dir='ltr'>suumalocia</span> <span class='ocrx_word' id='word_1_105' title='bbox 1503 1127 1714 1216; x_wconf 86' lang='lat' dir='ltr'>insignibus,</span> <span class='ocrx_word' id='word_1_106' title='bbox 1730 1141 1765 1198; x_wconf 88' lang='lat' dir='ltr'>ct</span> <span class='ocrx_word' id='word_1_107' title='bbox 1779 1129 1901 1198; x_wconf 87' lang='lat' dir='ltr'>recitat</span> <span class='ocrx_word' id='word_1_108' title='bbox 1916 1131 2067 1199; x_wconf 87' lang='lat' dir='ltr'>variatas</span> <span class='ocrx_word' id='word_1_109' title='bbox 2081 1129 2238 1222; x_wconf 90' lang='lat' dir='ltr'>appella-</span> 
     </span>
     <span class='ocr_line' id='line_1_10' title="bbox 207 1222 2238 1321; baseline -0.007 -21"><span class='ocrx_word' id='word_1_110' title='bbox 207 1227 293 1321; x_wconf 87' lang='lat' dir='ltr'>plici</span> <span class='ocrx_word' id='word_1_111' title='bbox 309 1225 510 1296; x_wconf 84' lang='lat' dir='ltr'>eruditione</span> <span class='ocrx_word' id='word_1_112' title='bbox 531 1223 742 1304; x_wconf 90' lang='lat' dir='ltr'>instructus,</span> <span class='ocrx_word' id='word_1_113' title='bbox 768 1222 920 1294; x_wconf 89' lang='lat' dir='ltr'>instituit</span> <span class='ocrx_word' id='word_1_114' title='bbox 937 1247 1025 1314; x_wconf 89' lang='lat' dir='ltr'>opus</span> <span class='ocrx_word' id='word_1_115' title='bbox 1047 1222 1195 1293; x_wconf 88' lang='lat' dir='ltr'>utilissi-</span> <span class='ocrx_word' id='word_1_116' title='bbox 1246 1229 1372 1302; x_wconf 73' lang='lat' dir='ltr'>tiones.</span> <span class='ocrx_word' id='word_1_117' title='bbox 1397 1225 1508 1310; x_wconf 72' lang='lat' dir='ltr'>¹Haec</span> <span class='ocrx_word' id='word_1_118' title='bbox 1523 1228 1707 1318; x_wconf 65' lang='lat' dir='ltr'>diligentia</span> <span class='ocrx_word' id='word_1_119' title='bbox 1722 1243 1757 1301; x_wconf 71' lang='lat' dir='ltr'>et</span> <span class='ocrx_word' id='word_1_120' title='bbox 1773 1229 1812 1298; x_wconf 79' lang='lat' dir='ltr'>in</span> <span class='ocrx_word' id='word_1_121' title='bbox 1830 1229 1906 1320; x_wconf 64' lang='lat' dir='ltr'>ipso</span> <span class='ocrx_word' id='word_1_122' title='bbox 1923 1231 2037 1302; x_wconf 64' lang='lat' dir='ltr'>vinu,</span> <span class='ocrx_word' id='word_1_123' title='bbox 2053 1231 2125 1302; x_wconf 62' lang='lat' dir='ltr'>suit</span> <span class='ocrx_word' id='word_1_124' title='bbox 2142 1253 2238 1320; x_wconf 65' lang='lat' dir='ltr'>egre.</span> 
     </span>
     <span class='ocr_line' id='line_1_11' title="bbox 207 1311 2238 1424; baseline -0 -24"><span class='ocrx_word' id='word_1_125' title='bbox 207 1352 325 1413; x_wconf 88' lang='lat' dir='ltr'>mum,</span> <span class='ocrx_word' id='word_1_126' title='bbox 349 1311 513 1396; x_wconf 78' lang='lat' dir='ltr'>videliiet</span> <span class='ocrx_word' id='word_1_127' title='bbox 529 1319 786 1414; x_wconf 79' lang='lat' dir='ltr'>Prophetarum</span> <span class='ocrx_word' id='word_1_128' title='bbox 807 1347 848 1394; x_wconf 86' lang='lat' dir='ltr'>ex</span> <span class='ocrx_word' id='word_1_129' title='bbox 864 1325 1022 1396; x_wconf 90' lang='lat' dir='ltr'>fontibus</span> <span class='ocrx_word' id='word_1_130' title='bbox 1045 1325 1195 1396; x_wconf 87' lang='lat' dir='ltr'>transla-</span> <span class='ocrx_word' id='word_1_131' title='bbox 1247 1330 1318 1420; x_wconf 90' lang='lat' dir='ltr'>gia,</span> <span class='ocrx_word' id='word_1_132' title='bbox 1343 1341 1376 1400; x_wconf 91' lang='grc' dir='ltr'>ει</span> <span class='ocrx_word' id='word_1_133' title='bbox 1392 1329 1590 1421; x_wconf 81' lang='lat' dir='ltr'>posteritati</span> <span class='ocrx_word' id='word_1_134' title='bbox 1612 1333 1764 1422; x_wconf 88' lang='lat' dir='ltr'>prodest.</span> <span class='ocrx_word' id='word_1_135' title='bbox 1816 1329 1977 1424; x_wconf 85' lang='lat' dir='ltr'>Cumque</span> <span class='ocrx_word' id='word_1_136' title='bbox 1999 1333 2092 1402; x_wconf 90' lang='lat' dir='ltr'>fama</span> <span class='ocrx_word' id='word_1_137' title='bbox 2116 1332 2238 1401; x_wconf 87' lang='lat' dir='ltr'>erudi-</span> 
     </span>
     <span class='ocr_line' id='line_1_12' title="bbox 208 1424 2237 1524; baseline 0 -23"><span class='ocrx_word' id='word_1_138' title='bbox 208 1429 343 1502; x_wconf 82' lang='lat' dir='ltr'>tionem</span> <span class='ocrx_word' id='word_1_139' title='bbox 367 1428 404 1496; x_wconf 91' lang='lat' dir='ltr'>in</span> <span class='ocrx_word' id='word_1_140' title='bbox 429 1427 586 1515; x_wconf 92' lang='lat' dir='ltr'>linguam</span> <span class='ocrx_word' id='word_1_141' title='bbox 601 1424 785 1510; x_wconf 87' lang='lat' dir='ltr'>Latinam,</span> <span class='ocrx_word' id='word_1_142' title='bbox 811 1425 873 1520; x_wconf 90' lang='lat' dir='ltr'>qui</span> <span class='ocrx_word' id='word_1_143' title='bbox 892 1441 933 1498; x_wconf 94' lang='lat' dir='ltr'>ut</span> <span class='ocrx_word' id='word_1_144' title='bbox 954 1439 1045 1496; x_wconf 87' lang='lat' dir='ltr'>recte</span> <span class='ocrx_word' id='word_1_145' title='bbox 1063 1425 1196 1496; x_wconf 83' lang='lat' dir='ltr'>intelli·</span> <span class='ocrx_word' id='word_1_146' title='bbox 1247 1431 1355 1503; x_wconf 87' lang='lat' dir='ltr'>tionis</span> <span class='ocrx_word' id='word_1_147' title='bbox 1369 1430 1479 1521; x_wconf 91' lang='lat' dir='ltr'>ipsius</span> <span class='ocrx_word' id='word_1_148' title='bbox 1494 1429 1565 1502; x_wconf 91' lang='lat' dir='ltr'>late</span> <span class='ocrx_word' id='word_1_149' title='bbox 1578 1455 1696 1522; x_wconf 87' lang='lat' dir='ltr'>sparsa</span> <span class='ocrx_word' id='word_1_150' title='bbox 1711 1445 1772 1518; x_wconf 86' lang='lat' dir='ltr'>est,</span> <span class='ocrx_word' id='word_1_151' title='bbox 1797 1432 1902 1502; x_wconf 90' lang='lat' dir='ltr'>multi</span> <span class='ocrx_word' id='word_1_152' title='bbox 1916 1435 1961 1502; x_wconf 91' lang='lat' dir='ltr'>ab</span> <span class='ocrx_word' id='word_1_153' title='bbox 1975 1458 2017 1502; x_wconf 93' lang='lat' dir='ltr'>eo</span> <span class='ocrx_word' id='word_1_154' title='bbox 2032 1435 2165 1524; x_wconf 91' lang='lat' dir='ltr'>passim</span> <span class='ocrx_word' id='word_1_155' title='bbox 2182 1457 2237 1501; x_wconf 82' lang='lat' dir='ltr'>ex·</span> 
     </span>
     <span class='ocr_line' id='line_1_13' title="bbox 209 1523 2239 1626; baseline 0 -24"><span class='ocrx_word' id='word_1_156' title='bbox 209 1545 348 1624; x_wconf 86' lang='lat' dir='ltr'>gantur,</span> <span class='ocrx_word' id='word_1_157' title='bbox 372 1541 487 1600; x_wconf 83' lang='lat' dir='ltr'>servat</span> <span class='ocrx_word' id='word_1_158' title='bbox 501 1523 597 1598; x_wconf 87' lang='lat' dir='ltr'>Deus</span> <span class='ocrx_word' id='word_1_159' title='bbox 612 1527 649 1596; x_wconf 91' lang='lat' dir='ltr'>in</span> <span class='ocrx_word' id='word_1_160' title='bbox 663 1523 819 1598; x_wconf 82' lang='lat' dir='ltr'>Ecclesia</span> <span class='ocrx_word' id='word_1_161' title='bbox 833 1529 967 1598; x_wconf 89' lang='lat' dir='ltr'>donum</span> <span class='ocrx_word' id='word_1_162' title='bbox 983 1527 1198 1616; x_wconf 86' lang='lat' dir='ltr'>linguarum,</span> <span class='ocrx_word' id='word_1_163' title='bbox 1247 1533 1455 1626; x_wconf 90' lang='lat' dir='ltr'>plicationes</span> <span class='ocrx_word' id='word_1_164' title='bbox 1477 1533 1707 1604; x_wconf 91' lang='lat' dir='ltr'>obscurarum</span> <span class='ocrx_word' id='word_1_165' title='bbox 1739 1533 1993 1604; x_wconf 88' lang='lat' dir='ltr'>sententiarum</span> <span class='ocrx_word' id='word_1_166' title='bbox 2023 1533 2239 1623; x_wconf 85' lang='lat' dir='ltr'>flagitamut,</span> 
     </span>
     <span class='ocr_line' id='line_1_14' title="bbox 210 1626 2239 1730; baseline -0 -26"><span class='ocrx_word' id='word_1_167' title='bbox 210 1649 244 1704; x_wconf 90' lang='lat' dir='ltr'>et</span> <span class='ocrx_word' id='word_1_168' title='bbox 258 1645 299 1702; x_wconf 90' lang='lat' dir='ltr'>ut</span> <span class='ocrx_word' id='word_1_169' title='bbox 314 1645 398 1701; x_wconf 88' lang='lat' dir='ltr'>tunc</span> <span class='ocrx_word' id='word_1_170' title='bbox 412 1632 575 1700; x_wconf 89' lang='lat' dir='ltr'>ederetur</span> <span class='ocrx_word' id='word_1_171' title='bbox 589 1652 681 1698; x_wconf 89' lang='lat' dir='ltr'>nova</span> <span class='ocrx_word' id='word_1_172' title='bbox 696 1629 949 1720; x_wconf 82' lang='lat' dir='ltr'>interpretatio,</span> <span class='ocrx_word' id='word_1_173' title='bbox 964 1626 1059 1698; x_wconf 90' lang='lat' dir='ltr'>Deus</span> <span class='ocrx_word' id='word_1_174' title='bbox 1074 1653 1196 1700; x_wconf 88' lang='lat' dir='ltr'>acceu-</span> <span class='ocrx_word' id='word_1_175' title='bbox 1248 1635 1378 1730; x_wconf 88' lang='lat' dir='ltr'>quibos</span> <span class='ocrx_word' id='word_1_176' title='bbox 1392 1634 1604 1723; x_wconf 90' lang='lat' dir='ltr'>respondere</span> <span class='ocrx_word' id='word_1_177' title='bbox 1623 1633 1725 1704; x_wconf 87' lang='lat' dir='ltr'>labor</span> <span class='ocrx_word' id='word_1_178' title='bbox 1739 1635 1807 1705; x_wconf 91' lang='lat' dir='ltr'>fuit</span> <span class='ocrx_word' id='word_1_179' title='bbox 1822 1655 1897 1704; x_wconf 88' lang='lat' dir='ltr'>nco</span> <span class='ocrx_word' id='word_1_180' title='bbox 1912 1635 2068 1726; x_wconf 87' lang='lat' dir='ltr'>exiguus.</span> <span class='ocrx_word' id='word_1_181' title='bbox 2122 1634 2166 1704; x_wconf 93' lang='lat' dir='ltr'>ln</span> <span class='ocrx_word' id='word_1_182' title='bbox 2189 1631 2239 1704; x_wconf 90' lang='lat' dir='ltr'>hia</span> 
     </span>
     <span class='ocr_line' id='line_1_15' title="bbox 209 1730 2241 1830; baseline -0.002 -22"><span class='ocrx_word' id='word_1_183' title='bbox 209 1735 264 1808; x_wconf 89' lang='lat' dir='ltr'>dit</span> <span class='ocrx_word' id='word_1_184' title='bbox 277 1731 489 1826; x_wconf 86' lang='lat' dir='ltr'>Hieronymi</span> <span class='ocrx_word' id='word_1_185' title='bbox 505 1743 643 1822; x_wconf 90' lang='lat' dir='ltr'>pectus,</span> <span class='ocrx_word' id='word_1_186' title='bbox 669 1743 703 1800; x_wconf 91' lang='lat' dir='ltr'>et</span> <span class='ocrx_word' id='word_1_187' title='bbox 724 1730 839 1803; x_wconf 90' lang='lat' dir='ltr'>studio</span> <span class='ocrx_word' id='word_1_188' title='bbox 855 1731 1043 1802; x_wconf 89' lang='lat' dir='ltr'>discendae</span> <span class='ocrx_word' id='word_1_189' title='bbox 1056 1731 1197 1821; x_wconf 88' lang='lat' dir='ltr'>linguae</span> <span class='ocrx_word' id='word_1_190' title='bbox 1249 1735 1442 1815; x_wconf 81' lang='lat' dir='ltr'>laboribus,</span> <span class='ocrx_word' id='word_1_191' title='bbox 1465 1759 1544 1804; x_wconf 92' lang='lat' dir='ltr'>cum</span> <span class='ocrx_word' id='word_1_192' title='bbox 1561 1735 1669 1804; x_wconf 89' lang='lat' dir='ltr'>semel</span> <span class='ocrx_word' id='word_1_193' title='bbox 1685 1748 1791 1830; x_wconf 92' lang='lat' dir='ltr'>atque</span> <span class='ocrx_word' id='word_1_194' title='bbox 1806 1737 1933 1806; x_wconf 89' lang='lat' dir='ltr'>iterum</span> <span class='ocrx_word' id='word_1_195' title='bbox 1949 1733 2106 1808; x_wconf 87' lang='lat' dir='ltr'>Romam</span> <span class='ocrx_word' id='word_1_196' title='bbox 2122 1759 2241 1805; x_wconf 82' lang='lat' dir='ltr'>rever-</span> 
     </span>
     <span class='ocr_line' id='line_1_16' title="bbox 208 1829 2241 1930; baseline 0 -24"><span class='ocrx_word' id='word_1_197' title='bbox 208 1837 361 1926; x_wconf 88' lang='lat' dir='ltr'>flagrans</span> <span class='ocrx_word' id='word_1_198' title='bbox 383 1833 532 1904; x_wconf 90' lang='lat' dir='ltr'>adiuvit.</span> <span class='ocrx_word' id='word_1_199' title='bbox 592 1829 632 1904; x_wconf 87' lang='lat' dir='ltr'>si</span> <span class='ocrx_word' id='word_1_200' title='bbox 652 1831 731 1926; x_wconf 90' lang='lat' dir='ltr'>quis</span> <span class='ocrx_word' id='word_1_201' title='bbox 753 1845 869 1904; x_wconf 85' lang='lat' dir='ltr'>autem</span> <span class='ocrx_word' id='word_1_202' title='bbox 892 1846 996 1924; x_wconf 88' lang='lat' dir='ltr'>negat</span> <span class='ocrx_word' id='word_1_203' title='bbox 1020 1833 1196 1924; x_wconf 88' lang='lat' dir='ltr'>praeclare</span> <span class='ocrx_word' id='word_1_204' title='bbox 1250 1859 1309 1908; x_wconf 88' lang='lat' dir='ltr'>sua</span> <span class='ocrx_word' id='word_1_205' title='bbox 1324 1850 1423 1916; x_wconf 86' lang='lat' dir='ltr'>esset,</span> <span class='ocrx_word' id='word_1_206' title='bbox 1439 1831 1543 1930; x_wconf 89' lang='lat' dir='ltr'>(nam</span> <span class='ocrx_word' id='word_1_207' title='bbox 1562 1837 1771 1930; x_wconf 88' lang='lat' dir='ltr'>aliquandiu</span> <span class='ocrx_word' id='word_1_208' title='bbox 1789 1833 1900 1908; x_wconf 86' lang='lat' dir='ltr'>haesit</span> <span class='ocrx_word' id='word_1_209' title='bbox 1915 1839 2009 1929; x_wconf 90' lang='lat' dir='ltr'>apud</span> <span class='ocrx_word' id='word_1_210' title='bbox 2020 1837 2241 1920; x_wconf 87' lang='lat' dir='ltr'>Damascum,</span> 
     </span>
     <span class='ocr_line' id='line_1_17' title="bbox 208 1928 2241 2032; baseline 0 -25"><span class='ocrx_word' id='word_1_211' title='bbox 208 1937 375 2008; x_wconf 89' lang='lat' dir='ltr'>meritum</span> <span class='ocrx_word' id='word_1_212' title='bbox 396 1958 469 2010; x_wconf 85' lang='lat' dir='ltr'>esse</span> <span class='ocrx_word' id='word_1_213' title='bbox 487 1934 530 2005; x_wconf 90' lang='lat' dir='ltr'>de</span> <span class='ocrx_word' id='word_1_214' title='bbox 548 1929 703 2005; x_wconf 77' lang='lat' dir='ltr'>Ecclesia</span> <span class='ocrx_word' id='word_1_215' title='bbox 728 1928 795 2006; x_wconf 89' lang='lat' dir='ltr'>hoc</span> <span class='ocrx_word' id='word_1_216' title='bbox 818 1934 957 2025; x_wconf 87' lang='lat' dir='ltr'>labore,</span> <span class='ocrx_word' id='word_1_217' title='bbox 984 1959 1059 2004; x_wconf 87' lang='grc' dir='ltr'>ιιοιι</span> <span class='ocrx_word' id='word_1_218' title='bbox 1081 1933 1197 2004; x_wconf 88' lang='lat' dir='ltr'>solum</span> <span class='ocrx_word' id='word_1_219' title='bbox 1232 1935 1464 2030; x_wconf 80' lang='lat' dir='ltr'>-Episcopum</span> <span class='ocrx_word' id='word_1_220' title='bbox 1480 1933 1707 2025; x_wconf 88' lang='lat' dir='ltr'>Romanum,</span> <span class='ocrx_word' id='word_1_221' title='bbox 1732 1939 1794 2032; x_wconf 91' lang='lat' dir='ltr'>qui</span> <span class='ocrx_word' id='word_1_222' title='bbox 1807 1939 1882 2008; x_wconf 90' lang='lat' dir='ltr'>eius</span> <span class='ocrx_word' id='word_1_223' title='bbox 1904 1961 2012 2030; x_wconf 84' lang='lat' dir='ltr'>opera</span> <span class='ocrx_word' id='word_1_224' title='bbox 2029 1939 2066 2008; x_wconf 93' lang='lat' dir='ltr'>in</span> <span class='ocrx_word' id='word_1_225' title='bbox 2084 1938 2241 2031; x_wconf 86' lang='lat' dir='ltr'>epistolis</span> 
     </span>
     <span class='ocr_line' id='line_1_18' title="bbox 208 2033 2238 2134; baseline 0 -28"><span class='ocrx_word' id='word_1_226' title='bbox 208 2039 386 2129; x_wconf 87' lang='lat' dir='ltr'>ingratus,</span> <span class='ocrx_word' id='word_1_227' title='bbox 419 2037 480 2106; x_wconf 92' lang='lat' dir='ltr'>sed</span> <span class='ocrx_word' id='word_1_228' title='bbox 503 2035 607 2106; x_wconf 90' lang='lat' dir='ltr'>etiam</span> <span class='ocrx_word' id='word_1_229' title='bbox 630 2059 773 2126; x_wconf 87' lang='lat' dir='ltr'>prorsus</span> <span class='ocrx_word' id='word_1_230' title='bbox 796 2035 960 2107; x_wconf 88' lang='lat' dir='ltr'>indoctus</span> <span class='ocrx_word' id='word_1_231' title='bbox 985 2049 1047 2109; x_wconf 88' lang='grc' dir='ltr'>εει,</span> <span class='ocrx_word' id='word_1_232' title='bbox 1106 2033 1198 2105; x_wconf 91' lang='lat' dir='ltr'>Nam</span> <span class='ocrx_word' id='word_1_233' title='bbox 1250 2040 1465 2123; x_wconf 87' lang='lat' dir='ltr'>scribendis,</span> <span class='ocrx_word' id='word_1_234' title='bbox 1500 2051 1534 2107; x_wconf 90' lang='lat' dir='ltr'>et</span> <span class='ocrx_word' id='word_1_235' title='bbox 1550 2039 1588 2108; x_wconf 90' lang='lat' dir='ltr'>in</span> <span class='ocrx_word' id='word_1_236' title='bbox 1602 2041 1747 2134; x_wconf 89' lang='lat' dir='ltr'>synodis</span> <span class='ocrx_word' id='word_1_237' title='bbox 1764 2049 1848 2111; x_wconf 84' lang='lat' dir='ltr'>lasus</span> <span class='ocrx_word' id='word_1_238' title='bbox 1867 2038 1939 2130; x_wconf 91' lang='grc' dir='ltr'>εει)</span> <span class='ocrx_word' id='word_1_239' title='bbox 1956 2042 2100 2110; x_wconf 86' lang='lat' dir='ltr'>tandem</span> <span class='ocrx_word' id='word_1_240' title='bbox 2123 2056 2238 2110; x_wconf 89' lang='lat' dir='ltr'>tamen</span> 
     </span>
     <span class='ocr_line' id='line_1_19' title="bbox 209 2131 2239 2234; baseline -0.002 -20"><span class='ocrx_word' id='word_1_241' title='bbox 209 2154 313 2214; x_wconf 88' lang='lat' dir='ltr'>antea</span> <span class='ocrx_word' id='word_1_242' title='bbox 330 2151 469 2210; x_wconf 85' lang='lat' dir='ltr'>tanturn</span> <span class='ocrx_word' id='word_1_243' title='bbox 492 2137 656 2210; x_wconf 79' lang='lat' dir='ltr'>extabant</span> <span class='ocrx_word' id='word_1_244' title='bbox 673 2131 870 2228; x_wconf 86' lang='lat' dir='ltr'>Prophetae</span> <span class='ocrx_word' id='word_1_245' title='bbox 892 2161 933 2208; x_wconf 88' lang='lat' dir='ltr'>ex</span> <span class='ocrx_word' id='word_1_246' title='bbox 951 2134 1089 2225; x_wconf 83' lang='lat' dir='ltr'>Graeco</span> <span class='ocrx_word' id='word_1_247' title='bbox 1112 2161 1199 2207; x_wconf 87' lang='lat' dir='ltr'>con·</span> <span class='ocrx_word' id='word_1_248' title='bbox 1250 2142 1288 2210; x_wconf 90' lang='lat' dir='ltr'>in</span> <span class='ocrx_word' id='word_1_249' title='bbox 1305 2139 1446 2234; x_wconf 87' lang='lat' dir='ltr'>Syriam</span> <span class='ocrx_word' id='word_1_250' title='bbox 1461 2140 1590 2225; x_wconf 91' lang='lat' dir='ltr'>rediit,</span> <span class='ocrx_word' id='word_1_251' title='bbox 1612 2140 1698 2210; x_wconf 91' lang='lat' dir='ltr'>etin</span> <span class='ocrx_word' id='word_1_252' title='bbox 1715 2141 1778 2210; x_wconf 90' lang='lat' dir='ltr'>illo</span> <span class='ocrx_word' id='word_1_253' title='bbox 1796 2141 1872 2232; x_wconf 88' lang='lat' dir='ltr'>ipso</span> <span class='ocrx_word' id='word_1_254' title='bbox 1888 2165 1991 2226; x_wconf 89' lang='lat' dir='ltr'>rure,</span> <span class='ocrx_word' id='word_1_255' title='bbox 2016 2141 2114 2234; x_wconf 86' lang='lat' dir='ltr'>qood</span> <span class='ocrx_word' id='word_1_256' title='bbox 2131 2141 2239 2210; x_wconf 82' lang='lat' dir='ltr'>lilioso</span> 
     </span>
     <span class='ocr_line' id='line_1_20' title="bbox 207 2237 2241 2334; baseline 0 -22"><span class='ocrx_word' id='word_1_257' title='bbox 207 2239 314 2312; x_wconf 74' lang='lat' dir='ltr'>versi.</span> <span class='ocrx_word' id='word_1_258' title='bbox 339 2237 475 2312; x_wconf 85' lang='lat' dir='ltr'>Graeca</span> <span class='ocrx_word' id='word_1_259' title='bbox 490 2252 605 2312; x_wconf 86' lang='lat' dir='ltr'>autem</span> <span class='ocrx_word' id='word_1_260' title='bbox 622 2239 864 2329; x_wconf 85' lang='lat' dir='ltr'>interpretatio</span> <span class='ocrx_word' id='word_1_261' title='bbox 878 2239 1072 2308; x_wconf 89' lang='lat' dir='ltr'>admodum</span> <span class='ocrx_word' id='word_1_262' title='bbox 1086 2237 1200 2328; x_wconf 89' lang='lat' dir='ltr'>negli-</span> <span class='ocrx_word' id='word_1_263' title='bbox 1251 2256 1374 2314; x_wconf 71' lang='lat' dir='ltr'>natum</span> <span class='ocrx_word' id='word_1_264' title='bbox 1392 2266 1433 2310; x_wconf 85' lang='lat' dir='ltr'>ex</span> <span class='ocrx_word' id='word_1_265' title='bbox 1450 2241 1587 2330; x_wconf 88' lang='lat' dir='ltr'>virgine</span> <span class='ocrx_word' id='word_1_266' title='bbox 1602 2241 1758 2333; x_wconf 90' lang='lat' dir='ltr'>primum</span> <span class='ocrx_word' id='word_1_267' title='bbox 1776 2241 1929 2334; x_wconf 85' lang='lat' dir='ltr'>excepit,</span> <span class='ocrx_word' id='word_1_268' title='bbox 1954 2243 2164 2328; x_wconf 85' lang='lat' dir='ltr'>consenuit,</span> <span class='ocrx_word' id='word_1_269' title='bbox 2190 2240 2241 2308; x_wconf 82' lang='lat' dir='ltr'>vel</span> 
     </span>
     <span class='ocr_line' id='line_1_21' title="bbox 210 2336 2240 2436; baseline -0.002 -22"><span class='ocrx_word' id='word_1_270' title='bbox 210 2356 332 2436; x_wconf 86' lang='lat' dir='ltr'>genter</span> <span class='ocrx_word' id='word_1_271' title='bbox 354 2343 444 2413; x_wconf 88' lang='lat' dir='ltr'>facta</span> <span class='ocrx_word' id='word_1_272' title='bbox 465 2353 526 2414; x_wconf 91' lang='lat' dir='ltr'>est.</span> <span class='ocrx_word' id='word_1_273' title='bbox 585 2336 734 2412; x_wconf 86' lang='lat' dir='ltr'>Etcum</span> <span class='ocrx_word' id='word_1_274' title='bbox 760 2362 897 2432; x_wconf 78' lang='lat' dir='ltr'>semper</span> <span class='ocrx_word' id='word_1_275' title='bbox 919 2341 1106 2428; x_wconf 79' lang='lat' dir='ltr'>degeneret</span> <span class='ocrx_word' id='word_1_276' title='bbox 1130 2339 1198 2408; x_wconf 90' lang='lat' dir='ltr'>ali·</span> <span class='ocrx_word' id='word_1_277' title='bbox 1251 2357 1284 2414; x_wconf 89' lang='lat' dir='ltr'>et</span> <span class='ocrx_word' id='word_1_278' title='bbox 1305 2365 1383 2412; x_wconf 89' lang='lat' dir='ltr'>ossa</span> <span class='ocrx_word' id='word_1_279' title='bbox 1406 2341 1482 2412; x_wconf 91' lang='lat' dir='ltr'>eius</span> <span class='ocrx_word' id='word_1_280' title='bbox 1505 2339 1614 2412; x_wconf 87' lang='lat' dir='ltr'>humo</span> <span class='ocrx_word' id='word_1_281' title='bbox 1638 2355 1839 2415; x_wconf 83' lang='lat' dir='ltr'>factasunt.</span> <span class='ocrx_word' id='word_1_282' title='bbox 1875 2340 1972 2414; x_wconf 77' lang='lat' dir='ltr'>¹Dixi</span> <span class='ocrx_word' id='word_1_283' title='bbox 1995 2343 2186 2436; x_wconf 88' lang='lat' dir='ltr'>praecipue</span> <span class='ocrx_word' id='word_1_284' title='bbox 2200 2343 2240 2410; x_wconf 89' lang='lat' dir='ltr'>de</span> 
     </span>
     <span class='ocr_line' id='line_1_22' title="bbox 210 2438 2241 2542; baseline -0.001 -26"><span class='ocrx_word' id='word_1_285' title='bbox 210 2445 422 2542; x_wconf 88' lang='lat' dir='ltr'>quantulum</span> <span class='ocrx_word' id='word_1_286' title='bbox 436 2443 540 2514; x_wconf 89' lang='lat' dir='ltr'>etiam</span> <span class='ocrx_word' id='word_1_287' title='bbox 557 2441 665 2512; x_wconf 85' lang='lat' dir='ltr'>foelix</span> <span class='ocrx_word' id='word_1_288' title='bbox 680 2441 876 2526; x_wconf 89' lang='lat' dir='ltr'>translatio,</span> <span class='ocrx_word' id='word_1_289' title='bbox 889 2439 1017 2514; x_wconf 89' lang='lat' dir='ltr'>Latina</span> <span class='ocrx_word' id='word_1_290' title='bbox 1033 2465 1074 2510; x_wconf 89' lang='lat' dir='ltr'>ex</span> <span class='ocrx_word' id='word_1_291' title='bbox 1084 2438 1199 2510; x_wconf 91' lang='lat' dir='ltr'>Grae-</span> <span class='ocrx_word' id='word_1_292' title='bbox 1252 2443 1377 2514; x_wconf 84' lang='lat' dir='ltr'>studiis</span> <span class='ocrx_word' id='word_1_293' title='bbox 1398 2443 1579 2512; x_wconf 88' lang='lat' dir='ltr'>doctrinae</span> <span class='ocrx_word' id='word_1_294' title='bbox 1604 2444 1872 2528; x_wconf 87' lang='lat' dir='ltr'>ecclesiasticae,</span> <span class='ocrx_word' id='word_1_295' title='bbox 1909 2457 2085 2514; x_wconf 82' lang='lat' dir='ltr'>caeterum</span> <span class='ocrx_word' id='word_1_296' title='bbox 2111 2456 2241 2538; x_wconf 88' lang='lat' dir='ltr'>quauta</span> 
     </span>
     <span class='ocr_line' id='line_1_23' title="bbox 189 2538 2241 2634; baseline -0.002 -14"><span class='ocrx_word' id='word_1_297' title='bbox 189 2541 259 2620; x_wconf 76' lang='lat' dir='ltr'>&#39;cis</span> <span class='ocrx_word' id='word_1_298' title='bbox 273 2545 447 2616; x_wconf 85' lang='lat' dir='ltr'>transfusa</span> <span class='ocrx_word' id='word_1_299' title='bbox 461 2543 635 2614; x_wconf 87' lang='lat' dir='ltr'>deteriora</span> <span class='ocrx_word' id='word_1_300' title='bbox 650 2557 760 2628; x_wconf 88' lang='lat' dir='ltr'>erant,</span> <span class='ocrx_word' id='word_1_301' title='bbox 774 2556 881 2612; x_wconf 90' lang='lat' dir='ltr'>utres</span> <span class='ocrx_word' id='word_1_302' title='bbox 898 2541 1064 2614; x_wconf 75' lang='lat' dir='ltr'>ostendit.</span> <span class='ocrx_word' id='word_1_303' title='bbox 1099 2538 1200 2612; x_wconf 90' lang='lat' dir='ltr'>Mul·</span> <span class='ocrx_word' id='word_1_304' title='bbox 1251 2543 1357 2614; x_wconf 89' lang='lat' dir='ltr'>fuerit</span> <span class='ocrx_word' id='word_1_305' title='bbox 1378 2544 1533 2634; x_wconf 81' lang='lat' dir='ltr'>cognitio</span> <span class='ocrx_word' id='word_1_306' title='bbox 1558 2539 1786 2618; x_wconf 85' lang='lat' dir='ltr'>historiarum</span> <span class='ocrx_word' id='word_1_307' title='bbox 1813 2543 2031 2617; x_wconf 86' lang='lat' dir='ltr'>Graecarum</span> <span class='ocrx_word' id='word_1_308' title='bbox 2057 2559 2092 2616; x_wconf 91' lang='lat' dir='ltr'>et</span> <span class='ocrx_word' id='word_1_309' title='bbox 2109 2543 2241 2616; x_wconf 82' lang='lat' dir='ltr'>Roma-</span> 
     </span>
     <span class='ocr_line' id='line_1_24' title="bbox 209 2641 2241 2738; baseline -0.002 -20"><span class='ocrx_word' id='word_1_310' title='bbox 209 2661 287 2718; x_wconf 90' lang='lat' dir='ltr'>tum</span> <span class='ocrx_word' id='word_1_311' title='bbox 301 2647 409 2738; x_wconf 86' lang='lat' dir='ltr'>igitur</span> <span class='ocrx_word' id='word_1_312' title='bbox 419 2643 539 2716; x_wconf 86' lang='lat' dir='ltr'>Latini</span> <span class='ocrx_word' id='word_1_313' title='bbox 555 2645 692 2716; x_wconf 86' lang='lat' dir='ltr'>codices</span> <span class='ocrx_word' id='word_1_314' title='bbox 707 2645 751 2714; x_wconf 93' lang='lat' dir='ltr'>ab</span> <span class='ocrx_word' id='word_1_315' title='bbox 761 2641 932 2714; x_wconf 86' lang='lat' dir='ltr'>Hebraeis</span> <span class='ocrx_word' id='word_1_316' title='bbox 942 2643 1200 2734; x_wconf 85' lang='lat' dir='ltr'>discrepabant,</span> <span class='ocrx_word' id='word_1_317' title='bbox 1240 2669 1392 2730; x_wconf 81' lang='lat' dir='ltr'>narum,</span> <span class='ocrx_word' id='word_1_318' title='bbox 1413 2645 1498 2714; x_wconf 87' lang='lat' dir='ltr'>libri</span> <span class='ocrx_word' id='word_1_319' title='bbox 1516 2645 1693 2732; x_wconf 87' lang='lat' dir='ltr'>indicant,</span> <span class='ocrx_word' id='word_1_320' title='bbox 1711 2647 1753 2714; x_wconf 89' lang='lat' dir='ltr'>in</span> <span class='ocrx_word' id='word_1_321' title='bbox 1768 2647 1898 2738; x_wconf 87' lang='lat' dir='ltr'>quibus</span> <span class='ocrx_word' id='word_1_322' title='bbox 1912 2671 1987 2716; x_wconf 89' lang='lat' dir='ltr'>non</span> <span class='ocrx_word' id='word_1_323' title='bbox 2002 2646 2120 2716; x_wconf 91' lang='lat' dir='ltr'>solum</span> <span class='ocrx_word' id='word_1_324' title='bbox 2135 2645 2241 2717; x_wconf 89' lang='lat' dir='ltr'>multa</span> 
     </span>
     <span class='ocr_line' id='line_1_25' title="bbox 126 2742 2241 2842; baseline -0.003 -22"><span class='ocrx_word' id='word_1_325' title='bbox 126 2795 131 2810; x_wconf 83' lang='lat'><strong>·</strong></span> <span class='ocrx_word' id='word_1_326' title='bbox 210 2749 404 2842; x_wconf 89' lang='lat' dir='ltr'>quodcum</span> <span class='ocrx_word' id='word_1_327' title='bbox 426 2747 474 2816; x_wconf 93' lang='lat' dir='ltr'>ita</span> <span class='ocrx_word' id='word_1_328' title='bbox 497 2759 604 2830; x_wconf 87' lang='lat' dir='ltr'>esset,</span> <span class='ocrx_word' id='word_1_329' title='bbox 637 2743 724 2816; x_wconf 90' lang='lat' dir='ltr'>boni</span> <span class='ocrx_word' id='word_1_330' title='bbox 748 2757 779 2816; x_wconf 89' lang='lat' dir='ltr'>et</span> <span class='ocrx_word' id='word_1_331' title='bbox 804 2742 900 2814; x_wconf 92' lang='lat' dir='ltr'>docti</span> <span class='ocrx_word' id='word_1_332' title='bbox 922 2755 1200 2836; x_wconf 87' lang='lat' dir='ltr'>omnesexpete-</span> <span class='ocrx_word' id='word_1_333' title='bbox 1252 2761 1588 2840; x_wconf 86' lang='lat' dir='ltr'>quaenuucextant</span> <span class='ocrx_word' id='word_1_334' title='bbox 1605 2747 2013 2828; x_wconf 86' lang='lat' dir='ltr'>eteruditianotasuut,</span> <span class='ocrx_word' id='word_1_335' title='bbox 2039 2747 2241 2827; x_wconf 85' lang='lat' dir='ltr'>recitantur,</span> 
     </span>
     <span class='ocr_line' id='line_1_26' title="bbox 208 2844 2243 2940; baseline -0.004 -18"><span class='ocrx_word' id='word_1_336' title='bbox 208 2851 296 2922; x_wconf 86' lang='lat' dir='ltr'>bant</span> <span class='ocrx_word' id='word_1_337' title='bbox 314 2847 639 2940; x_wconf 85' lang='lat' dir='ltr'>interpretationem</span> <span class='ocrx_word' id='word_1_338' title='bbox 659 2845 859 2938; x_wconf 91' lang='lat' dir='ltr'>propiorem</span> <span class='ocrx_word' id='word_1_339' title='bbox 876 2845 1052 2928; x_wconf 89' lang='lat' dir='ltr'>fontibus,</span> <span class='ocrx_word' id='word_1_340' title='bbox 1076 2844 1200 2938; x_wconf 86' lang='lat' dir='ltr'>quain</span> <span class='ocrx_word' id='word_1_341' title='bbox 1253 2847 1435 2918; x_wconf 89' lang='lat' dir='ltr'>sedetiam</span> <span class='ocrx_word' id='word_1_342' title='bbox 1457 2847 1524 2916; x_wconf 92' lang='lat' dir='ltr'>alia</span> <span class='ocrx_word' id='word_1_343' title='bbox 1551 2861 1690 2939; x_wconf 84' lang='lat' dir='ltr'>sumpta</span> <span class='ocrx_word' id='word_1_344' title='bbox 1715 2873 1754 2917; x_wconf 89' lang='lat' dir='ltr'>ex</span> <span class='ocrx_word' id='word_1_345' title='bbox 1778 2849 1927 2919; x_wconf 89' lang='lat' dir='ltr'>vetustis</span> <span class='ocrx_word' id='word_1_346' title='bbox 1945 2848 2152 2934; x_wconf 85' lang='lat' dir='ltr'>autoribus,</span> <span class='ocrx_word' id='word_1_347' title='bbox 2185 2847 2243 2940; x_wconf 88' lang='lat' dir='ltr'>qui</span> 
     </span>
     <span class='ocr_line' id='line_1_27' title="bbox 209 2940 2244 3044; baseline -0.003 -22"><span class='ocrx_word' id='word_1_348' title='bbox 209 2975 250 3022; x_wconf 88' lang='lat' dir='ltr'>re</span> <span class='ocrx_word' id='word_1_349' title='bbox 271 2976 352 3022; x_wconf 87' lang='lat' dir='ltr'>cum</span> <span class='ocrx_word' id='word_1_350' title='bbox 366 2947 578 3044; x_wconf 87' lang='lat' dir='ltr'>Hieronymi</span> <span class='ocrx_word' id='word_1_351' title='bbox 600 2949 702 3018; x_wconf 91' lang='lat' dir='ltr'>labor</span> <span class='ocrx_word' id='word_1_352' title='bbox 725 2945 899 3038; x_wconf 90' lang='lat' dir='ltr'>profuerit</span> <span class='ocrx_word' id='word_1_353' title='bbox 914 2943 1110 3030; x_wconf 80' lang='lat' dir='ltr'>Ecclesiae,</span> <span class='ocrx_word' id='word_1_354' title='bbox 1133 2940 1201 3014; x_wconf 90' lang='lat' dir='ltr'>hoc</span> <span class='ocrx_word' id='word_1_355' title='bbox 1254 2947 1475 3018; x_wconf 88' lang='lat' dir='ltr'>interierunt.</span> <span class='ocrx_word' id='word_1_356' title='bbox 1537 2947 1668 3020; x_wconf 87' lang='lat' dir='ltr'>Narrat</span> <span class='ocrx_word' id='word_1_357' title='bbox 1698 2949 1850 3032; x_wconf 82' lang='lat' dir='ltr'>alicubi,</span> <span class='ocrx_word' id='word_1_358' title='bbox 1888 2950 2036 3040; x_wconf 87' lang='lat' dir='ltr'>triginta</span> <span class='ocrx_word' id='word_1_359' title='bbox 2074 2963 2244 3043; x_wconf 88' lang='lat' dir='ltr'>tyrannos</span> 
     </span>
     <span class='ocr_line' id='line_1_28' title="bbox 210 3045 2244 3143; baseline -0.001 -21"><span class='ocrx_word' id='word_1_360' title='bbox 210 3053 286 3124; x_wconf 90' lang='lat' dir='ltr'>eius</span> <span class='ocrx_word' id='word_1_361' title='bbox 303 3050 513 3123; x_wconf 85' lang='lat' dir='ltr'>beneficium</span> <span class='ocrx_word' id='word_1_362' title='bbox 531 3048 680 3120; x_wconf 88' lang='lat' dir='ltr'>candide</span> <span class='ocrx_word' id='word_1_363' title='bbox 696 3062 729 3118; x_wconf 91' lang='lat' dir='ltr'>et</span> <span class='ocrx_word' id='word_1_364' title='bbox 745 3061 845 3136; x_wconf 78' lang='lat' dir='ltr'>grato</span> <span class='ocrx_word' id='word_1_365' title='bbox 865 3061 1003 3138; x_wconf 87' lang='lat' dir='ltr'>pectore</span> <span class='ocrx_word' id='word_1_366' title='bbox 1025 3047 1202 3118; x_wconf 83' lang='lat' dir='ltr'>celebrare</span> <span class='ocrx_word' id='word_1_367' title='bbox 1254 3045 1405 3120; x_wconf 87' lang='lat' dir='ltr'>Athenis</span> <span class='ocrx_word' id='word_1_368' title='bbox 1428 3049 1611 3120; x_wconf 86' lang='lat' dir='ltr'>interfecto</span> <span class='ocrx_word' id='word_1_369' title='bbox 1634 3053 1788 3143; x_wconf 89' lang='lat' dir='ltr'>quodam</span> <span class='ocrx_word' id='word_1_370' title='bbox 1803 3045 1987 3136; x_wconf 82' lang='lat' dir='ltr'>Phidone,</span> <span class='ocrx_word' id='word_1_371' title='bbox 2012 3074 2158 3122; x_wconf 73' lang='grc' dir='ltr'>εοεεεεε</span> <span class='ocrx_word' id='word_1_372' title='bbox 2174 3049 2244 3118; x_wconf 81' lang='lat' dir='ltr'>eius</span> 
     </span>
     <span class='ocr_line' id='line_1_29' title="bbox 210 3146 2242 3245; baseline -0.003 -19"><span class='ocrx_word' id='word_1_373' title='bbox 210 3177 277 3226; x_wconf 84' lang='lat' dir='ltr'>nos</span> <span class='ocrx_word' id='word_1_374' title='bbox 299 3154 407 3224; x_wconf 88' lang='lat' dir='ltr'>decet.</span> <span class='ocrx_word' id='word_1_375' title='bbox 457 3149 539 3221; x_wconf 86' lang='lat' dir='ltr'>Non</span> <span class='ocrx_word' id='word_1_376' title='bbox 561 3165 611 3222; x_wconf 89' lang='lat' dir='ltr'>est</span> <span class='ocrx_word' id='word_1_377' title='bbox 635 3149 729 3220; x_wconf 86' lang='lat' dir='ltr'>enirn</span> <span class='ocrx_word' id='word_1_378' title='bbox 746 3149 922 3220; x_wconf 89' lang='lat' dir='ltr'>inerudita</span> <span class='ocrx_word' id='word_1_379' title='bbox 944 3146 1200 3240; x_wconf 87' lang='lat' dir='ltr'>interpretatio,</span> <span class='ocrx_word' id='word_1_380' title='bbox 1254 3151 1362 3234; x_wconf 83' lang='lat' dir='ltr'>filias,</span> <span class='ocrx_word' id='word_1_381' title='bbox 1387 3151 1612 3221; x_wconf 84' lang='lat' dir='ltr'>utnudaein</span> <span class='ocrx_word' id='word_1_382' title='bbox 1627 3151 1811 3235; x_wconf 85' lang='lat' dir='ltr'>convivio,</span> <span class='ocrx_word' id='word_1_383' title='bbox 1835 3151 1962 3245; x_wconf 89' lang='lat' dir='ltr'>inquo</span> <span class='ocrx_word' id='word_1_384' title='bbox 1986 3151 2098 3242; x_wconf 88' lang='lat' dir='ltr'>patria</span> <span class='ocrx_word' id='word_1_385' title='bbox 2123 3173 2242 3221; x_wconf 83' lang='lat' dir='ltr'>cruore</span> 
     </span>
     <span class='ocr_line' id='line_1_30' title="bbox 211 3243 2242 3344; baseline -0.004 -16"><span class='ocrx_word' id='word_1_386' title='bbox 211 3279 277 3328; x_wconf 88' lang='lat' dir='ltr'>nec</span> <span class='ocrx_word' id='word_1_387' title='bbox 296 3252 462 3338; x_wconf 77' lang='lat' dir='ltr'>infoelix,</span> <span class='ocrx_word' id='word_1_388' title='bbox 491 3250 629 3323; x_wconf 89' lang='lat' dir='ltr'>etiamsi</span> <span class='ocrx_word' id='word_1_389' title='bbox 660 3252 840 3323; x_wconf 90' lang='lat' dir='ltr'>interdum</span> <span class='ocrx_word' id='word_1_390' title='bbox 874 3249 1019 3343; x_wconf 89' lang='lat' dir='ltr'>aliquod</span> <span class='ocrx_word' id='word_1_391' title='bbox 1046 3243 1203 3344; x_wconf 75' lang='grc' dir='ltr'><em>σφάλμα</em></span> <span class='ocrx_word' id='word_1_392' title='bbox 1254 3275 1333 3322; x_wconf 90' lang='lat' dir='ltr'>area</span> <span class='ocrx_word' id='word_1_393' title='bbox 1352 3274 1507 3342; x_wconf 88' lang='lat' dir='ltr'>respersa</span> <span class='ocrx_word' id='word_1_394' title='bbox 1524 3266 1609 3336; x_wconf 90' lang='lat' dir='ltr'>erat,</span> <span class='ocrx_word' id='word_1_395' title='bbox 1635 3251 1818 3322; x_wconf 88' lang='lat' dir='ltr'>saltarent:</span> <span class='ocrx_word' id='word_1_396' title='bbox 1845 3247 1910 3322; x_wconf 86' lang='lat' dir='ltr'>has</span> <span class='ocrx_word' id='word_1_397' title='bbox 1925 3277 2008 3324; x_wconf 89' lang='lat' dir='ltr'>vero</span> <span class='ocrx_word' id='word_1_398' title='bbox 2026 3265 2161 3324; x_wconf 74' lang='lat' dir='ltr'>tanum</span> <span class='ocrx_word' id='word_1_399' title='bbox 2180 3253 2242 3320; x_wconf 91' lang='lat' dir='ltr'>im-</span> 
     </span>
     <span class='ocr_line' id='line_1_31' title="bbox 211 3351 2243 3450; baseline -0.005 -20"><span class='ocrx_word' id='word_1_400' title='bbox 211 3357 381 3432; x_wconf 87' lang='lat' dir='ltr'>oecurrit:</span> <span class='ocrx_word' id='word_1_401' title='bbox 408 3354 559 3450; x_wconf 83' lang='lat' dir='ltr'>quiavix</span> <span class='ocrx_word' id='word_1_402' title='bbox 571 3377 730 3448; x_wconf 89' lang='lat' dir='ltr'>unquam</span> <span class='ocrx_word' id='word_1_403' title='bbox 744 3353 850 3442; x_wconf 88' lang='lat' dir='ltr'>longa</span> <span class='ocrx_word' id='word_1_404' title='bbox 867 3353 980 3422; x_wconf 91' lang='lat' dir='ltr'>oratio</span> <span class='ocrx_word' id='word_1_405' title='bbox 998 3351 1035 3420; x_wconf 90' lang='lat' dir='ltr'>in</span> <span class='ocrx_word' id='word_1_406' title='bbox 1051 3353 1202 3420; x_wconf 88' lang='lat' dir='ltr'>alienam</span> <span class='ocrx_word' id='word_1_407' title='bbox 1254 3353 1457 3424; x_wconf 89' lang='lat' dir='ltr'>manitatem</span> <span class='ocrx_word' id='word_1_408' title='bbox 1474 3353 1665 3444; x_wconf 88' lang='lat' dir='ltr'>fugientes,</span> <span class='ocrx_word' id='word_1_409' title='bbox 1690 3375 1763 3422; x_wconf 88' lang='lat' dir='ltr'>sese</span> <span class='ocrx_word' id='word_1_410' title='bbox 1779 3353 1987 3445; x_wconf 87' lang='lat' dir='ltr'>praecipites</span> <span class='ocrx_word' id='word_1_411' title='bbox 2007 3379 2050 3422; x_wconf 86' lang='lat' dir='ltr'>ex</span> <span class='ocrx_word' id='word_1_412' title='bbox 2064 3355 2139 3424; x_wconf 87' lang='lat' dir='ltr'>alto</span> <span class='ocrx_word' id='word_1_413' title='bbox 2155 3353 2243 3422; x_wconf 88' lang='lat' dir='ltr'>deie-</span> 
     </span>
     <span class='ocr_line' id='line_1_32' title="bbox 210 3447 2244 3552; baseline -0.005 -22"><span class='ocrx_word' id='word_1_414' title='bbox 210 3462 370 3552; x_wconf 85' lang='lat' dir='ltr'>linguam</span> <span class='ocrx_word' id='word_1_415' title='bbox 390 3457 438 3528; x_wconf 88' lang='lat' dir='ltr'>ita</span> <span class='ocrx_word' id='word_1_416' title='bbox 459 3455 737 3536; x_wconf 78' lang='lat' dir='ltr'>transfunditur,</span> <span class='ocrx_word' id='word_1_417' title='bbox 769 3467 811 3526; x_wconf 91' lang='lat' dir='ltr'>ot</span> <span class='ocrx_word' id='word_1_418' title='bbox 831 3447 923 3524; x_wconf 90' lang='lat' dir='ltr'>nihil</span> <span class='ocrx_word' id='word_1_419' title='bbox 946 3454 991 3522; x_wconf 90' lang='lat' dir='ltr'>ab</span> <span class='ocrx_word' id='word_1_420' title='bbox 1013 3449 1203 3548; x_wconf 87' lang='lat' dir='ltr'>archetypo</span> <span class='ocrx_word' id='word_1_421' title='bbox 1255 3456 1354 3530; x_wconf 87' lang='lat' dir='ltr'>cisse.</span> <span class='ocrx_word' id='word_1_422' title='bbox 1392 3452 1475 3544; x_wconf 88' lang='lat' dir='ltr'>Quo</span> <span class='ocrx_word' id='word_1_423' title='bbox 1493 3453 1652 3546; x_wconf 86' lang='lat' dir='ltr'>exemplo</span> <span class='ocrx_word' id='word_1_424' title='bbox 1668 3454 1816 3543; x_wconf 84' lang='lat' dir='ltr'>triginta</span> <span class='ocrx_word' id='word_1_425' title='bbox 1829 3455 1973 3525; x_wconf 92' lang='lat' dir='ltr'>illorum</span> <span class='ocrx_word' id='word_1_426' title='bbox 1991 3455 2152 3524; x_wconf 79' lang='lat' dir='ltr'>virorum</span> <span class='ocrx_word' id='word_1_427' title='bbox 2168 3477 2244 3523; x_wconf 90' lang='lat' dir='ltr'>cru-</span> 
     </span>
     <span class='ocr_line' id='line_1_33' title="bbox 214 3555 2242 3654; baseline -0.005 -20"><span class='ocrx_word' id='word_1_428' title='bbox 214 3563 399 3654; x_wconf 87' lang='lat' dir='ltr'>discrepet.</span> <span class='ocrx_word' id='word_1_429' title='bbox 432 3555 479 3630; x_wconf 84' lang='grc' dir='ltr'>Ει</span> <span class='ocrx_word' id='word_1_430' title='bbox 495 3559 660 3651; x_wconf 91' lang='lat' dir='ltr'>inprimis</span> <span class='ocrx_word' id='word_1_431' title='bbox 675 3557 820 3628; x_wconf 86' lang='lat' dir='ltr'>difficile</span> <span class='ocrx_word' id='word_1_432' title='bbox 841 3569 893 3626; x_wconf 87' lang='lat' dir='ltr'>est</span> <span class='ocrx_word' id='word_1_433' title='bbox 908 3555 1111 3628; x_wconf 88' lang='lat' dir='ltr'>Hebraeum</span> <span class='ocrx_word' id='word_1_434' title='bbox 1130 3577 1204 3624; x_wconf 80' lang='lat' dir='ltr'>ser-</span> <span class='ocrx_word' id='word_1_435' title='bbox 1256 3555 1382 3628; x_wconf 87' lang='lat' dir='ltr'>delitas</span> <span class='ocrx_word' id='word_1_436' title='bbox 1404 3555 1577 3626; x_wconf 90' lang='lat' dir='ltr'>illustrius</span> <span class='ocrx_word' id='word_1_437' title='bbox 1601 3556 1775 3647; x_wconf 80' lang='lat' dir='ltr'>pingitur,</span> <span class='ocrx_word' id='word_1_438' title='bbox 1801 3579 1907 3648; x_wconf 90' lang='lat' dir='ltr'>quam</span> <span class='ocrx_word' id='word_1_439' title='bbox 1924 3555 2009 3625; x_wconf 89' lang='lat' dir='ltr'>ullis</span> <span class='ocrx_word' id='word_1_440' title='bbox 2020 3555 2106 3624; x_wconf 82' lang='lat' dir='ltr'>aliis</span> <span class='ocrx_word' id='word_1_441' title='bbox 2127 3577 2242 3624; x_wconf 86' lang='lat' dir='ltr'>narra-</span> 
     </span>
     <span class='ocr_line' id='line_1_34' title="bbox 213 3650 2243 3756; baseline -0.004 -24"><span class='ocrx_word' id='word_1_442' title='bbox 213 3686 370 3748; x_wconf 85' lang='lat' dir='ltr'>monem,</span> <span class='ocrx_word' id='word_1_443' title='bbox 392 3663 455 3756; x_wconf 91' lang='lat' dir='ltr'>qui</span> <span class='ocrx_word' id='word_1_444' title='bbox 471 3674 503 3732; x_wconf 89' lang='lat' dir='ltr'>et</span> <span class='ocrx_word' id='word_1_445' title='bbox 517 3660 662 3731; x_wconf 87' lang='lat' dir='ltr'>brevior</span> <span class='ocrx_word' id='word_1_446' title='bbox 676 3673 740 3744; x_wconf 88' lang='lat' dir='ltr'>est,</span> <span class='ocrx_word' id='word_1_447' title='bbox 765 3671 800 3728; x_wconf 91' lang='lat' dir='ltr'>et</span> <span class='ocrx_word' id='word_1_448' title='bbox 815 3651 963 3750; x_wconf 88' lang='lat' dir='ltr'>phrasin</span> <span class='ocrx_word' id='word_1_449' title='bbox 977 3650 1085 3727; x_wconf 90' lang='lat' dir='ltr'>habet</span> <span class='ocrx_word' id='word_1_450' title='bbox 1102 3655 1205 3726; x_wconf 85' lang='lat' dir='ltr'>valde</span> <span class='ocrx_word' id='word_1_451' title='bbox 1257 3659 1435 3742; x_wconf 79' lang='lat' dir='ltr'>tionibus,</span> <span class='ocrx_word' id='word_1_452' title='bbox 1456 3681 1547 3750; x_wconf 86' lang='lat' dir='ltr'>quae</span> <span class='ocrx_word' id='word_1_453' title='bbox 1570 3680 1666 3726; x_wconf 89' lang='lat' dir='ltr'>nunc</span> <span class='ocrx_word' id='word_1_454' title='bbox 1686 3667 1814 3726; x_wconf 86' lang='lat' dir='ltr'>extent.</span> <span class='ocrx_word' id='word_1_455' title='bbox 1864 3653 1935 3726; x_wconf 87' lang='lat' dir='ltr'>Hic</span> <span class='ocrx_word' id='word_1_456' title='bbox 1956 3671 2075 3728; x_wconf 84' lang='lat' dir='ltr'>autem</span> <span class='ocrx_word' id='word_1_457' title='bbox 2096 3655 2243 3745; x_wconf 83' lang='lat' dir='ltr'>rogitare</span> 
     </span>
     <span class='ocr_line' id='line_1_35' title="bbox 215 3753 2242 3851; baseline -0.006 -17"><span class='ocrx_word' id='word_1_458' title='bbox 215 3763 371 3836; x_wconf 86' lang='lat' dir='ltr'>alienam</span> <span class='ocrx_word' id='word_1_459' title='bbox 386 3761 545 3834; x_wconf 67' lang='lat' dir='ltr'>alsetina</span> <span class='ocrx_word' id='word_1_460' title='bbox 559 3759 828 3841; x_wconf 86' lang='lat' dir='ltr'>consuetudine,</span> <span class='ocrx_word' id='word_1_461' title='bbox 853 3757 892 3825; x_wconf 92' lang='lat' dir='ltr'>in</span> <span class='ocrx_word' id='word_1_462' title='bbox 906 3753 1074 3827; x_wconf 88' lang='lat' dir='ltr'>Latinum</span> <span class='ocrx_word' id='word_1_463' title='bbox 1089 3769 1206 3826; x_wconf 91' lang='lat' dir='ltr'>trans-</span> <span class='ocrx_word' id='word_1_464' title='bbox 1258 3759 1372 3842; x_wconf 87' lang='lat' dir='ltr'>subit,</span> <span class='ocrx_word' id='word_1_465' title='bbox 1397 3772 1568 3851; x_wconf 86' lang='lat' dir='ltr'>quantum</span> <span class='ocrx_word' id='word_1_466' title='bbox 1591 3757 1725 3826; x_wconf 88' lang='lat' dir='ltr'>malurn</span> <span class='ocrx_word' id='word_1_467' title='bbox 1746 3756 1793 3826; x_wconf 85' lang='lat' dir='ltr'>sit</span> <span class='ocrx_word' id='word_1_468' title='bbox 1814 3755 1993 3851; x_wconf 86' lang='lat' dir='ltr'>tyrannis,</span> <span class='ocrx_word' id='word_1_469' title='bbox 2020 3781 2111 3851; x_wconf 91' lang='lat' dir='ltr'>quae</span> <span class='ocrx_word' id='word_1_470' title='bbox 2126 3753 2242 3826; x_wconf 89' lang='lat' dir='ltr'>deletis</span> 
     </span>
     <span class='ocr_line' id='line_1_36' title="bbox 215 3851 2242 3954; baseline -0.006 -18"><span class='ocrx_word' id='word_1_471' title='bbox 215 3866 319 3936; x_wconf 85' lang='lat' dir='ltr'>ferre.</span> <span class='ocrx_word' id='word_1_472' title='bbox 370 3863 491 3954; x_wconf 88' lang='lat' dir='ltr'>Quare</span> <span class='ocrx_word' id='word_1_473' title='bbox 523 3863 633 3951; x_wconf 87' lang='lat' dir='ltr'>magis</span> <span class='ocrx_word' id='word_1_474' title='bbox 659 3857 861 3928; x_wconf 90' lang='lat' dir='ltr'>mirandum</span> <span class='ocrx_word' id='word_1_475' title='bbox 888 3871 957 3940; x_wconf 87' lang='lat' dir='ltr'>est,</span> <span class='ocrx_word' id='word_1_476' title='bbox 998 3857 1205 3928; x_wconf 75' lang='lat' dir='ltr'>attriversum</span> <span class='ocrx_word' id='word_1_477' title='bbox 1260 3860 1396 3947; x_wconf 88' lang='lat' dir='ltr'>legibus</span> <span class='ocrx_word' id='word_1_478' title='bbox 1412 3874 1589 3948; x_wconf 88' lang='lat' dir='ltr'>grassatur</span> <span class='ocrx_word' id='word_1_479' title='bbox 1604 3858 1642 3926; x_wconf 93' lang='lat' dir='ltr'>in</span> <span class='ocrx_word' id='word_1_480' title='bbox 1659 3851 1841 3943; x_wconf 80' lang='lat' dir='ltr'>homines,</span> <span class='ocrx_word' id='word_1_481' title='bbox 1865 3871 1906 3930; x_wconf 90' lang='lat' dir='ltr'>nt</span> <span class='ocrx_word' id='word_1_482' title='bbox 1925 3859 2050 3946; x_wconf 87' lang='lat' dir='ltr'>ferunt</span> <span class='ocrx_word' id='word_1_483' title='bbox 2062 3859 2157 3928; x_wconf 89' lang='lat' dir='ltr'>caeci</span> <span class='ocrx_word' id='word_1_484' title='bbox 2181 3857 2242 3926; x_wconf 90' lang='lat' dir='ltr'>im-</span> 
     </span>
     <span class='ocr_line' id='line_1_37' title="bbox 216 3956 2241 4058; baseline -0.006 -20"><span class='ocrx_word' id='word_1_485' title='bbox 216 3988 344 4058; x_wconf 86' lang='lat' dir='ltr'>corpus</span> <span class='ocrx_word' id='word_1_486' title='bbox 365 3966 415 4036; x_wconf 85' lang='lat' dir='ltr'>ita</span> <span class='ocrx_word' id='word_1_487' title='bbox 436 3963 541 4036; x_wconf 89' lang='lat' dir='ltr'>bonis</span> <span class='ocrx_word' id='word_1_488' title='bbox 557 3961 674 4031; x_wconf 85' lang='lat' dir='ltr'>verbis</span> <span class='ocrx_word' id='word_1_489' title='bbox 690 3957 889 4041; x_wconf 90' lang='lat' dir='ltr'>redditum,</span> <span class='ocrx_word' id='word_1_490' title='bbox 914 3971 949 4028; x_wconf 91' lang='lat' dir='ltr'>et</span> <span class='ocrx_word' id='word_1_491' title='bbox 967 3971 1061 4027; x_wconf 89' lang='lat' dir='ltr'>recte</span> <span class='ocrx_word' id='word_1_492' title='bbox 1075 3956 1204 4026; x_wconf 85' lang='lat' dir='ltr'>distin·</span> <span class='ocrx_word' id='word_1_493' title='bbox 1260 3974 1378 4052; x_wconf 88' lang='lat' dir='ltr'>petus,</span> <span class='ocrx_word' id='word_1_494' title='bbox 1404 3959 1571 4039; x_wconf 87' lang='lat' dir='ltr'>ambitio,</span> <span class='ocrx_word' id='word_1_495' title='bbox 1602 3957 1673 4043; x_wconf 89' lang='lat' dir='ltr'>ira,</span> <span class='ocrx_word' id='word_1_496' title='bbox 1698 3959 1833 4042; x_wconf 89' lang='lat' dir='ltr'>libido,</span> <span class='ocrx_word' id='word_1_497' title='bbox 1858 3983 1920 4028; x_wconf 89' lang='lat' dir='ltr'>aeu</span> <span class='ocrx_word' id='word_1_498' title='bbox 1940 3961 2058 4054; x_wconf 87' lang='lat' dir='ltr'>potius</span> <span class='ocrx_word' id='word_1_499' title='bbox 2079 3975 2121 4032; x_wconf 92' lang='grc' dir='ltr'>ιιι</span> <span class='ocrx_word' id='word_1_500' title='bbox 2134 3956 2241 4028; x_wconf 70' lang='lat' dir='ltr'>autimi</span> 
     </span>
     <span class='ocr_line' id='line_1_38' title="bbox 217 4053 2242 4160; baseline -0.004 -22"><span class='ocrx_word' id='word_1_501' title='bbox 217 4081 314 4138; x_wconf 71' lang='lat' dir='ltr'>mum</span> <span class='ocrx_word' id='word_1_502' title='bbox 338 4091 430 4148; x_wconf 84' lang='lat' dir='ltr'>esse,</span> <span class='ocrx_word' id='word_1_503' title='bbox 456 4089 562 4160; x_wconf 89' lang='lat' dir='ltr'>quam</span> <span class='ocrx_word' id='word_1_504' title='bbox 587 4061 682 4156; x_wconf 87' lang='lat' dir='ltr'>quod</span> <span class='ocrx_word' id='word_1_505' title='bbox 707 4057 886 4128; x_wconf 89' lang='lat' dir='ltr'>interdum</span> <span class='ocrx_word' id='word_1_506' title='bbox 907 4058 1093 4129; x_wconf 89' lang='lat' dir='ltr'>deerravit.</span> <span class='ocrx_word' id='word_1_507' title='bbox 1147 4053 1223 4126; x_wconf 81' lang='lat' dir='ltr'>ln..</span> <span class='ocrx_word' id='word_1_508' title='bbox 1259 4059 1600 4148; x_wconf 84' lang='lat' dir='ltr'>afuriisagitantor·</span> <span class='ocrx_word' id='word_1_509' title='bbox 1639 4057 1729 4130; x_wconf 87' lang='lat' dir='ltr'>Nam</span> <span class='ocrx_word' id='word_1_510' title='bbox 1748 4059 1782 4128; x_wconf 88' lang='lat' dir='ltr'>id</span> <span class='ocrx_word' id='word_1_511' title='bbox 1799 4083 1942 4132; x_wconf 83' lang='lat' dir='ltr'>saevum</span> <span class='ocrx_word' id='word_1_512' title='bbox 1960 4053 2092 4132; x_wconf 75' lang='lat' dir='ltr'>malunt</span> <span class='ocrx_word' id='word_1_513' title='bbox 2109 4085 2181 4130; x_wconf 83' lang='lat' dir='ltr'>aron</span> <span class='ocrx_word' id='word_1_514' title='bbox 2196 4069 2242 4127; x_wconf 77' lang='lat' dir='ltr'>etl</span> 
     </span>
     <span class='ocr_line' id='line_1_39' title="bbox 218 4155 2241 4258; baseline -0.006 -16"><span class='ocrx_word' id='word_1_515' title='bbox 218 4168 339 4258; x_wconf 76' lang='lat' dir='ltr'>uulgo</span> <span class='ocrx_word' id='word_1_516' title='bbox 354 4183 388 4240; x_wconf 87' lang='lat' dir='ltr'>et</span> <span class='ocrx_word' id='word_1_517' title='bbox 411 4163 479 4237; x_wconf 90' lang='lat' dir='ltr'>hoc</span> <span class='ocrx_word' id='word_1_518' title='bbox 502 4162 671 4234; x_wconf 87' lang='lat' dir='ltr'>affirmari</span> <span class='ocrx_word' id='word_1_519' title='bbox 687 4187 707 4232; x_wconf 88' lang='lat' dir='ltr'>a</span> <span class='ocrx_word' id='word_1_520' title='bbox 725 4159 858 4244; x_wconf 90' lang='lat' dir='ltr'>doctis,</span> <span class='ocrx_word' id='word_1_521' title='bbox 879 4183 955 4229; x_wconf 88' lang='lat' dir='ltr'>non</span> <span class='ocrx_word' id='word_1_522' title='bbox 972 4159 1086 4230; x_wconf 89' lang='lat' dir='ltr'>solum</span> <span class='ocrx_word' id='word_1_523' title='bbox 1103 4157 1209 4228; x_wconf 88' lang='lat' dir='ltr'>uobis</span> <span class='ocrx_word' id='word_1_524' title='bbox 1259 4175 1398 4234; x_wconf 90' lang='lat' dir='ltr'>tantum</span> <span class='ocrx_word' id='word_1_525' title='bbox 1414 4155 1626 4244; x_wconf 90' lang='lat' dir='ltr'>humanum,</span> <span class='ocrx_word' id='word_1_526' title='bbox 1650 4174 1691 4232; x_wconf 89' lang='lat' dir='ltr'>ut</span> <span class='ocrx_word' id='word_1_527' title='bbox 1706 4186 1802 4230; x_wconf 87' lang='grc' dir='ltr'>ιιιιιιε</span> <span class='ocrx_word' id='word_1_528' title='bbox 1817 4155 1902 4232; x_wconf 86' lang='lat' dir='ltr'>huie</span> <span class='ocrx_word' id='word_1_529' title='bbox 1918 4177 2058 4233; x_wconf 89' lang='lat' dir='ltr'>nostrae</span> <span class='ocrx_word' id='word_1_530' title='bbox 2071 4156 2241 4232; x_wconf 80' lang='lat' dir='ltr'>Ecclesiu-</span> 
     </span>
     <span class='ocr_line' id='line_1_40' title="bbox 218 4253 2240 4363; baseline -0.009 -19"><span class='ocrx_word' id='word_1_531' title='bbox 218 4266 414 4363; x_wconf 81' lang='lat' dir='ltr'>Prophetas</span> <span class='ocrx_word' id='word_1_532' title='bbox 454 4267 649 4338; x_wconf 81' lang='lat' dir='ltr'>illustratos</span> <span class='ocrx_word' id='word_1_533' title='bbox 685 4285 780 4344; x_wconf 89' lang='lat' dir='ltr'>esse,</span> <span class='ocrx_word' id='word_1_534' title='bbox 820 4263 880 4330; x_wconf 89' lang='lat' dir='ltr'>sed</span> <span class='ocrx_word' id='word_1_535' title='bbox 921 4259 1027 4330; x_wconf 88' lang='lat' dir='ltr'>etiam</span> <span class='ocrx_word' id='word_1_536' title='bbox 1066 4260 1209 4350; x_wconf 87' lang='lat' dir='ltr'>linguae</span> <span class='ocrx_word' id='word_1_537' title='bbox 1261 4263 1326 4346; x_wconf 87' lang='lat' dir='ltr'>lae,</span> <span class='ocrx_word' id='word_1_538' title='bbox 1352 4253 1510 4332; x_wconf 81' lang='lat' dir='ltr'>horreatis</span> <span class='ocrx_word' id='word_1_539' title='bbox 1524 4261 1708 4346; x_wconf 88' lang='lat' dir='ltr'>matronis,</span> <span class='ocrx_word' id='word_1_540' title='bbox 1724 4262 1933 4352; x_wconf 88' lang='lat' dir='ltr'>virginibus,</span> <span class='ocrx_word' id='word_1_541' title='bbox 1959 4262 2166 4345; x_wconf 89' lang='lat' dir='ltr'>infantibus,</span> <span class='ocrx_word' id='word_1_542' title='bbox 2181 4257 2240 4352; x_wconf 86' lang='lat' dir='ltr'>piis</span> 
     </span>
     <span class='ocr_line' id='line_1_41' title="bbox 219 4361 2240 4456; baseline -0.003 -12"><span class='ocrx_word' id='word_1_543' title='bbox 219 4369 379 4446; x_wconf 80' lang='lat' dir='ltr'>Ebraeae</span> <span class='ocrx_word' id='word_1_544' title='bbox 399 4369 616 4442; x_wconf 85' lang='lat' dir='ltr'>intellectum</span> <span class='ocrx_word' id='word_1_545' title='bbox 631 4361 698 4435; x_wconf 92' lang='lat' dir='ltr'>hoc</span> <span class='ocrx_word' id='word_1_546' title='bbox 720 4361 931 4456; x_wconf 90' lang='lat' dir='ltr'>Hieronymi</span> <span class='ocrx_word' id='word_1_547' title='bbox 950 4362 1072 4433; x_wconf 87' lang='lat' dir='ltr'>labore</span> <span class='ocrx_word' id='word_1_548' title='bbox 1091 4383 1210 4432; x_wconf 85' lang='lat' dir='ltr'>serva-</span> <span class='ocrx_word' id='word_1_549' title='bbox 1260 4365 1518 4448; x_wconf 81' lang='lat' dir='ltr'>sacerdotibus,</span> <span class='ocrx_word' id='word_1_550' title='bbox 1547 4376 1582 4434; x_wconf 91' lang='lat' dir='ltr'>et</span> <span class='ocrx_word' id='word_1_551' title='bbox 1610 4361 1676 4433; x_wconf 89' lang='lat' dir='ltr'>Dei</span> <span class='ocrx_word' id='word_1_552' title='bbox 1705 4387 1826 4432; x_wconf 87' lang='lat' dir='ltr'>vocem</span> <span class='ocrx_word' id='word_1_553' title='bbox 1853 4363 2004 4436; x_wconf 85' lang='lat' dir='ltr'>fideliter</span> <span class='ocrx_word' id='word_1_554' title='bbox 2030 4363 2240 4437; x_wconf 66' lang='lat' dir='ltr'>sonantibus,</span> 
     </span>
     <span class='ocr_line' id='line_1_42' title="bbox 221 4461 2239 4559; baseline -0.001 -25"><span class='ocrx_word' id='word_1_555' title='bbox 221 4476 297 4548; x_wconf 75' lang='grc' dir='ltr'>’ωῃι</span> <span class='ocrx_word' id='word_1_556' title='bbox 317 4496 402 4547; x_wconf 69' lang='lat' dir='ltr'>eus,</span> <span class='ocrx_word' id='word_1_557' title='bbox 1264 4465 1448 4536; x_wconf 87' lang='lat' dir='ltr'>minitatur</span> <span class='ocrx_word' id='word_1_558' title='bbox 1470 4464 1616 4534; x_wconf 86' lang='lat' dir='ltr'>exitium</span> <span class='ocrx_word' id='word_1_559' title='bbox 1642 4461 1860 4559; x_wconf 84' lang='lat' dir='ltr'>Gypaeetus,</span> <span class='ocrx_word' id='word_1_560' title='bbox 1892 4490 1972 4536; x_wconf 90' lang='lat' dir='ltr'>cum</span> <span class='ocrx_word' id='word_1_561' title='bbox 1994 4491 2069 4535; x_wconf 82' lang='lat' dir='ltr'>raon</span> <span class='ocrx_word' id='word_1_562' title='bbox 2093 4465 2203 4534; x_wconf 86' lang='lat' dir='ltr'>solum</span> <span class='ocrx_word' id='word_1_563' title='bbox 2219 4486 2239 4526; x_wconf 83' lang='lat' dir='ltr'>a</span> 
     </span>
     <span class='ocr_line' id='line_1_43' title="bbox 327 4562 2238 4664; baseline -0.009 -20"><span class='ocrx_word' id='word_1_564' title='bbox 327 4570 570 4664; x_wconf 79' lang='lat' dir='ltr'>Agnoscamus</span> <span class='ocrx_word' id='word_1_565' title='bbox 603 4567 711 4656; x_wconf 86' lang='lat' dir='ltr'>igitur</span> <span class='ocrx_word' id='word_1_566' title='bbox 744 4578 779 4636; x_wconf 88' lang='lat' dir='ltr'>et</span> <span class='ocrx_word' id='word_1_567' title='bbox 809 4563 877 4636; x_wconf 89' lang='lat' dir='ltr'>Dei</span> <span class='ocrx_word' id='word_1_568' title='bbox 910 4564 1141 4644; x_wconf 87' lang='lat' dir='ltr'>beneficium,</span> <span class='ocrx_word' id='word_1_569' title='bbox 1175 4576 1211 4634; x_wconf 88' lang='lat' dir='ltr'>et</span> <span class='ocrx_word' id='word_1_570' title='bbox 1263 4565 1366 4635; x_wconf 86' lang='lat' dir='ltr'>bobis</span> <span class='ocrx_word' id='word_1_571' title='bbox 1391 4589 1466 4634; x_wconf 88' lang='lat' dir='ltr'>non</span> <span class='ocrx_word' id='word_1_572' title='bbox 1487 4563 1530 4634; x_wconf 90' lang='lat' dir='ltr'>sit</span> <span class='ocrx_word' id='word_1_573' title='bbox 1551 4565 1683 4650; x_wconf 88' lang='lat' dir='ltr'>laesus,</span> <span class='ocrx_word' id='word_1_574' title='bbox 1709 4567 1769 4635; x_wconf 90' lang='lat' dir='ltr'>sed</span> <span class='ocrx_word' id='word_1_575' title='bbox 1793 4565 2049 4637; x_wconf 87' lang='lat' dir='ltr'>etiamconstet</span> <span class='ocrx_word' id='word_1_576' title='bbox 2068 4591 2129 4636; x_wconf 87' lang='lat' dir='ltr'>eos</span> <span class='ocrx_word' id='word_1_577' title='bbox 2146 4562 2238 4651; x_wconf 82' lang='lat' dir='ltr'>culpa</span> 
     </span>
     <span class='ocr_line' id='line_1_44' title="bbox 223 4665 2238 4772; baseline -0.006 -23"><span class='ocrx_word' id='word_1_578' title='bbox 223 4677 335 4772; x_wconf 87' lang='lat' dir='ltr'>ipsius</span> <span class='ocrx_word' id='word_1_579' title='bbox 353 4673 422 4746; x_wconf 83' lang='lat' dir='ltr'>viri</span> <span class='ocrx_word' id='word_1_580' title='bbox 438 4671 577 4759; x_wconf 82' lang='lat' dir='ltr'>vigilias</span> <span class='ocrx_word' id='word_1_581' title='bbox 591 4685 624 4740; x_wconf 88' lang='lat' dir='ltr'>et</span> <span class='ocrx_word' id='word_1_582' title='bbox 639 4667 902 4738; x_wconf 76' lang='lat' dir='ltr'>larnabrationes</span> <span class='ocrx_word' id='word_1_583' title='bbox 924 4666 1012 4756; x_wconf 91' lang='lat' dir='ltr'>grati</span> <span class='ocrx_word' id='word_1_584' title='bbox 1032 4665 1209 4752; x_wconf 87' lang='lat' dir='ltr'>praedice—</span> <span class='ocrx_word' id='word_1_585' title='bbox 1263 4691 1392 4748; x_wconf 78' lang='lat' dir='ltr'>esrem,</span> <span class='ocrx_word' id='word_1_586' title='bbox 1418 4667 1489 4736; x_wconf 94' lang='lat' dir='ltr'>imo</span> <span class='ocrx_word' id='word_1_587' title='bbox 1505 4667 1615 4758; x_wconf 90' lang='lat' dir='ltr'>ipsius</span> <span class='ocrx_word' id='word_1_588' title='bbox 1627 4665 1831 4756; x_wconf 87' lang='lat' dir='ltr'>regionibus</span> <span class='ocrx_word' id='word_1_589' title='bbox 1845 4665 1950 4737; x_wconf 84' lang='lat' dir='ltr'>etiarn</span> <span class='ocrx_word' id='word_1_590' title='bbox 1964 4669 2084 4762; x_wconf 88' lang='lat' dir='ltr'>aliqua</span> <span class='ocrx_word' id='word_1_591' title='bbox 2098 4689 2139 4736; x_wconf 86' lang='lat' dir='ltr'>ex</span> <span class='ocrx_word' id='word_1_592' title='bbox 2151 4675 2238 4758; x_wconf 75' lang='lat' dir='ltr'>parte</span> 
     </span>
     <span class='ocr_line' id='line_1_45' title="bbox 225 4767 2238 4860; baseline -0.007 -12"><span class='ocrx_word' id='word_1_593' title='bbox 225 4801 315 4850; x_wconf 80' lang='lat' dir='ltr'>mars.</span> <span class='ocrx_word' id='word_1_594' title='bbox 376 4771 423 4845; x_wconf 87' lang='lat' dir='ltr'>Ut</span> <span class='ocrx_word' id='word_1_595' title='bbox 444 4773 539 4844; x_wconf 87' lang='lat' dir='ltr'>enim</span> <span class='ocrx_word' id='word_1_596' title='bbox 567 4767 738 4858; x_wconf 79' lang='lat' dir='ltr'>Virgilius</span> <span class='ocrx_word' id='word_1_597' title='bbox 762 4767 899 4860; x_wconf 84' lang='lat' dir='ltr'>inquit,</span> <span class='ocrx_word' id='word_1_598' title='bbox 934 4767 1114 4838; x_wconf 86' lang='lat' dir='ltr'>difficilius</span> <span class='ocrx_word' id='word_1_599' title='bbox 1138 4787 1210 4836; x_wconf 83' lang='lat' dir='ltr'>esse</span> <span class='ocrx_word' id='word_1_600' title='bbox 1263 4767 1377 4840; x_wconf 84' lang='lat' dir='ltr'>nostri</span> <span class='ocrx_word' id='word_1_601' title='bbox 1403 4769 1541 4838; x_wconf 85' lang='lat' dir='ltr'>labores</span> <span class='ocrx_word' id='word_1_602' title='bbox 1570 4768 1741 4838; x_wconf 75' lang='lat' dir='ltr'>serviant:</span> <span class='ocrx_word' id='word_1_603' title='bbox 1782 4771 1843 4837; x_wconf 87' lang='lat' dir='ltr'>aed</span> <span class='ocrx_word' id='word_1_604' title='bbox 1867 4768 2039 4860; x_wconf 87' lang='lat' dir='ltr'>depellet,</span> <span class='ocrx_word' id='word_1_605' title='bbox 2069 4783 2108 4840; x_wconf 89' lang='grc' dir='ltr'>ιιι</span> <span class='ocrx_word' id='word_1_606' title='bbox 2134 4787 2238 4858; x_wconf 83' lang='lat' dir='ltr'>spem,</span> 
     </span>
     <span class='ocr_line' id='line_1_46' title="bbox 223 4863 2237 4964; baseline -0.008 -11"><span class='ocrx_word' id='word_1_607' title='bbox 223 4876 372 4953; x_wconf 84' lang='lat' dir='ltr'>Herculi</span> <span class='ocrx_word' id='word_1_608' title='bbox 387 4877 519 4948; x_wconf 84' lang='lat' dir='ltr'>clavam</span> <span class='ocrx_word' id='word_1_609' title='bbox 543 4885 749 4964; x_wconf 86' lang='lat' dir='ltr'>extorquere</span> <span class='ocrx_word' id='word_1_610' title='bbox 766 4869 984 4950; x_wconf 70' lang='lat' dir='ltr'>romanibus,</span> <span class='ocrx_word' id='word_1_611' title='bbox 1011 4891 1116 4958; x_wconf 70' lang='lat' dir='ltr'>quiam</span> <span class='ocrx_word' id='word_1_612' title='bbox 1134 4863 1212 4936; x_wconf 88' lang='lat' dir='ltr'>Ho-</span> <span class='ocrx_word' id='word_1_613' title='bbox 1263 4865 1360 4938; x_wconf 86' lang='lat' dir='ltr'>Deua</span> <span class='ocrx_word' id='word_1_614' title='bbox 1380 4870 1425 4938; x_wconf 91' lang='lat' dir='ltr'>ab</span> <span class='ocrx_word' id='word_1_615' title='bbox 1441 4865 1497 4938; x_wconf 89' lang='lat' dir='ltr'>his</span> <span class='ocrx_word' id='word_1_616' title='bbox 1513 4869 1643 4939; x_wconf 81' lang='lat' dir='ltr'>nostris</span> <span class='ocrx_word' id='word_1_617' title='bbox 1664 4869 1925 4940; x_wconf 77' lang='lat' dir='ltr'>nidulistliram</span> <span class='ocrx_word' id='word_1_618' title='bbox 1942 4873 2132 4942; x_wconf 79' lang='lat' dir='ltr'>volucrem.</span> <span class='ocrx_word' id='word_1_619' title='bbox 2173 4864 2237 4935; x_wconf 84' lang='lat' dir='ltr'>Ra·</span> 
     </span>
     <span class='ocr_line' id='line_1_47' title="bbox 225 4967 2236 5063; baseline -0.005 -13"><span class='ocrx_word' id='word_1_620' title='bbox 225 5003 325 5052; x_wconf 83' lang='lat' dir='ltr'>anero</span> <span class='ocrx_word' id='word_1_621' title='bbox 340 4999 498 5048; x_wconf 73' lang='lat' dir='ltr'>semaam:</span> <span class='ocrx_word' id='word_1_622' title='bbox 525 4974 571 5042; x_wconf 91' lang='lat' dir='ltr'>ita</span> <span class='ocrx_word' id='word_1_623' title='bbox 586 4973 700 5044; x_wconf 83' lang='lat' dir='ltr'>urulto</span> <span class='ocrx_word' id='word_1_624' title='bbox 717 4971 834 5040; x_wconf 86' lang='lat' dir='ltr'>verius</span> <span class='ocrx_word' id='word_1_625' title='bbox 848 4969 918 5040; x_wconf 83' lang='lat' dir='ltr'>dici</span> <span class='ocrx_word' id='word_1_626' title='bbox 934 4982 1058 5060; x_wconf 84' lang='lat' dir='ltr'>potest,</span> <span class='ocrx_word' id='word_1_627' title='bbox 1083 4968 1212 5036; x_wconf 89' lang='lat' dir='ltr'>diflici·</span> <span class='ocrx_word' id='word_1_628' title='bbox 1264 4971 1330 5040; x_wconf 91' lang='lat' dir='ltr'>deo</span> <span class='ocrx_word' id='word_1_629' title='bbox 1352 4983 1468 5040; x_wconf 78' lang='lat' dir='ltr'>atatem</span> <span class='ocrx_word' id='word_1_630' title='bbox 1492 4973 1535 5040; x_wconf 84' lang='lat' dir='ltr'>ad</span> <span class='ocrx_word' id='word_1_631' title='bbox 1558 4967 1838 5063; x_wconf 88' lang='lat' dir='ltr'>Hieronymum,</span> <span class='ocrx_word' id='word_1_632' title='bbox 1860 4973 1906 5040; x_wconf 88' lang='lat' dir='ltr'>de</span> <span class='ocrx_word' id='word_1_633' title='bbox 1926 4971 2027 5040; x_wconf 80' lang='lat' dir='ltr'>cuiars</span> <span class='ocrx_word' id='word_1_634' title='bbox 2049 4968 2236 5040; x_wconf 76' lang='lat' dir='ltr'>eruditione</span> 
     </span>
     <span class='ocr_line' id='line_1_48' title="bbox 151 5067 2235 5166; baseline -0.009 -16"><span class='ocrx_word' id='word_1_635' title='bbox 151 5107 168 5131; x_wconf 70' lang='lat'><em>1</em></span> <span class='ocrx_word' id='word_1_636' title='bbox 225 5085 296 5154; x_wconf 86' lang='lat' dir='ltr'>lius</span> <span class='ocrx_word' id='word_1_637' title='bbox 325 5103 398 5148; x_wconf 86' lang='lat' dir='ltr'>esse</span> <span class='ocrx_word' id='word_1_638' title='bbox 420 5075 568 5148; x_wconf 91' lang='lat' dir='ltr'>Herculi</span> <span class='ocrx_word' id='word_1_639' title='bbox 596 5074 729 5143; x_wconf 83' lang='lat' dir='ltr'>clavam</span> <span class='ocrx_word' id='word_1_640' title='bbox 759 5083 966 5164; x_wconf 84' lang='lat' dir='ltr'>extorquere</span> <span class='ocrx_word' id='word_1_641' title='bbox 992 5093 1012 5139; x_wconf 89' lang='lat' dir='ltr'>e</span> <span class='ocrx_word' id='word_1_642' title='bbox 1035 5067 1212 5148; x_wconf 88' lang='lat' dir='ltr'>manibus,</span> <span class='ocrx_word' id='word_1_643' title='bbox 1263 5095 1342 5140; x_wconf 90' lang='lat' dir='ltr'>cum</span> <span class='ocrx_word' id='word_1_644' title='bbox 1366 5071 1499 5142; x_wconf 83' lang='lat' dir='ltr'>dicturo</span> <span class='ocrx_word' id='word_1_645' title='bbox 1523 5071 1587 5155; x_wconf 91' lang='lat' dir='ltr'>sit,</span> <span class='ocrx_word' id='word_1_646' title='bbox 1613 5074 1657 5139; x_wconf 88' lang='lat' dir='ltr'>de</span> <span class='ocrx_word' id='word_1_647' title='bbox 1683 5071 1844 5144; x_wconf 87' lang='lat' dir='ltr'>rnoribus</span> <span class='ocrx_word' id='word_1_648' title='bbox 1866 5073 1971 5143; x_wconf 89' lang='lat' dir='ltr'>etiam</span> <span class='ocrx_word' id='word_1_649' title='bbox 1995 5073 2162 5166; x_wconf 86' lang='lat' dir='ltr'>quaedam</span> <span class='ocrx_word' id='word_1_650' title='bbox 2182 5067 2235 5135; x_wconf 90' lang='lat' dir='ltr'>ad-</span> 
     </span>
     <span class='ocr_line' id='line_1_49' title="bbox 225 5171 2235 5278; baseline -0.008 -26"><span class='ocrx_word' id='word_1_651' title='bbox 225 5205 335 5278; x_wconf 85' lang='lat' dir='ltr'>quam</span> <span class='ocrx_word' id='word_1_652' title='bbox 354 5175 500 5274; x_wconf 85' lang='lat' dir='ltr'>phrasin</span> <span class='ocrx_word' id='word_1_653' title='bbox 516 5171 701 5246; x_wconf 82' lang='lat' dir='ltr'>Ehraicam</span> <span class='ocrx_word' id='word_1_654' title='bbox 724 5174 760 5240; x_wconf 92' lang='lat' dir='ltr'>in</span> <span class='ocrx_word' id='word_1_655' title='bbox 775 5171 937 5244; x_wconf 88' lang='lat' dir='ltr'>Latinam</span> <span class='ocrx_word' id='word_1_656' title='bbox 954 5171 1212 5244; x_wconf 84' lang='lat' dir='ltr'>transfundere.</span> <span class='ocrx_word' id='word_1_657' title='bbox 1263 5173 1398 5256; x_wconf 89' lang='lat' dir='ltr'>denda,</span> <span class='ocrx_word' id='word_1_658' title='bbox 1428 5173 1490 5266; x_wconf 90' lang='lat' dir='ltr'>qui</span> <span class='ocrx_word' id='word_1_659' title='bbox 1515 5185 1631 5241; x_wconf 85' lang='lat' dir='ltr'>tamen</span> <span class='ocrx_word' id='word_1_660' title='bbox 1655 5195 1779 5262; x_wconf 86' lang='lat' dir='ltr'>magua</span> <span class='ocrx_word' id='word_1_661' title='bbox 1802 5197 1842 5242; x_wconf 80' lang='lat' dir='ltr'>er</span> <span class='ocrx_word' id='word_1_662' title='bbox 1867 5191 1965 5266; x_wconf 90' lang='lat' dir='ltr'>parte</span> <span class='ocrx_word' id='word_1_663' title='bbox 1985 5199 2026 5243; x_wconf 88' lang='lat' dir='ltr'>ex</span> <span class='ocrx_word' id='word_1_664' title='bbox 2044 5171 2166 5242; x_wconf 89' lang='lat' dir='ltr'>studiis</span> <span class='ocrx_word' id='word_1_665' title='bbox 2180 5192 2235 5234; x_wconf 90' lang='lat' dir='ltr'>co·</span> 
     </span>
     <span class='ocr_line' id='line_1_50' title="bbox 203 5265 2233 5368; baseline -0.008 -12"><span class='ocrx_word' id='word_1_666' title='bbox 203 5283 335 5368; x_wconf 20' lang='lat' dir='ltr'>,Plura</span> <span class='ocrx_word' id='word_1_667' title='bbox 369 5281 413 5350; x_wconf 87' lang='lat' dir='ltr'>de</span> <span class='ocrx_word' id='word_1_668' title='bbox 446 5273 514 5348; x_wconf 86' lang='lat' dir='ltr'>hor</span> <span class='ocrx_word' id='word_1_669' title='bbox 549 5273 759 5368; x_wconf 88' lang='lat' dir='ltr'>Hieronymi</span> <span class='ocrx_word' id='word_1_670' title='bbox 791 5272 962 5344; x_wconf 85' lang='lat' dir='ltr'>beneficio</span> <span class='ocrx_word' id='word_1_671' title='bbox 994 5271 1063 5341; x_wconf 89' lang='lat' dir='ltr'>dici</span> <span class='ocrx_word' id='word_1_672' title='bbox 1100 5295 1211 5362; x_wconf 89' lang='lat' dir='ltr'>posse,</span> <span class='ocrx_word' id='word_1_673' title='bbox 1263 5274 1383 5363; x_wconf 89' lang='lat' dir='ltr'>gnosci</span> <span class='ocrx_word' id='word_1_674' title='bbox 1411 5287 1568 5364; x_wconf 79' lang='lat' dir='ltr'>possum.</span> <span class='ocrx_word' id='word_1_675' title='bbox 1626 5269 1717 5343; x_wconf 85' lang='lat' dir='ltr'>Nam</span> <span class='ocrx_word' id='word_1_676' title='bbox 1745 5289 1784 5344; x_wconf 92' lang='grc' dir='ltr'>ιιι</span> <span class='ocrx_word' id='word_1_677' title='bbox 1807 5271 1883 5348; x_wconf 90' lang='lat' dir='ltr'>Deo</span> <span class='ocrx_word' id='word_1_678' title='bbox 1905 5276 2069 5359; x_wconf 86' lang='lat' dir='ltr'>serviret,</span> <span class='ocrx_word' id='word_1_679' title='bbox 2097 5265 2233 5356; x_wconf 76' lang='lat' dir='ltr'>suscepit</span> 
     </span>
     <span class='ocr_line' id='line_1_51' title="bbox 227 5369 2233 5472; baseline -0.007 -15"><span class='ocrx_word' id='word_1_680' title='bbox 227 5406 351 5456; x_wconf 88' lang='lat' dir='ltr'>omnes</span> <span class='ocrx_word' id='word_1_681' title='bbox 365 5381 556 5472; x_wconf 87' lang='lat' dir='ltr'>prudentes</span> <span class='ocrx_word' id='word_1_682' title='bbox 572 5377 712 5460; x_wconf 83' lang='lat' dir='ltr'>vident,</span> <span class='ocrx_word' id='word_1_683' title='bbox 739 5373 799 5443; x_wconf 86' lang='lat' dir='ltr'>sed</span> <span class='ocrx_word' id='word_1_684' title='bbox 812 5395 878 5463; x_wconf 84' lang='lat' dir='ltr'>ego</span> <span class='ocrx_word' id='word_1_685' title='bbox 893 5371 964 5442; x_wconf 93' lang='lat' dir='ltr'>iam</span> <span class='ocrx_word' id='word_1_686' title='bbox 981 5375 1024 5444; x_wconf 89' lang='lat' dir='ltr'>ad</span> <span class='ocrx_word' id='word_1_687' title='bbox 1035 5373 1107 5461; x_wconf 66' lang='lat' dir='ltr'>⁸alia</span> <span class='ocrx_word' id='word_1_688' title='bbox 1127 5397 1211 5464; x_wconf 92' lang='lat' dir='ltr'>pro·</span> <span class='ocrx_word' id='word_1_689' title='bbox 1263 5387 1380 5446; x_wconf 90' lang='lat' dir='ltr'>tautos</span> <span class='ocrx_word' id='word_1_690' title='bbox 1398 5375 1535 5446; x_wconf 80' lang='lat' dir='ltr'>labores</span> <span class='ocrx_word' id='word_1_691' title='bbox 1549 5374 1752 5468; x_wconf 88' lang='lat' dir='ltr'>peregrinae</span> <span class='ocrx_word' id='word_1_692' title='bbox 1766 5377 1908 5468; x_wconf 85' lang='lat' dir='ltr'>linguae</span> <span class='ocrx_word' id='word_1_693' title='bbox 1923 5377 2118 5463; x_wconf 85' lang='lat' dir='ltr'>discendae,</span> <span class='ocrx_word' id='word_1_694' title='bbox 2141 5386 2173 5442; x_wconf 88' lang='lat' dir='ltr'>et</span> <span class='ocrx_word' id='word_1_695' title='bbox 2185 5369 2233 5436; x_wconf 79' lang='lat' dir='ltr'>ic·</span> 
     </span>
    </p>
   </div>
   <div class='ocr_carea' id='block_1_4' title="bbox 0 0 2332 5824">
    <p class='ocr_par' dir='ltr' id='par_1_4' title="bbox 0 0 2332 5824">
     <span class='ocr_line' id='line_1_52' title="bbox 0 0 2332 5824; baseline 0 0"><span class='ocrx_word' id='word_1_696' title='bbox 0 0 2332 5824; x_wconf 95' lang='lat' dir='ltr'> </span> 
     </span>
    </p>
   </div>
  </div>
 </body>
</html>
