4718 5828
231 223 278 298 rs
467 191 476 214 ‘'
633 179 1858 315 nacu.nucoan1oanntsanonsronns
2097 189 2101 196 ⁸
2202 245 2254 320 so

228 392 410 485 lecticam,
442 397 504 471 alii
537 395 766 475 Rhetoricam
802 419 945 478 vocante
997 405 1215 480 Nominibus
1267 410 1371 495 bant,
1408 408 1565 479 studium
1606 403 1720 480 videri
1756 412 2017 486 renascentium
2055 416 2254 494 literarum.
2354 399 2355 482 J

228 500 325 570 enim
342 503 483 576 variant
497 503 685 590 authores,
708 531 818 601 quum
838 521 895 579 a'rs
908 513 1030 580 eadem
1050 511 1105 582 sit.
1147 509 1214 582 At·
1266 507 1443 605 Equidem
1468 513 1606 605 aliquot
1630 514 1717 582 novi
1737 515 1963 589 roctiiudieii
1979 517 2096 604 viros,
2120 521 2254 614 quibus
2354 543 2355 566 ³

228 627 298 697 que
320 598 379 674 hie
401 607 553 676 docendi
576 611 666 679 ordo
680 613 861 703 quondam
878 613 963 697 fuit,
989 638 1100 707 quum
1116 614 1213 702 vige-
1265 639 1347 684 cum
1361 635 1463 706 saepe
1483 637 1558 684 rem
1581 618 1728 687 eandem
1744 618 1900 699 contuli,
1927 643 2091 710 prorsum
2111 638 2253 692 nostrae
2354 635 2355 692 ἶ

227 717 311 776 rent
331 701 448 778 adhuc
479 708 620 796 literae,
656 713 771 783 donec
796 713 835 782 in
858 715 1014 786 bullatos
1039 719 1212 808 quosdam

229 806 419 898 Magistros
441 810 653 894 incidimus,
686 815 749 909 qui
771 817 868 888 scitis
890 841 960 910 qua
988 819 1082 888 mole
1114 841 1213 888 com·

228 911 483 982 mentatiorum
505 910 745 988 Grammatica
771 919 927 1010 primum
952 933 1213 1012 oppresserant.

227 1013 296 1092 Sed
316 1020 460 1114 quando
483 1043 522 1090 ea
549 1021 773 1106 revixerunt,
798 1022 842 1090 de
865 1019 1066 1092 Dialecticis
1091 1024 1212 1120 videa7

226 1145 327 1203 mus,
353 1145 443 1214 quae
464 1117 582 1192 adhuc
596 1147 636 1192 ex
653 1121 869 1206 Tartareus,
894 1122 1034 1204 Bricot,
1061 1123 1210 1194 Perver-

225 1248 323 1306 sore,
346 1220 486 1308 Eckiis,
510 1221 836 1316 Copulatisbursae
852 1227 1002 1311 montis,
1024 1223 1212 1297 Exercitiis

226 1326 379 1397 taurinis
395 1341 429 1398 et
443 1327 600 1410 caninis,
627 1341 661 1396 et
678 1327 758 1396 aliis
775 1322 882 1398 huius
900 1328 1034 1398 farinae
1049 1330 1211 1420 petimus.

226 1427 327 1500 Licet
348 1423 415 1498 hac
438 1442 535 1520 parte
560 1423 649 1497 mihi
675 1429 822 1499 liberius
839 1453 959 1519 agere,
981 1455 1066 1499 nam
1091 1443 1127 1501 et
1149 1431 1211 1499 iis-

226 1533 308 1601 dem
336 1553 399 1620 ego
422 1553 536 1600 annos
559 1531 630 1600 iam
655 1553 714 1600 sex
737 1545 924 1623 perpetuos
950 1557 1038 1623 pene
1062 1533 1212 1602 detritus

227 1655 320 1704 sum.
371 1629 419 1703 Εἰ
440 1657 549 1726 quum
575 1625 648 1703 rem
671 1635 780 1723 probe
813 1634 1017 1706 meditatam
1051 1630 1212 1720 habeam,

226 1759 301 1806 non
318 1734 385 1806 erit
402 1735 546 1804 difficile
565 1730 653 1804 mihi
678 1737 751 1804 suis
765 1759 840 1804 eam
859 1736 1038 1806 coloribus
1056 1739 1212 1828 pingere,

226 1861 266 1906 ac
295 1838 498 1923 declarare,
537 1861 610 1907 non
645 1859 719 1906 esse
752 1832 983 1923 διαλεκτικὰ,
1028 1863 1119 1932 quae
1153 1840 1210 1909 isti

228 1939 383 2022 amussi,
413 1939 573 2008 inscitiae
589 1939 755 2028 Magistri
777 1941 997 2030 profitentur.
1049 1939 1210 2010 Primum

225 2039 428 2125 Dialectica,
443 2053 482 2112 ut
492 2043 577 2126 dixi,
592 2037 780 2111 methodus
791 2046 962 2133 quaedam
980 2056 1032 2111 est
1049 2043 1210 2113 omnium

225 2143 474 2236 quaestionum
492 2143 777 2236 compendiaria,
793 2137 1032 2238 διωκητικήτε
1047 2141 1112 2215 καὶ
1127 2141 1211 2217 δια-

224 2237 384 2340 κριτικήε
421 2269 490 2338 qua
513 2257 651 2316 constat
671 2247 761 2315 ordo
790 2259 824 2316 et
846 2245 1017 2316 iudicium
1039 2249 1211 2341 cuiusque

225 2347 278 2416 rei
301 2349 524 2428 tractandae,
564 2362 604 2420 ut
633 2347 673 2417 in
696 2369 838 2441 quoque
870 2349 1072 2433 videamus,
1110 2352 1210 2442 quid,

225 2463 419 2542 quantum,
439 2449 570 2543 quale,
597 2473 707 2544 quur,
738 2451 937 2542 quomodo:
990 2449 1030 2521 Si
1064 2449 1211 2543 simplex

225 2551 288 2636 sit,
312 2551 369 2620 sin
390 2551 633 2642 complexum,
658 2574 782 2621 verum
800 2573 845 2618 ne
860 2552 1066 2621 anfalsum.
1116 2553 1211 2624 Sim-

226 2651 372 2744 plicium
414 2652 637 2737 discrimina,
680 2654 913 2747 notionesque
945 2655 1006 2724 isti
1040 2679 1103 2747 per
1136 2655 1210 2725 loca

225 2767 324 2825 senta
340 2755 411 2825 situ
427 2767 577 2844 cogunt,
596 2770 806 2849 noctemque
825 2757 1051 2846 profundam.
1102 2753 1211 2828 Com-

226 2857 412 2948 plexorum
446 2857 648 2937 doctrinae,
694 2880 781 2951 quas
816 2859 981 2927 tenebras
1013 2883 1089 2929 non
1118 2860 1212 2930 offu-

226 2960 356 3029 derunt
378 2958 551 3048 argutiis?
584 2957 734 3048 'Quales
769 2973 868 3028 sunt:
907 2957 1033 3029 Genus
1059 2975 1111 3032 est
1134 2985 1212 3052 spe-

227 3060 318 3144 cies,
362 3058 493 3132 Nullus
532 3073 567 3130 et
600 3083 706 3130 nemo
742 3063 908 3132 mordent
947 3085 983 3130 se
1023 3063 1061 3132 in
1096 3087 1212 3148 sacco,

224 3159 371 3232 Parisiis
393 3175 427 3233 et
449 3159 587 3234 Romae
611 3163 780 3232 venditur
804 3164 914 3254 piper.
975 3160 1109 3236 Arcent
1134 3165 1211 3234 loro

227 3287 291 3334 suo
327 3287 416 3358 quae
451 3289 527 3334 non
559 3279 806 3359 assequuntur.
867 3263 1019 3335 Librum
1052 3291 1212 3366 κατηγο·

170 3381 173 3388 “
228 3360 321 3460 piosa
336 3366 438 3437 aiunt
453 3362 666 3437 Dialecticae
682 3367 816 3437 tabulis
831 3391 906 3436 non
927 3369 1080 3452 censeri,
1101 3393 1211 3462 quum

227 3467 312 3537 iude
330 3491 435 3537 omne
450 3469 636 3538 artificium
653 3469 873 3552 inveniendi,
889 3494 951 3539 ceu
967 3495 985 3537 e
1000 3472 1098 3540 fonte
1113 3472 1210 3556 fluat,

227 3585 261 3640 et
277 3563 495 3668 κατηγορίαι
508 3595 581 3639 uon
599 3571 671 3640 sint
689 3571 756 3639 nisi
766 3567 931 3662 μέθοδος
940 3575 1111 3665 quaedam
1127 3575 1210 3641 sim-

227 3673 385 3765 plicium.
446 3669 495 3742 Et
516 3669 574 3742 hic
603 3687 828 3762 argutantur:
863 3672 957 3742 Num
979 3675 1117 3764 singula
1153 3699 1213 3764 ge-

228 3799 311 3844 nera
330 3773 530 3863 generaliss.
548 3772 754 3869 realiter(ut
772 3775 1133 3870 vocant)discreprnt,
1159 3789 1211 3846 at-

228 3877 355 3970 quede
375 3901 416 3946 eo
435 3877 597 3946 nondum
623 3877 717 3946 inter
732 3875 902 3946 Scotistas
923 3877 1016 3967 ipsos
1035 3878 1211 3959 convenit,

227 3978 341 4048 multo
365 3977 482 4048 minus
508 4003 588 4048 cum
609 3979 773 4048 factionis
803 3979 962 4047 diversae
992 3980 1212 4048 nominibus.

230 4079 416 4172 Analytica
441 4083 652 4169 posteriora,
679 4105 759 4150 cum
777 4081 848 4150 sint
867 4081 1079 4172 disponendi
1095 4082 1212 4165 series,

131 4176 140 4192 '
229 4206 268 4277 ac
283 4179 537 4272 utSimplieius
546 4179 799 4276 Peripateticus
816 4184 883 4262 ait,
911 4205 1025 4252 canon
1043 4207 1082 4251 ac
1094 4204 1212 4252 amus-

229 4285 276 4352 sis
292 4281 499 4356 artificiosae
515 4285 766 4374 disputationis
783 4279 1128 4379 interMetaphysica
1147 4309 1213 4354 no-

230 4386 292 4456 stri
314 4384 528 4470 retulerunt,
565 4411 692 4476 nempe
720 4411 790 4480 quo
813 4387 886 4456 rim
912 4411 976 4478 per
995 4409 1030 4454 se
1052 4411 1125 4455 non
1150 4389 1211 4456 ad-

228 4489 375 4556 modum
392 4485 589 4570 difficilem,
616 4512 656 4556 ac
670 4489 761 4557 mire
776 4489 900 4558 utilem
917 4489 1043 4558 studiis
1067 4483 1213 4560 honeste

229 4587 439 4672 tractandis,
482 4603 516 4660 et
549 4589 731 4658 difficilem
757 4604 792 4660 et
823 4591 985 4660 inutilem
1014 4593 1213 4664 redderent.

1264 715 1473 799 sententiae,
1500 717 1669 786 omnibus
1685 715 1829 788 calculis
1844 721 2109 813 adstipulantes.
2150 725 2254 794 Ami·

1265 841 1327 887 cus
1341 813 1431 888 mihi
1448 817 1624 911 quispiam
1647 833 1787 890 estnon
1804 821 1977 911 vulgaris,
2002 826 2069 893 sub
2085 849 2156 918 quo
2175 826 2254 915 pri-
2354 879 2355 928 t

1266 943 1363 990 mum
1379 943 1469 1012 puer
1486 933 1711 1012 praeceptore
1734 922 1771 988 in
1787 921 1916 992 Suevis
1930 922 2137 1016 Tubingae,
2161 925 2253 998 Ilia-
2354 937 2355 972 a

1266 1022 1399 1092 lecticis
1419 1023 1532 1092 merui
1549 1045 1683 1091 annum
1699 1047 1811 1092 unum
1829 1039 1890 1095 aut
1904 1026 2066 1113 alterum,
2080 1023 2253 1098 hactenus

1265 1138 1304 1194 ut
1318 1125 1426 1194 fratre
1439 1147 1578 1215 semper
1593 1119 1806 1197 familiariss.
1815 1147 1912 1212 usus,
1921 1120 2151 1200 Franciscus
2161 1125 2253 1199 Sto·
2354 1139 2355 1148 ’

1265 1221 1422 1310 dianus,
1445 1227 1647 1296 eruditione
1663 1249 1703 1296 ac
1721 1227 1814 1296 vitae
1831 1251 1959 1318 genere
1981 1231 2062 1314 tali,
2087 1245 2127 1301 ut
2145 1257 2164 1300 a
2183 1234 2253 1302 bo·
2354 1295 2355 1312 2

1266 1329 1321 1396 nis
1336 1352 1376 1397 ac
1390 1329 1504 1398 doctis
1519 1328 1688 1397 omnibus
1707 1329 1867 1399 certatim
1878 1331 1980 1421 diligi
1994 1347 2188 1402 mereatur:
2217 1332 2253 1403 Is
2354 1353 2355 1384 t

1265 1427 1451 1524 Analytica
1480 1429 1675 1520 posteriora
1691 1429 1862 1500 Suevicae
1878 1432 2056 1504 iuventuti
2079 1459 2173 1504 anno
2191 1459 2253 1504 su-

1266 1533 1403 1623 periore
1430 1533 1690 1622 praclecturus,
1716 1555 1735 1600 a
1761 1535 1867 1601 nobis
1884 1528 2074 1606 Themistii
2098 1537 2253 1618 libellos,
2354 1571 2355 1594 1

1265 1657 1354 1728 quos
1371 1633 1498 1704 Latine
1516 1635 1673 1704 reddidit
1687 1631 1920 1719 Hermolaus,
1935 1637 2079 1728 accepit.
2111 1636 2252 1708 Addidi
2354 1699 2355 1708 ,

1265 1738 1438 1831 quaedam
1465 1761 1483 1804 e
1516 1731 1719 1825 Philopono
1747 1737 1975 1828 transcripta,
2008 1761 2125 1832 neque
2153 1741 2278 1820 enim,
2354 1769 2355 1772 ¹

1266 1837 1401 1908 Graeca
1424 1837 1545 1907 omnia
1569 1837 1652 1907 satis
1672 1831 1765 1906 mihi
1794 1839 2003 1928 probantur.
2062 1840 2253 1911 Admonui
2354 1843 2355 1884 ³

1265 1941 1410 2032 insuper
1427 1941 1501 2010 illic
1517 1940 1561 2009 ab
1577 1936 1769 2010 Aristotele
1787 1937 1980 2010 Rhetorica
1994 1943 2128 2016 doceri.
2179 1943 2251 2012 Le-

1264 2045 1335 2134 git,
1361 2043 1574 2138 relegitque,
1602 2055 1636 2113 et
1663 2066 1735 2136 quo
1758 2055 1811 2111 est
1836 2043 1988 2127 iudicio,
2013 2046 2179 2136 protinus
2206 2047 2252 2114 ad
2354 2083 2355 2090 γ

1263 2169 1408 2236 scopum
1427 2145 1582 2214 advortit
1597 2145 1777 2228 animum,
1803 2144 1853 2214 ibi
1876 2167 1916 2214 re
1936 2147 2078 2235 penitus
2098 2145 2254 2236 cognita,

1265 2263 1299 2319 et
1324 2271 1389 2337 pro
1412 2247 1604 2315 faelicitate
1627 2247 1761 2334 ingenii
1785 2247 1841 2315 sui
1868 2260 1969 2316 aucta
1994 2249 2254 2340 illustrataque,
2354 2257 2355 2304 ἶ

1266 2363 1317 2420 tot
1330 2347 1569 2432 notabilibus,
1581 2347 1865 2438 acceptionibus,
1882 2349 2174 2420 distinctionibus
2190 2373 2253 2418 ex-
2354 2361 2355 2410 ξ

1266 2449 1480 2533 auctoratis,
1496 2471 1634 2518 causam
1649 2449 1840 2538 integram,
1855 2451 1965 2520 veluti
1982 2449 2251 2544 recuperatorio
2354 2463 2355 2516 1

1264 2553 1396 2623 iudicio
1421 2551 1596 2633 restituit,
1631 2545 1771 2620 scholae
1800 2552 2009 2646 simpliciter
2034 2577 2074 2626 ac
2098 2553 2253 2623 candide

1255 2677 1436 2724 ,summam
1450 2653 1502 2722 rei
1517 2647 1561 2724 τὸ
1575 2649 1678 2746 ἄλφα
1696 2649 1760 2723 καὶ
1775 2677 1806 2723 ω
1822 2655 2031 2725 traditurus.
2083 2651 2142 2727 Ad
2164 2651 2253 2724 haec
2354 2693 2355 2728 3

1263 2757 1356 2828 male
1369 2769 1530 2846 precatus
1545 2755 1666 2842 nugis,
1685 2756 1816 2824 obnixe
1829 2779 1849 2823 a
1863 2781 1919 2824 me
1935 2759 2137 2843 contendit,
2165 2753 2253 2827 Ari-

1264 2859 1382 2930 stoteli
1408 2857 1593 2949 purgando
1608 2856 1720 2925 socias
1735 2879 1862 2938 manus
1883 2858 2091 2928 adiicerem:
2127 2857 2250 2930 Cona-

1265 2977 1384 3032 turum
1412 2960 1532 3028 omnia
1555 2981 1629 3028 sese
1650 2982 1715 3048 pro
1741 2959 1898 3042 viribus,
1935 2961 1989 3030 uti
2019 2962 2150 3032 artium
2177 2961 2251 3028 ele-

1265 3075 1381 3131 menta
1397 3061 1553 3130 vindicta
1570 3059 1811 3130 Barbarorum
1834 3060 2084 3145 liberarentur.
2134 3061 2250 3132 Primi

1264 3163 1421 3234 nominis
1435 3162 1570 3248 studia,
1596 3185 1615 3230 a
1633 3164 1797 3232 sordibus
1814 3163 1923 3254 recipi
1941 3189 2014 3232 non
2032 3185 2150 3256 posse,
2177 3164 2251 3233 nisi

1266 3265 1421 3359 purgatis
1439 3265 1697 3334 adulescentiae
1712 3263 1936 3338 rudimentis.
1991 3265 2030 3334 ld
2045 3269 2118 3335 fere
2135 3290 2250 3358 quen-

1265 3393 1332 3462 que
1349 3367 1387 3436 in
1401 3367 1547 3436 summis
1564 3389 1686 3456 posse,
1714 3366 1810 3460 quod
1836 3365 1875 3434 in
1894 3367 2027 3436 infimis
2043 3367 2250 3464 assueverit.

1268 3471 1307 3540 ln
1323 3491 1478 3553 summa,
1505 3469 1625 3538 omnia
1649 3469 1718 3538 sibi
1741 3471 1785 3536 de
1804 3470 2056 3561 grandioribus
2077 3469 2251 3560 polliceri,

1264 3574 1294 3642 si
1310 3575 1523 3642 exercendae
1540 3571 1705 3640 iuventae
1720 3571 1811 3639 ratio
1827 3569 1955 3639 melior
1972 3571 2136 3646 iniretur.
2164 3569 2251 3640 Pla-

1266 3675 1338 3746 cuit
1353 3673 1458 3742 amici
1473 3673 1682 3756 consilium,
1707 3687 1742 3742 et
1760 3671 1945 3759 negocium
1963 3697 2033 3742 una
2051 3663 2250 3743 literarium

1264 3774 1498 3864 suscepimus,
1524 3770 1585 3842 Dii
1602 3773 1737 3866 reliqua
1756 3773 1961 3848 secundent.
2000 3773 2103 3844 Nunc
2119 3797 2250 3867 quaeso

1265 3900 1326 3946 vos
1351 3875 1475 3968 quanti
1506 3877 1621 3945 facitis
1646 3871 1754 3944 huius
1776 3874 1845 3943 viri
1870 3875 2062 3958 iudicium,
2095 3899 2175 3944 cum
2211 3875 2250 3942 in

1265 3979 1344 4047 aliis
1362 3977 1560 4068 disciplinis
1576 3973 1620 4049 oti
1638 3973 1850 4074 παρέργως,
1878 3987 1953 4044 tum
1976 3977 2015 4047 in
2039 3973 2105 4046 hoc
2122 3997 2251 4066 genere

1264 4103 1402 4151 summa
1422 4103 1501 4148 cum
1526 4081 1629 4148 laude
1658 4103 1773 4148 anrros
1794 4080 1924 4170 opinor
1951 4081 2070 4148 decem
2096 4079 2252 4148 versati?

1263 4181 1343 4251 Hoc
1363 4203 1465 4270 egero
1489 4182 1670 4251 vobiscum
1694 4193 1798 4267 teste,
1823 4193 1929 4274 atque
1951 4205 1992 4249 eo
2015 4203 2099 4250 sane
2123 4180 2252 4263 iurato,

1266 4307 1338 4353 non
1359 4306 1432 4352 esse
1455 4283 1492 4350 in
1513 4277 1569 4352 his
1586 4283 1737 4372 vulgatis
1758 4283 1957 4361 stromatis,
1986 4285 2081 4376 quod
2103 4281 2250 4371 probari

1265 4387 1429 4478 cuiquam
1453 4397 1591 4476 praeter
1608 4390 1812 4472 personatos
1830 4386 2001 4479 quosdam
2025 4385 2251 4476 professores,

1264 4481 1874 4585 γαλλούςμᾶλλονῆφιλοσόφους,
1902 4499 2018 4578 queat.
2058 4483 2167 4554 lratas
2184 4479 2252 4552 ha-
2306 4509 2308 4513 ·

1265 4593 1365 4660 beam
1377 4587 1518 4672 Musas,
1544 4589 1582 4658 ni
1597 4585 1682 4658 haec
1699 4589 1745 4657 ita
1761 4591 1946 4671 darnnem,
1972 4601 2013 4658 ut
2027 4611 2092 4677 pro
2108 4585 2158 4655 eis
2174 4610 2252 4654 me-

109 4781 112 4786 *
229 4689 388 4761 lloccine
415 4703 465 4758 est
497 4691 586 4761 illud
612 4693 739 4761 doc‘cre
763 4694 859 4785 quod
893 4693 1048 4762 iactant?
1099 4690 1213 4763 Haec·
1266 4692 1354 4760 liora
1373 4691 1625 4785 foelicioraque
1642 4713 1703 4759 vos
1721 4690 1888 4780 amplecti
1904 4687 2022 4762 velim.
2080 4686 2253 4781 Alioqui

228 4793 306 4864 cine
330 4805 414 4862 sunt
437 4791 513 4861 sine
539 4792 668 4885 quibus
692 4817 840 4884 pensum
865 4793 935 4864 arti
957 4793 1083 4887 cuique
1111 4817 1212 4864 suum
1265 4795 1418 4862 liberum
1441 4817 1503 4882 per
1525 4817 1582 4861 me
1605 4793 1732 4885 cuique
1747 4791 1872 4871 fuerit,
1899 4815 2070 4883 quorsum
2086 4791 2143 4858 vel
2165 4811 2253 4860 usus

230 4893 334 4965 reddi
349 4892 500 4987 nequit?
530 4892 707 4964 Haeccine
722 4909 823 4979 sunt,
849 4919 938 4988 quae
961 4907 1033 4996 tam
1055 4896 1215 4987 splendi-
1264 4909 1386 4978 vocat,
1411 4895 1467 4962 vel
1484 4895 1668 4982 ingenium
1682 4889 1793 4963 trahit
1816 4893 1928 4992 sequi.
1980 4893 2044 4965 Sat
2070 4891 2142 4960 scio
2166 4893 2252 4959 nul-

229 4997 284 5069 dis
300 4991 553 5086 Philosophiae
570 4996 683 5066 titulis
702 4997 975 5071 auctionantur?
1016 4993 1065 5068 At
1081 5013 1214 5090 quanto
1265 4999 1338 5066 lum
1355 4997 1463 5070 fuisse
1479 4999 1656 5078 seculum,
1680 5019 1795 5088 neque
1814 4991 2034 5066 Graecorum
2050 5017 2165 5085 neque
2181 4992 2252 5062 La-

117 5139 119 5142 ·
229 5096 380 5169 minoris
397 5097 605 5168 didicissent
625 5113 718 5169 recte
744 5123 882 5190 sapere,
910 5123 1016 5192 quam
1041 5099 1211 5190 desipere.
1266 5100 1441 5182 tinorum,
1468 5099 1561 5191 quod
1583 5121 1658 5166 non
1675 5099 1721 5168 sit
1736 5097 1871 5186 egregie
1896 5090 2252 5186 n11gatumphttos0.

229 5201 298 5294 Sed
323 5194 472 5269 cohibeo
496 5199 675 5285 animum,
700 5223 866 5294 nequem
885 5203 940 5269 vel
957 5201 1132 5271 bonorum
1156 5205 1215 5273 ni·
1267 5197 1428 5292 phando,
1468 5213 1599 5268 veteres
1627 5199 1808 5292 aliquanto
1838 5223 1943 5292 quam
1966 5199 2051 5266 novi
2075 5197 2251 5266 foelicius.

229 5303 299 5371 mia
315 5299 459 5370 libertas
473 5301 641 5373 offendat.
693 5301 876 5396 Vosame
892 5303 1132 5374 adulescentes
1147 5299 1214 5374 hoc
1266 5303 1386 5392 Quare
1418 5301 1556 5371 afferas.
1577 5301 1620 5370 ad
1654 5325 1693 5369 ea
1728 5302 1861 5385 studia,
1893 5311 2054 5391 oportet,
2091 5299 2252 5366 animum

227 5399 415 5491 unumagi
431 5403 578 5496 putetis,
602 5401 727 5477 utilius
744 5429 851 5500 quam
866 5407 964 5500 quod
984 5403 1071 5482 olim
1086 5420 1214 5478 tracta·
1266 5429 1381 5476 acrem
1400 5417 1435 5475 ct
1450 5427 1588 5484 curam,
1611 5403 1739 5474 deinde
1757 5401 1968 5494 Magistrum
1980 5397 2150 5474 adhibeas
2165 5399 2253 5470 boni
