4704 5826
129 323 228 399 1021
346 360 352 368 -
534 253 1765 440 oucuueuounnannooucuwunrena.
2072 327 2170 402 1022
2304 417 2308 422 Ι

138 493 208 569 No.
227 492 312 567 180.
945 517 974 560 ι.
1001 493 1097 561 1551.
1174 483 1344 579 pientiam
1353 481 1432 572 Dei,
1453 509 1544 578 opus
1558 486 1737 572 divinum,
1760 493 2052 568 et‘testimonium
2067 519 2171 590 prae-

136 589 311 622 w-
909 582 1120 620 unm
1174 589 1308 658 sentiae
1321 584 1390 658 Dei
1404 587 1499 662 inter
1515 613 1582 660 nos
1602 613 1693 678 esre,
1718 606 1753 665 et
1774 596 1945 670 beneficia
1965 587 2087 670 divina
2114 621 2171 670 sa-

210 711 287 799 De
312 705 584 796 Emptam
611 705 746 795 Dm
777 703 1029 796 Wummb·
1173 689 1303 760 lutaris
1336 689 1460 774 nobis,
1495 691 1650 783 plurima
1675 697 1879 789 complecti,
1920 713 1956 771 et
1980 700 2168 792 praecipue

1173 805 1319 884 propter
1332 787 1449 862 Deum
1471 806 1652 882 autorem,
1678 801 1920 870 venerandum
1945 813 1980 872 ει
2001 824 2169 872 reveren-

196 880 1125 1074 Prpqiipeggpqqppffifffflffifflffigpznffiffiss
1173 904 1228 970 ter
1248 893 1423 964 tuendum
1448 917 1539 966 esse:
1571 895 1702 967 deinde
1725 901 1830 971 etiam
1854 925 1896 972 eo
1916 903 2090 973 amandus
2114 919 2167 976 est

226 1028 288 1150 qna
304 1025 372 1084 stiae
390 1019 1041 1099 „orarioromermrosueewmebmead.
1075 1022 1124 1077 ub.
1173 996 1263 1064 ordo
1287 995 1469 1086 ΡθῙῐῑῐΰΰθ,
1494 995 1577 1090 quia
1593 998 1744 1072 maxime
1761 991 1927 1076 convenil
1949 999 2088 1074 homini
2112 1005 2170 1074 in-

226 1094 392 1219 ,ffss'ssffi’
406 1090 601 1216 aquam
614 1089 935 1227 2]egeqp,³¹;2fsst²)⁸
948 1108 1123 1213 efflffi
1173 1095 1351 1187 telligere,
1375 1109 1410 1168 et
1427 1119 1546 1168 amare
1562 1100 1794 1193 sapientiam,
1819 1118 1853 1178 et
1869 1104 2068 1179 discernere
2091 1129 2170 1177 eam

230 1231 323 1288 select.
343 1229 497 1314 Declamat.
534 1227 568 1282 Τ.
586 1224 637 1282 111.
689 1227 760 1282 ,161
779 1245 841 1299 sqq.
878 1226 995 1281 Scrrcst.
1019 1227 1054 1285 Τ.
1072 1225 1122 1286 tu.
1173 1197 1392 1269 &furoribus
1414 1199 1668 1272 elmenddtllt·

225 1303 281 1425 put
283 1296 474 1427 idaim
487 1295 521 1352 Ὦ
533 1295 570 1358 11.
584 1314 613 1370 ⁹³
712 1293 900 1367 mmm&
915 1294 943 1352 ὦ
956 1296 984 1354 δ’
998 1295 1123 1354 Μεθ’
1274 1347 1345 1422 Sed
1367 1350 1479 1442 magis
1498 1362 1688 1422 moventur
1711 1347 1876 1426 homines
1897 1354 2061 1431 utilitatis
2083 1385 2172 1432 con-

649 1526 651 1531 ,
765 1547 774 1562 0
997 1543 1006 1563 .
1172 1449 1399 1526 sideratione.
1449 1449 1550 1540 Quae
1564 1475 1619 1524 res
1634 1467 1752 1526 autem
1769 1457 1840 1528 alia
1854 1459 1947 1530 vitae
1962 1461 2087 1532 utilior
2102 1476 2167 1553 est,

134 1550 265 1620 Oratio
289 1539 561 1634 deElterordo,
586 1541 697 1614 Duce
717 1539 1028 1640 Wtrlebcrpeust3
1065 1563 1123 1614 re·
1174 1577 1281 1647 quarn
1297 1547 1384 1623 haec
1405 1551 1521 1624 civilis
1539 1555 1715 1626 societas?
1767 1555 1858 1629 Nam
1881 1560 1955 1632 vita
1975 1555 2166 1634 hominum

125 1653 248 1722 uitulo
284 1667 310 1718 α
342 1641 461 1718 Dect.
494 1639 709 1716 loiaaae
739 1641 1123 1732 Schneideweta,
1173 1656 1251 1725 sine
1264 1655 1459 1725 multorum
1474 1655 1673 1727 officiorum
1689 1661 2020 1749 communicatione,
2040 1679 2074 1736 et
2089 1665 2167 1735 sine

127 1773 213 1824 cum
231 1745 379 1846 prosim
399 1747 670 1818 decerneretur
685 1747 839 1818 Ductori
857 1749 1006 1842 Georgia
1019 1747 1122 1820 Mill·
1173 1756 1355 1826 commuoi
1381 1757 1588 1827 defensione
1609 1759 1756 1830 retineri
1789 1785 2012 1858 nequaquam
2040 1781 2167 1859 potest.

128 1854 206 1944 ier,
239 1843 540 1942 Μαιιεΐεῐάειιιί,
572 1869 641 1948 αιι.
662 1844 774 1920 1552.
814 1845 875 1943 (of.
897 1851 1016 1938 Scripta
1036 1856 1122 1937 publ.
1173 1856 1266 1929 Sunt
1286 1873 1404 1928 autem
1420 1858 1524 1926 nervi
1544 1861 1718 1931 societatis
1743 1849 1853 1953 leges,
1878 1865 2046 1956 imperia,
2069 1866 2166 1938 iudi·

497 1951 538 2023 T.
550 1951 579 2024 1.
604 1977 639 2038 p.
654 1951 751 2036 414.)
1081 2003 1088 2014 ·
1173 1960 1247 2046 cia,
1266 1981 1411 2052 poenae.
1462 1955 1511 2030 Et
1533 1973 1649 2033 custos
1671 1975 1722 2033 est
1745 1958 1853 2036 huius
1872 1967 2036 2038 utilitatis
2056 1969 2165 2040 etiam

1173 2061 1248 2154 ipse
1263 2057 1378 2131 Deus:
1411 2083 1495 2129 num
1516 2074 1603 2132 tune
1624 2086 1769 2156 quoque
1788 2087 1869 2135 cum
1888 2065 2163 2157 Magistratuurn
2216 2077 2223 2090 '

1172 2163 1361 2234 autoritate
1383 2161 1555 2252 compesci
1580 2157 1745 2233 homines
1763 2165 1913 2238 violenti
1937 2191 1978 2238 ac
2005 2171 2164 2239 scelerati

1172 2287 1247 2334 non
1261 2275 1420 2355 possunt,
1444 2261 1543 2334 Deus
1556 2261 1632 2352 ipse
1640 2265 1739 2335 adest
1752 2267 1894 2353 vindex,
1918 2281 1955 2339 et
1968 2267 2072 2360 punit
2086 2293 2162 2340 sce-

1172 2367 1257 2450 lera,
1280 2364 1390 2462 simul
1404 2375 1444 2432 ut
1458 2363 1623 2434 ostendat
1636 2387 1673 2434 se
1687 2387 1761 2437 esse
1776 2367 1923 2456 iustum,
1948 2383 1982 2440 et
1997 2394 2044 2439 ιιε
2058 2371 2164 2440 dissi-

1173 2481 1294 2557 petur,
1319 2489 1360 2534 ac
1376 2463 1538 2536 deleatur
1560 2486 1672 2553 genus
1694 2459 1912 2554 humanum,
1930 2470 2023 2543 sieut
2044 2472 2164 2564 inquit

1173 2563 1362 2638 filiusDei:
1395 2563 1468 2652 Qui
1490 2564 1647 2655 gladium
1670 2570 1860 2662 acceperit,
1881 2571 1999 2660 gladio
2019 2573 2162 2664 peribit.

1173 2667 1244 2738 Nec
1260 2667 1369 2738 dubia
1393 2681 1443 2736 est
1463 2667 1603 2756 regula:
1627 2663 1775 2750 Atrocia
1796 2671 1924 2745 delicta
1945 2674 2162 2748 comitantur

1171 2783 1307 2841 atroces
1322 2791 1458 2862 poenae
1474 2767 1513 2838 in
1530 2763 1596 2840 hac
1613 2769 1698 2842 sita.

129 2105 185 2192 Ut
205 2113 307 2185 navis
327 2111 432 2190 Pauli
460 2114 500 2182 in
529 2111 656 2183 mediis
681 2113 868 2200 fluctibus,
899 2113 1025 2206 rapido
1047 2112 1124 2208 Ty-

129 2214 250 2311 phone
267 2215 424 2306 agitatis,
451 2213 514 2308 qui
530 2225 564 2284 et
580 2227 752 2285 antennas
768 2229 802 2286 et
824 2239 940 2285 remos
961 2217 1123 2306 fregerat,

127 2343 211 2390 vere
228 2331 346 2388 ιειιιειι
360 2315 483 2386 divina
500 2339 566 2407 ope
579 2329 758 2401 servatur,
781 2318 896 2386 donec
918 2317 957 2385 in
979 2329 1122 2408 portum

128 2421 243 2491 venit:
277 2417 324 2488 ita
341 2441 417 2489 non
434 2415 586 2488 dubium
604 2431 677 2502 est,
711 2415 808 2488 inter
824 2429 941 2488 tantos
958 2417 1122 2487 diabolo·

127 2547 211 2594 rum
232 2532 267 2590 et
293 2514 481 2594 hominum
499 2519 656 2597 furores,
681 2517 743 2612 qui
759 2519 931 2612 dissipare
954 2530 989 2588 et
1005 2518 1123 2588 delere

128 2644 242 2716 genus
262 2615 460 2690 humanum
483 2617 678 2699 cona'ntur,
709 2633 883 2713 quantum
906 2619 1043 2712 politici
1062 2643 1123 2690 or-

128 2724 245 2810 dinis,
277 2735 312 2792 et
332 2717 509 2792 humanae
531 2719 726 2805 societatis,
756 2718 997 2808 educationis,
1017 2721 1123 2792 insti-

128 2823 293 2908 tutionis,
318 2823 436 2913 legum
449 2835 484 2892 et
499 2820 716 2892 iudiciorum
729 2821 908 2916 reliquum
922 2817 1120 2909 cst,'aDeo
1988 2889 1991 2896 ,

128 2929 209 3020 ipso
226 2923 447 3010 conservari,
470 2935 507 2995 et
520 2921 640 3011 legum
657 2945 780 2993 vocem
795 2946 878 2994 vere
893 2946 967 2994 esse
981 2923 1123 3016 sapien·
1224 2978 1226 2986 .
1272 2915 1364 2992 Cum
1389 2919 1498 3010 igitur
1519 2921 1744 2995 manifestum
1767 2926 1831 3010 sit,
1854 2929 2017 3000 ordinem
2038 2934 2160 3025 politi-

3 3049 6 3058 .
129 3032 217 3100 tiam
235 3024 321 3110 Dei,
344 3023 527 3095 rectricem
549 3023 644 3094 vitae
666 3018 860 3110 humanae,
885 3025 930 3094 de
947 3049 1018 3118 qua
1032 3023 1124 3095 dici-
1172 3045 1253 3094 eum
1270 3022 1341 3094 Dei
1355 3043 1446 3110 opus
1459 3044 1550 3109 esse,
1573 3047 1725 3120 cumque
1739 3028 1785 3098 sit
1801 3027 1840 3098 in
1857 3045 2047 3125 conspectu
2059 3035 2162 3106 utili-

134 3143 213 3202 gur:
239 3125 310 3196 Per
329 3149 386 3194 me
400 3121 516 3214 Reges
537 3138 705 3214 regnant,
732 3137 767 3196 et
790 3124 926 3195 iudices
947 3125 1039 3197 iusta
1060 3127 1124 3194 de-
1172 3137 1244 3210 tas,
1279 3123 1513 3195 exuscitemus
1542 3125 1683 3196 animos
1701 3129 1747 3197 ad
1771 3131 2089 3206 considerationem
2124 3150 2161 3208 et

131 3241 303 3312 cernunt,
326 3239 361 3297 et
379 3225 543 3319 quidem,
567 3239 608 3296 ut
626 3239 769 3316 propter
783 3223 935 3296 Paulum
957 3225 1122 3298 laceratio
1173 3247 1330 3295 amorem
1354 3226 1444 3296 tanti
1465 3225 1570 3311 boni,
1591 3241 1626 3298 et
1647 3229 1781 3302 frenari
1797 3235 2006 3326 cupiditates
2022 3251 2161 3308 nostras

130 3331 235 3404 navis
254 3327 469 3419 impeditur,
494 3325 544 3396 ita
561 3339 600 3396 ut
615 3326 735 3415 colligi
748 3323 924 3412 Ecclesia,
949 3341 983 3396 et
997 3321 1123 3396 haere-
1172 3322 1239 3396 hae
1258 3349 1384 3396 norma
1410 3325 1531 3397 divine
1552 3327 1741 3418 patiamur.
1806 3331 1920 3427 Saepe
1944 3337 2050 3408 etiam
2079 3361 2161 3408 curn

132 3433 226 3504 ditss
248 3429 323 3500 filio
341 3426 409 3500 Dei
427 3425 552 3522 possit,
578 3449 660 3521 pars
684 3427 822 3520 generis
842 3422 992 3500 humani
1011 3427 1122 3502 aDeo
1173 3427 1356 3498 intuemur
1375 3428 1513 3498 furores
1531 3423 1716 3500 hominum
1734 3433 1956 3508 turbantium
1981 3433 2077 3509 hunc
2100 3464 2161 3509 or·

132 3546 304 3606 servatur·
469 3614 470 3618 Ἰ
1173 3529 1313 3612 dinem,
1347 3529 1447 3599 utin
1469 3530 1554 3597 navi
1574 3527 1705 3601 Paulus
1726 3533 1897 3624 iaciebat,
1930 3561 1997 3609 nos
2019 3565 2161 3636 quoque

1172 3628 1287 3702 Deum
1319 3630 1538 3700 conditorem
1569 3633 1707 3720 generis
1733 3628 1884 3712 humani
1911 3664 2070 3724 oremus,
2114 3667 2162 3712 ne

1173 3731 1340 3804 fluctibus
1356 3731 1512 3822 opprimi
1531 3726 1594 3802 has
1615 3748 1752 3806 nostras
1769 3737 1927 3827 politias,
1950 3757 2090 3815 nostras
2105 3745 2161 3814 ia-

1173 3833 1311 3915 milias,
1333 3846 1454 3904 nostra
1470 3834 1668 3925 tuguriola,
1689 3839 1820 3932 templa
1835 3853 1872 3915 et
1886 3838 2024 3914 scholas
2037 3846 2143 3920 sinat.

236 3678 334 3754 llaec
360 3699 440 3746 cum
467 3675 540 3748 sint
567 3674 771 3759 verissima,
800 3677 905 3748 valde
928 3677 1122 3750 dolendum

136 3798 210 3871 est,
239 3778 469 3882 paucissimos
489 3773 654 3848 homines
675 3799 862 3869 agnoscere
884 3781 1124 3851 conservatio·

135 3909 219 3958 nem
243 3883 336 3952 vitae
359 3879 544 3972 politicae,
568 3879 679 3970 leges,
703 3903 744 3949 ac
762 3879 914 3968 iudicia,
943 3905 1027 3952 vere
1050 3903 1124 3953 esse

136 3981 341 4082 apersDci,
364 3994 399 4050 et
413 3979 613 4052 testimonia
630 3981 847 4072 praesentiae
856 3979 923 4054 Dei
940 3983 1034 4054 inter
1048 4005 1125 4069 nos,
1278 3981 1333 4056 Te
1350 3981 1459 4074 igitur
1471 3983 1697 4076 omnipotens
1713 3983 1830 4076 Deus,
1853 4007 1994 4065 aeterne
2009 4010 2042 4068 et
2056 3998 2162 4068 unice

136 4103 173 4162 ιι
190 4089 229 4158 in
243 4087 319 4179 ipsa
332 4081 453 4167 curia,
478 4095 513 4154 et
527 4081 566 4150 in
583 4082 729 4152 lamiliis
745 4081 889 4159 nostris.
935 4081 1125 4156 Pauciores
1175 4100 1274 4181 pater
1296 4081 1446 4156 Domini
1470 4087 1584 4156 nostri
1607 4084 1684 4158 lesu
1702 4085 1855 4178 Christi,
1887 4097 2051 4170 conditor
2071 4101 2162 4171 coeli

136 4213 223 4262 vero
238 4207 357 4259 amare
370 4195 404 4255 et
418 4182 580 4252 venerari
594 4176 682 4254 haec
697 4183 820 4254 divina
841 4207 1001 4258 munera.
1053 4185 1125 4256 Sed
1176 4203 1211 4260 et
1236 4201 1370 4272 terrae,
1399 4199 1434 4257 et
1457 4180 1643 4258 hominum
1663 4203 1701 4264 ει
1723 4194 1883 4268 οιιιιιῐιιιιι
1909 4212 2163 4290 ereaturarum,

136 4289 244 4364 multi
260 4301 296 4360 et
309 4284 427 4359 Deum
448 4297 668 4356 removente
689 4285 965 4376 gubernatione,
987 4299 1024 4358 et
1043 4309 1126 4358 casu
1174 4313 1248 4362 una
1267 4309 1346 4359 cum
1370 4287 1445 4360 lilio
1469 4301 1531 4361 tuo
1545 4285 1702 4363 Domino
1724 4307 1846 4368 nostro
1864 4293 1941 4368 lesu
1958 4293 2101 4376 Christo
2128 4323 2164 4380 et

139 4391 261 4463 omnia
274 4388 374 4460 volui
388 4397 529 4478 putant.
566 4384 678 4476 Leges
694 4411 790 4476 vero,
812 4387 959 4472 iudicia,
983 4411 1127 4481 poenas,
1177 4389 1315 4484 Spiritu
1328 4404 1470 4476 saneto,
1494 4391 1654 4484 sapiens,
1680 4419 1805 4478 verax,
1826 4398 1933 4485 bone,
1958 4401 2061 4490 iuste,
2081 4405 2164 4478 viu-

138 4498 295 4567 ode'runt
325 4503 495 4582 tauquam
524 4509 717 4570 carcerem,
748 4501 784 4560 ει
810 4489 966 4581 cogitant
984 4490 1127 4562 vincula
1176 4495 1255 4578 dex,
1277 4503 1381 4577 caste,
1405 4491 1597 4576 liberrime,
1611 4519 1689 4582 oro,
1713 4510 1753 4567 ιιι
1768 4513 1912 4591 propter
1923 4501 2035 4574 filium
2052 4520 2167 4594 tuum,

138 4620 214 4669 esse
229 4605 414 4688 potentum
426 4585 586 4663 arbitriis
600 4589 823 4680 excogitata.·
1176 4591 1372 4666 Dominum
1401 4607 1561 4664 nostrum
1586 4591 1703 4694 lesum
1723 4593 1927 4688 Christum,
1960 4605 2165 4682 crucifixum

1179 4719 1244 4788 pro
1258 4694 1364 4764 nobis
1376 4705 1409 4767 et
1425 4695 1683 4784 resuscitatum,
1698 4697 2036 4793 semperEcclesiam
2051 4725 2165 4783 aeter-

1178 4821 1263 4867 nam
1285 4795 1381 4866 inter
1405 4818 1471 4866 nos
1493 4797 1654 4888 colligas,
1685 4813 1721 4871 et
1745 4803 1938 4892 gubernes,
1961 4821 1996 4878 et
2019 4825 2167 4904 propter

1179 4922 1255 4968 eam
1269 4917 1386 4968 serves
1401 4909 1437 4968 ει
1455 4911 1617 4990 protegas
1629 4893 1715 4972 haec
1732 4895 1904 4995 hospitia,
1927 4921 1962 4980 ct
1976 4903 2043 4981 hos
2057 4913 2166 4987 nidu-

1178 5000 1233 5072 los
1246 5011 1405 5090 nostros,
1431 5012 1467 5069 et
1481 4997 1574 5090 leges
1590 5013 1625 5073 et
1640 5001 1875 5096 disciplinam.

239 4743 319 4820 Etsi
336 4755 453 4815 autem
476 4765 615 4834 semper
629 4741 734 4814 multi
750 4767 855 4816 coeco
875 4745 996 4815 lurore
1011 4739 1127 4816 Deum

140 4867 175 4925 et
189 4873 245 4921 res
260 4847 401 4918 divinas
416 4839 637 4940 horribiliter
652 4857 876 4926 cotemnunt‚
902 4859 1022 4918 tamen
1032 4843 1129 4917 Deus

141 4956 182 5026 in
196 4949 289 5024 hauc
305 4971 371 5018 nos
392 4945 581 5018 stationem
602 4945 804 5034 collacavit,
828 4961 868 5018 ut
889 4948 1026 5019 furores
1047 4949 1130 5019 illos

141 5049 345 5128 constanter
365 5062 542 5130 laxemus,
565 5059 600 5117 et
623 5048 806 5120 veritatem
829 5049 1064 5132 illustremus,
1090 5063 1130 5122 ut

141 5169 261 5230 extent
282 5153 326 5222 de
348 5152 424 5244 ipso
447 5147 667 5230 testimonia,
699 5173 740 5219 ac
760 5163 800 5221 ut
815 5149 926 5244 aliqui
941 5151 1129 5238 sanabiles,
1280 5146 1379 5220 Haec
1394 5163 1476 5222 vota
1493 5147 1652 5244 quotidie
1668 5153 1760 5223 veris
1776 5157 1965 5244 gemitibus
1978 5173 2168 5258 repetenda

141 5270 262 5330 nostra
286 5247 636 5338 commonelartione
654 5249 844 5322 flectantur
875 5255 920 5322 ad
952 5253 1130 5325 virtutem.
1179 5263 1282 5331 sicut,
1308 5273 1397 5345 quae
1413 5274 1616 5346 quanquam
1629 5255 1765 5346 magnis
1779 5257 1945 5332 fluctibus
1962 5279 2081 5339 nostra
2103 5295 2169 5341 na-

142 5361 256 5452 Saepe
282 5354 392 5446 igitur
415 5350 607 5444 repetimus
636 5345 728 5421 hanc
756 5353 972 5424 verissimam
996 5355 1131 5428 doctri·
1179 5353 1234 5424 vis
1250 5364 1454 5447 quassatur,
1479 5366 1597 5425 tamen
1622 5379 1696 5426 uon
1719 5373 1825 5432 erunt
1847 5360 1958 5436 irrita.
2008 5365 2098 5443 Nota
2118 5387 2171 5445 est

143 5485 241 5548 nam,
262 5481 353 5556 quae
367 5456 657 5528 adfirmattotum
673 5455 837 5527 ordinem
851 5455 1050 5550 politicum,
1075 5479 1131 5530 sa·
1180 5455 1277 5528 enim
1303 5453 1494 5528 iuramenti
1520 5479 1605 5528 voxs
1646 5451 1763 5531 Amen
1788 5459 1907 5534 Amen
1941 5466 2022 5542 dico
2052 5474 2170 5546 vobis:
