4614 5820
71 280 138 358 557
631 287 633 290 ’
783 277 949 356 Dttct.
987 275 1063 354 DE
1098 273 1368 354 PHYSlCA.
2017 279 2093 358 558

68 481 131 526 non
152 475 272 526 omnes
295 475 456 524 exercere
488 453 636 524 eandem
665 465 778 524 artem
808 465 976 545 mount,
1005 464 1048 522 ut
1098 447 1186 519 liciis
1202 448 1361 540 obligare
1376 449 1509 520 multos
1525 465 1685 542 possent,
1711 466 1822 524 artem
1840 479 1899 530 eos
1913 454 2091 527 Medicam

66 557 262 630 Aristoteles
287 557 394 630 dixit:
430 549 487 624 Es
511 551 678 644 Agricola
700 569 735 628 et
749 552 894 628 Medico
911 566 1046 625 constet
1096 551 1141 622 ad
1161 551 1415 643 professionem
1430 547 1619 642 Evangelii
1636 552 1731 626 Deus
1751 557 1945 649 adiungere
1961 559 2088 644 voluit,

66 660 193 741 civitas,
223 659 387 752 pluribus
403 655 540 730 astibus
552 653 710 748 Reipub.
724 681 815 750 opus
834 669 898 729 est.
950 652 1045 726 'l'ra-
1096 665 1131 724 ct
1146 677 1273 724 manus
1288 677 1413 724 eorum
1428 653 1467 722 in
1483 657 1640 724 curando
1657 659 1758 729 rexit.
1803 657 1876 729 Nec
1894 661 2088 732 existimate

65 765 186 834 duntur
197 783 281 852 ergo
296 755 383 832 haec
395 757 498 830 initia
507 752 685 854 Physices,
706 781 781 830 uon
795 761 912 830 solum
922 757 1046 849 cogni·
1096 754 1304 826 indecorum
1329 755 1431 826 vobis
1454 778 1544 840 csse,
1577 771 1757 828 tantorum
1778 759 1936 832 virorum
1952 763 2087 833 imitari

65 863 177 948 honis,
209 887 272 936 seu
295 861 542 934 oblectationis
570 883 692 946 causa,
730 861 792 932 sed
816 876 858 933 ut
890 859 1045 932 serviant
1094 856 1228 942 studia,
1254 858 1317 952 qui
1335 858 1400 928 etsi
1422 857 1644 930 sustinebant
1665 861 1734 931 alia
1751 883 1899 934 munera
1916 863 2086 944 diflicilia,

28 966 173 1036 multis
193 965 285 1036 ritae
307 964 478 1055 partibus.
536 958 689 1034 Etiamsi
711 988 786 1034 non
808 985 1045 1034 omnesexer-
1096 973 1214 1034 tamen
1239 955 1387 1030 humani
1403 960 1561 1051 corporis
1576 961 1755 1053 opificium
1780 979 1815 1036 et
1827 977 2086 1057 temperamen-

64 1081 131 1136 cent
144 1067 309 1137 medendi
322 1080 453 1146 artem,
478 1077 596 1134 tanseu
613 1066 799 1147 omnibus,
825 1090 900 1136 non
914 1065 1044 1138 barba·
1096 1075 1146 1146 ta,
1169 1085 1209 1130 ac
1225 1063 1432 1132 morborum
1456 1063 1608 1132 remedia
1633 1064 1880 1156 inquirebant,
1904 1068 1995 1138 alius
2012 1067 2086 1136 for-

62 1169 127 1238 rico
141 1191 238 1238 more
261 1168 482 1250 viventibus,
507 1189 598 1257 opus
620 1179 671 1238 est
688 1170 839 1261 quadam
861 1166 1043 1238 communi
1095 1179 1185 1234 tasse
1199 1163 1269 1233 alio
1288 1163 1498 1234 studiosius:
1532 1166 1591 1234 sed
1612 1178 1731 1235 tamen
1754 1162 1845 1236 hanc
1860 1155 2085 1238 communem

11 1341 12 1348 g
63 1269 227 1354 doctrina,
254 1273 299 1340 de
320 1291 509 1362 corporum
532 1267 747 1356 seminibus,
773 1293 863 1364 quae
878 1291 1044 1340 vocamus
1095 1259 1281 1358 Physicam
1305 1288 1429 1335 omnes
1451 1265 1647 1353 callebant,
1678 1291 1768 1359 quae
1792 1269 1868 1339 sine
1883 1269 1995 1341 literis
2011 1294 2085 1338 non

61 1367 253 1458 Elementa,
288 1373 333 1442 de
358 1370 661 1460 temperamentis,
686 1373 732 1442 de
752 1373 993 1444 membrorum
1008 1385 1042 1442 et
1095 1367 1253 1442 discitur.
1313 1367 1369 1440 Sit
1400 1369 1508 1457 igitur
1535 1363 1620 1439 hacc
1647 1369 1762 1460 prima
1795 1371 1949 1456 utilitas,
1988 1372 2085 1465 quod

62 1496 263 1559 organorum
286 1473 325 1543 in
348 1468 495 1544 homine
518 1472 761 1544 functionibus
775 1487 811 1544 ct
829 1486 974 1556 natura,
998 1473 1043 1542 de
1094 1471 1267 1564 quaedam
1293 1467 1495 1540 Medicinae
1524 1472 1697 1562 particula
1727 1485 1790 1545 est.
1832 1472 1925 1546 'Sed
1951 1486 2086 1542 suntet
2160 1515 2164 1520 -

63 1576 160 1644 causis
183 1575 409 1659 morborum,
441 1574 569 1644 addam
600 1575 773 1666 amplius,
811 1577 857 1645 de
886 1574 1043 1646 motibus
1095 1571 1184 1640 aliae
1208 1571 1339 1642 multae
1362 1597 1506 1656 causae,
1541 1597 1605 1642 cur
1626 1573 1908 1646 adolescentibus
1934 1571 2085 1670 Physica

63 1678 157 1761 coeli,
182 1692 213 1748 et
240 1680 348 1747 variis
372 1677 574 1757 effectibus,
597 1677 660 1770 qui
684 1694 802 1750 motus
819 1677 1044 1748 comitantur.
1096 1675 1293 1746 traduntur.
1353 1673 1479 1745 Manat
1502 1675 1586 1742 inde
1616 1697 1695 1765 pars
1725 1699 1852 1766 magna
1873 1677 2085 1770 disputatio—

62 1775 146 1848 Haec
167 1780 314 1849 memini
342 1779 451 1850 fuisse
480 1777 679 1848 doctrinam
704 1779 811 1852 etiam
836 1779 1043 1850 matrumfa-
1096 1799 1182 1846 num
1203 1770 1419 1862 ethicarum,
1448 1777 1531 1870 quia
1551 1801 1675 1848 musae
1699 1777 1869 1848 virtutum
1896 1779 1934 1847 in
1957 1793 2085 1848 natura

63 1881 182 1964 miliae,
206 1882 291 1974 quia
314 1885 358 1950 ad
378 1880 618 1952 valetudinem
641 1883 807 1952 tuendam
834 1883 932 1953 etad
955 1881 1044 1950 edu·
1095 1873 1250 1947 hominis
1273 1879 1495 1971 quaerendae
1517 1893 1611 1948 sunt.
1666 1877 1789 1972 ltaque
1812 1893 1846 1950 ct
1867 1882 1905 1950 in
1931 1880 2085 1970 negociis

63 1971 222 2052 cntionem
239 1983 434 2053 necessaria
451 1995 512 2052 est.
549 1979 748 2054 Domestica
763 1985 915 2076 quadam
929 1983 1044 2054 scicn-
1095 1977 1260 2050 civilibus
1273 2003 1375 2071 saepe
1390 1981 1526 2074 aliquid
1543 1975 1741 2074 ebeysica
1755 1983 1915 2052 doctrina
1925 1981 2085 2071 decerpi-

63 2083 104 2152 tia
121 2085 267 2154 tuendae
293 2084 509 2155 valetudinis
535 2097 571 2154 et
586 2086 731 2172 regendi
749 2087 861 2157 victus
877 2085 1044 2156 omnibus
1094 2095 1164 2152 tur·
1213 2077 1263 2151 Et
1278 2079 1379 2154 Plato
1395 2082 1528 2176 inquit:
1561 2079 1724 2152 Periclen
1745 2082 1826 2154 ideo
1842 2083 2119 2154 antecelluisse

63 2207 138 2274 opus
163 2199 224 2259 est.
276 2183 321 2256 Et
347 2189 505 2258 literatos
528 2187 627 2256 decet
649 2209 751 2258 nosse
776 2187 891 2260 fontes
916 2182 1043 2257 harum
1095 2182 1240 2267 cacteris
1253 2177 1487 2270 Oratoribus,
1520 2185 1617 2278 quod
1630 2177 1876 2275 Anaxagoram
1894 2180 2085 2277 Physicum

63 2286 350 2375 disputationum,
383 2289 446 2382 qui
468 2287 607 2359 etiamsi
629 2281 797 2358 videntur
821 2289 955 2380 exigui,
988 2301 1043 2360 ta-
1093 2285 1250 2356 studiose
1277 2287 1450 2359 audierat.
1510 2284 1609 2374 Quid
1644 2288 1738 2378 quod
1766 2287 1903 2358 erudita
1935 2283 2085 2382 Physica

63 2411 133 2456 men
155 2413 300 2460 monere
322 2392 497 2460 studiosos
519 2389 630 2459 srrulta
656 2405 813 2480 possunt.
871 2389 954 2460 Non
971 2402 1044 2460 erat
1095 2387 1200 2456 etiam
1218 2387 1403 2458 confirmat
1420 2384 1584 2458 honestas
1606 2387 1797 2458 sententias
1813 2391 1858 2458 de
1879 2390 1958 2458 Deo
1985 2403 2019 2457 et
2041 2391 2086 2456 dc

63 2489 266 2579 professione
287 2489 451 2562 Medicus
469 2489 600 2576 Varro,
630 2494 691 2562 sed
716 2505 832 2562 tamen
856 2495 993 2564 ratione
1010 2503 1045 2562 ct
1095 2487 1329 2581 providentia.
1386 2487 1478 2561 Nam
1505 2514 1547 2560 cx
1567 2489 1789 2560 doctrinade
1811 2489 2086 2561 causisratioci-

63 2591 229 2680 diligentia
246 2593 286 2661 iu
298 2593 498 2684 provincia,
523 2613 614 2684 quae
629 2607 703 2664 erat
718 2593 844 2666 infesta
860 2596 918 2664 lue
935 2593 1043 2685 pesti·
1095 2615 1223 2662 namcrr
1242 2613 1314 2660 esse
1339 2605 1517 2662 aeternam
1537 2606 1709 2677 mentem,
1740 2615 1867 2677 unam,
1892 2591 2085 2662 immensae

63 2693 153 2779 lenti,
176 2695 224 2766 ita
241 2696 394 2766 servavit
409 2719 446 2764 se
465 2709 499 2765 et
512 2693 730 2766 consitutum.
784 2693 889 2766 lussit
906 2695 1043 2765 obstrui
1096 2692 1293 2785 potentiae,
1316 2695 1509 2784 sapientem
1526 2719 1567 2762 ac
1590 2694 1780 2786 optimam,
1806 2707 1840 2764 et
1855 2709 1896 2764 nt
1909 2689 2009 2764 Plato
2028 2692 2085 2760 in-

63 2817 169 2864 omncs
191 2797 383 2880 fenestras,
415 2807 555 2888 praeter
584 2795 752 2881 Arctoas,
783 2801 879 2866 unde
907 2798 1043 2888 spirant
1094 2796 1192 2886 quit,
1216 2793 1302 2862 boni
1326 2817 1466 2864 causam
1490 2796 1528 2864 in
1554 2811 1691 2867 natura.
1742 2791 1925 2866 Necnihil
1944 2797 2086 2886 prodest

64 2895 232 2984 rigidiores
265 2890 376 2971 venti.
452 2894 651 2966 Consilium
694 2897 730 2966 id
770 2921 811 2966 ex
844 2899 1043 2990 puerilibus
1094 2901 1139 2964 ad
1162 2893 1404 2986 disciplinam,
1436 2896 1629 2966 imbecilles
1650 2921 1690 2966 ac
1718 2897 1925 2986 languentes
1948 2897 2086 2964 animos

63 3000 258 3090 praeceptis,
293 3025 384 3093 quae
404 2998 443 3068 in
462 2995 613 3092 Physica
635 3000 680 3067 de
705 3013 892 3070 ventorum
915 3000 1043 3071 discri-
1095 2992 1152 3068 his
1177 2997 1395 3087 argumentis
1423 2998 1641 3070 confirmare.
1701 2995 1782 3070 Non
1807 3023 1888 3070 raro
1912 2998 1987 3090 ipse
2011 3023 2086 3064 sne-

63 3098 145 3168 mine
174 3103 383 3188 traduntur,
416 3112 596 3193 sumptum
630 3113 726 3192 erat,
763 3114 805 3173 ut
837 3124 960 3172 omnes
986 3101 1043 3170 iu·
1094 3123 1174 3170 cum
1189 3122 1313 3168 omnes
1325 3095 1559 3194 Physicorum
1570 3101 1743 3185 rationes,
1767 3102 1811 3170 de
1827 3098 1923 3186 Deo,
1947 3099 2087 3188 colligo,

62 3201 212 3291 telligitis.
1093 3215 1134 3272 ut
1152 3200 1322 3272 falsarum
1337 3201 1549 3291 opinionum
1572 3203 1795 3293 praestigias,
1816 3225 1904 3296 quas
1919 3197 2087 3294 Epicurei

151 3301 281 3376 Narrat
298 3301 459 3375 Galenus
479 3298 679 3373 Antonium
703 3298 956 3397 Imperatorem
976 3303 1041 3374 de-
1093 3315 1155 3374 aut
1178 3301 1380 3372 Academici
1402 3303 1514 3376 oculis
1537 3298 1723 3374 hominum
1747 3305 1958 3382 offcmdunt,
1989 3304 2086 3372 refu-

64 3403 177 3491 pellere
191 3406 385 3478 cruditates
403 3403 591 3476 ventriculi
607 3404 772 3486 solitum,
798 3405 917 3478 inedia
934 3406 1042 3477 unius
1094 3419 1168 3476 tare
1189 3403 1318 3474 clarius
1343 3405 1489 3495 possim.
1542 3399 1721 3476 Discirnus
1750 3432 1791 3476 es
1823 3401 1981 3500 Physicis
2011 3428 2084 3474 non
2160 3429 2163 3437 ·

64 3504 140 3590 diei,
171 3521 204 3578 et
224 3503 449 3578 haurientem
474 3502 641 3602 cyathum
667 3505 762 3590 viui,
796 3510 852 3578 cui
875 3509 1042 3602 aliquan·
1094 3531 1195 3599 posse
1210 3506 1466 3594 intelligentem
1485 3519 1648 3576 naturam
1665 3508 1925 3590 oririabruto,
1949 3519 2011 3574 aut
2026 3530 2085 3574 ca-

65 3618 127 3674 tum
149 3609 281 3700 piperis
304 3609 478 3700 inspersit.
535 3603 735 3678 Domestica
754 3601 958 3694 suuthaec,
981 3613 1040 3679 secl
1092 3635 1134 3680 su
1154 3607 1262 3680 nasci.
1320 3606 1426 3678 Mens
1448 3602 1603 3685 humana
1631 3623 1701 3694 cst,
1732 3609 1933 3698 intelligens
1948 3620 2085 3690 natura,

64 3721 97 3776 ut
110 3723 197 3780 recte
212 3725 356 3781 utamur
369 3710 447 3780 sine
459 3703 623 3805 Physices
637 3709 857 3799 cognitione,
877 3711 952 3780 fieri
968 3736 1040 3781 non
1093 3725 1128 3782 et
1150 3709 1295 3802 quidem
1323 3709 1544 3781 immutabile
1564 3710 1756 3792 discrimen
1789 3706 2017 3780 honestorum
2050 3722 2086 3780 et
2128 3723 2133 3734 '

64 3823 172 3897 potest.
221 3811 313 3883 Nam
333 3809 520 3882 Antonino
542 3835 666 3881 causae
689 3815 913 3906 quaerendae
929 3826 1041 3894 erant,
1092 3811 1270 3902 turpium,
1302 3801 1590 3896 nascens'secum
1610 3813 1736 3888 adfert.
1787 3811 1935 3886 Necesse
1951 3809 2084 3900 estigi-

63 3913 226 3982 currehus
242 3939 333 4006 pene
348 3913 650 3984 inflammantibus
661 3925 832 3984 uteretur.
865 3913 1042 3984 Animad-
1092 3927 1152 3984 tur
1173 3937 1193 3982 a
1216 3927 1335 3983 mente
1355 3912 1473 4007 aliqua
1488 3915 1739 4005 praestantiore
1758 3940 1798 3986 ac
1811 3928 1953 3985 aeterna
1969 3925 2084 3982 ortam
2197 3911 2199 3917 ’

64 4013 154 4084 rectit
182 4015 292 4102 igitur
321 4039 362 4085 ex
393 4015 581 4084 ventriculi
604 4011 734 4102 frigore
755 4015 822 4086 sibi
849 4017 1042 4088 cruditates
1073 4013 1176 4086 csse.
1207 4011 1776 4101 Quisautemnonvidetaliorum
1793 4031 2084 4104 argumentorum

64 4113 148 4186 oriri.
200 4115 319 4206 Quam
342 4117 474 4188 multos
498 4141 633 4206 possem
649 4117 796 4186 recitare
813 4114 929 4188 Duces
944 4132 1040 4188 vete·
1092 4115 1338 4204 cogitationem
1354 4118 1546 4186 admodum
1560 4117 1683 4186 utilem
1700 4119 1797 4186 esse?
1827 4115 1896 4188 Sed
1910 4116 2084 4186 assentior

64 4237 109 4283 res
125 4231 156 4288 et
179 4233 358 4302 recentes,
393 4219 458 4312 qui
478 4219 542 4289 etsi
568 4217 786 4288 Medicinam
809 4243 883 4289 non
900 4244 1041 4290 exerce·
1092 4220 1261 4307 regendas
1284 4239 1358 4286 esse
1387 4217 1616 4305 cogitationes
1641 4243 1727 4288 voce
1752 4217 1917 4302 coelesti,
1948 4218 2096 4312 inqua.

63 4316 156 4406 bant,
181 4335 301 4392 censen
321 4314 387 4390 hac
408 4315 639 4412 Philosophia
660 4333 695 4390 et
709 4341 811 4405 suae,
836 4336 869 4392 et
887 4322 1039 4392 aliorum
1091 4317 1188 4391 Deus
1203 4317 1313 4407 magis
1336 4321 1518 4410 perspicue
1544 4335 1577 4389 et
1600 4335 1762 4390 naturam
1786 4345 1885 4390 suam
1903 4334 1937 4392 et
1952 4319 2082 4388 volun·

64 4419 154 4490 saluti
175 4423 426 4496 ,consulebanc
485 4417 681 4492 Alexandri
710 4423 778 4493 fuit
803 4424 972 4492 exisninm
1001 4425 1039 4494 iu
1092 4437 1197 4494 tatem
1215 4421 1384 4514 patefecit.
1441 4419 1555 4489 Venio
1574 4421 1682 4510 igitur
1696 4425 1738 4490 ad
1756 4417 1933 4493 Ecclesiae
1949 4422 2083 4491 doctri·

50 4507 120 4608 ‚hbe
140 4545 264 4612 genere
284 4524 463 4610 studium,
495 4524 557 4617 qui
581 4524 730 4608 sciebat,
761 4521 1040 4598 etAchillema
1091 4549 1186 4598 nam.
1236 4519 1312 4593 Etsi
1327 4521 1400 4592 seio
1414 4523 1500 4592 olim
1519 4518 1728 4593 Maniclseos
1743 4541 1776 4593 et
1795 4525 1981 4618 plerosque
1993 4523 2082 4593 alios

62 4615 202 4694 Chirone
223 4625 440 4696 Medicinam
465 4625 648 4711 didicisse,
677 4639 718 4696 ut
732 4629 825 4717 apud
842 4625 1038 4698 Homerum
1089 4627 1279 4698 fascinatos
1299 4623 1436 4694 deliriis
1457 4625 1637 4711 fanaticis,
1666 4627 1818 4696 movisse
1842 4628 2001 4716 ingentes
2023 4639 2083 4694 tu-

63 4719 206 4808 legimus.
263 4725 336 4798 Nec
362 4751 425 4814 ego
449 4752 547 4797 nunc
576 4731 620 4796 de
653 4727 786 4817 integra
813 4726 1037 4799 Medicorum
1090 4729 1224 4800 multus
1245 4728 1283 4796 in
1307 4723 1482 4810 Ecclesia,
1518 4728 1613 4796 male
1647 4729 1819 4800 contestis
1848 4722 2081 4823 Physicorurn

65 4838 126 4892 arte
146 4827 288 4922 loquor,
320 4831 365 4900 de
389 4824 455 4898 hac
474 4830 654 4900 conunuui
679 4843 715 4901 et
728 4831 954 4900 oeconomica
973 4834 1039 4900 do·
1091 4829 1285 4912 sententiis,
1310 4843 1427 4898 tamen
1443 4822 1536 4898 nihil
1551 4830 1699 4899 dubium
1714 4845 1782 4916 est,
1807 4827 1984 4900 Ecclesiae
1998 4853 2081 4898 eru-

65 4925 161 4997 ctrina
182 4931 333 5016 dissero,
358 4956 428 5024 qua
451 4957 570 5002 carere
593 4957 665 5000 saon
686 4955 889 5023 possumus,
914 4934 944 5002 si
964 4958 1037 5007 rson
1090 4933 1161 5002 dita
1179 4947 1212 5001 et
1235 4930 1370 5000 sincera
1392 4927 1542 5024 Physica
1570 4953 1659 5022 opus
1681 4955 1767 5005 csse.
1818 4929 1938 5024 siqui
1961 4930 2080 5020 inepte

66 5047 191 5115 prorsus
210 5033 368 5104 belluino
381 5057 481 5104 nsore
500 5033 618 5104 vivere
632 5035 807 5106 volumus.
1089 5032 1294 5106 tumultuati
1316 5046 1417 5116 sunt,
1447 5027 1634 5102 hominum
1657 5033 1758 5102 fssror
1779 5033 1994 5104 execrandus
2017 5048 2080 5114 est,

151 5130 288 5204 Addam
304 5149 340 5208 et
354 5135 512 5226 exempla
530 5131 717 5206 Ecclesiae.
769 5132 866 5206 llaec
878 5133 953 5227 ipsa
971 5137 1039 5206 do-
1089 5160 1163 5206 uon
1185 5157 1243 5205 ars
1264 5131 1516 5224 vituperanda,
1540 5159 1646 5228 quam
1667 5135 1721 5204 illi
1741 5133 1807 5225 ipsi
1827 5133 2000 5222 flagitiose
2016 5137 2080 5203 de-

66 5229 162 5302 ctrina
177 5231 323 5333 Physica
340 5238 483 5328 propria
498 5232 716 5321 fuitNobae,
741 5233 924 5319 Abrabae,
947 5235 1038 5308 Pro·
1088 5239 1296 5329 peccabant.
1348 5231 1396 5307 Et
1415 5235 1554 5309 facilius
1575 5237 1720 5306 rescituri
1742 5251 1908 5328 possum,
1934 5237 2082 5328 prolatis

67 5323 232 5416 pbetamm
259 5353 294 5410 et
327 5335 596 5429 Apostolorum.
655 5335 747 5409 Nam
765 5352 818 5412 ut
847 5340 1037 5414 autoritate
1087 5337 1181 5411 veris
1200 5337 1576 5428 demonstrationibus.
1633 5333 1806 5429 Exempla
1828 5338 1935 5410 etiam
1959 5352 2081 5408 osten-

67 5429 168 5528 sliqua
181 5439 375 5514 eminerent
389 5439 485 5510 inter
499 5455 653 5511 caeteros
673 5435 855 5530 homines,
880 5455 914 5516 et
925 5446 1036 5514 bene·
1087 5443 1200 5528 durat,
1224 5464 1299 5510 non
1315 5439 1471 5532 potuisse
1485 5439 1693 5532 interpretes
1708 5455 1842 5512 veteres
1857 5463 1975 5514 carere
1983 5434 2082 5535 Phy-
