4704 5826
150 305 252 380 104⁸
677 293 840 372 DECL.
872 293 946 370 DE
979 294 1361 374 ΝΑΤΙῊΤΑΤΕ
1393 295 1657 376 ΕΗΗΙΒΤΙ.·
1886 317 1892 332 ’
2091 301 2192 380 tota

146 481 326 550 immensa
336 473 514 559 bonitate,
542 484 577 542 et
595 471 752 542 clamasti
766 471 811 542 de
823 470 898 542 lilio
913 483 975 543 tuo
984 467 1142 541 Domino
1195 471 1260 542 stri
1287 470 1504 554 miserearis,‘
1532 483 1566 542 rt
1593 493 1659 544 nos
1681 485 1716 542 et
1737 466 1829 542 hanc
1849 485 1962 544 totam
1984 469 2195 554 Ecclesiam,

148 595 272 654 nostro
283 575 364 648 lesu
372 571 538 659 Christo,
561 570 669 644 Hunc
685 573 817 655 audite,
840 575 1008 645 conditor
1023 587 1058 644 et
1071 595 1144 644 sar·
1194 566 1353 644 scholam
1374 588 1409 644 et
1430 573 1591 665 politiam
1611 572 1749 667 Spiritu
1771 588 1915 662 sancto
1908 587 1972 644 tuo
1988 597 2105 664 regas,
2126 600 2193 648 nec

149 697 252 756 vator
260 678 429 752 omnium
444 699 585 762 rernm,
611 697 692 746 cum
704 673 779 744 filio
794 687 856 746 tuo
873 671 1144 748 coaeternoDo-
1195 675 1290 746 sinas
1312 673 1475 746 Tuscicis
1504 675 1612 746 armis
1640 689 1701 747 ant
1731 675 1811 746 aliis
1843 675 2058 746 tumultibus
2078 677 2209 762 deleri·

148 787 249 857 mino
263 795 386 853 nostro
405 777 485 850 Iesu
497 730 663 858 Christo,
688 789 722 848 et
738 775 876 870 Spiritu
892 791 1014 848 sancto
1031 778 1144 849 effuso
1194 777 1288 848 inter
1310 800 1379 860 nos
1393 799 1525 848 nomen
1542 791 1576 846 et
1593 777 1792 848 doctrinam
1810 777 1875 847 lilii
1892 781 1945 849 tui
1960 763 2109 848 Domini
2124 803 2194 849 no-

129 891 190 958 ‘in
189 883 406 1008 Apostolos,
431 902 585 964 oramus,
608 893 649 950 ut
665 893 811 971 propter
826 879 941 950 filium
957 893 1059 951 tuum
1069 878 1145 952 Do-
1195 878 1261 951 stri
1278 879 1358 950 lesu
1373 873 1520 950 Christi.
1571 877 1642 950 Sed
1664 875 1723 949 hic
1738 875 1918 952 Ecclesiae
1940 895 2020 951 tuae
2038 883 2194 952 semina-

149 991 288 1062 minum
311 999 475 1056 nostrum
497 979 614 1052 lesum
635 974 836 1073 Christum,
868 1005 976 1076 quem
1000 983 1145 1053 voluisti
1194 982 1247 1052 ria
1268 996 1303 1051 et
1326 972 1381 1051 tui
1401 977 1589 1070 Evangelii
1614 981 1727 1052 lucem
1752 985 1795 1052 ad
1821 983 2072 1094 illustrandam
2094 997 2195 1056 tuam

150 1103 217 1186 p'ro
240 1088 345 1162 nobis
367 1109 440 1158 esse
462 1085 642 1156 victimam
660 1079 785 1177 ἱκέτην
801 1079 864 1156 καὶ
878 1079 1053 1180 μεσίτην,
1078 1111 1145 1156 no-
1195 1083 1346 1175 gloriam
1363 1097 1534 1176 perpetuo
1551 1106 1688 1163 serves,
1723 1079 1853 1158 Amen.

999 1397 1045 1404 ....
1058 1395 1365 1407 .---.--.-.-.-..,...-

425 1621 704 1707 nnnmuau
732 1622 981 1690 animari
1011 1619 1413 1688 unnaurnoura
1443 1619 1921 1690 nncnanarronus
2022 1575 2024 1578 ’

740 1827 784 1882 nt
811 1825 1038 1880 vultuum
1061 1821 1320 1878 nuonttcuto
1344 1823 1613 1885 SEQUEN'HJR.

926 4949 1437 4971 Ἥ

1081 5083 1270 5158 nm

809 5203 939 5252 raras
967 5203 1225 5254 nausson
1256 5203 1544 5254 ornamus.
