4704 5826
186 299 264 380 oso
641 283 802 399 naon
835 279 910 364 nu
945 279 1175 360 toauun
1208 285 1359 368 ouen
1392 287 1517 364 sax.
1552 287 1756 369 saner.
2156 301 2236 378 sao

189 469 270 544 lesti
290 463 447 542 Ecclesia
466 461 647 548 totorum,
673 461 860 534 utiterum
878 458 1184 532 dulcissimacon·
1237 461 1418 534 laudanda
1434 475 1503 548 est,
1534 466 1631 556 quod
1652 487 1726 536 non
1747 466 1862 540 voluit
1881 469 2021 542 misceri
2043 471 2234 564 opiniones

189 570 378 648 suetudine
403 567 579 636 truantur.
640 563 733 636 Cum
757 561 868 654 igitur
881 559 1084 635 l'ridericns
1106 573 1189 636 tan·
1237 565 1459 656 peregrinas,
1484 577 1519 636 et
1533 565 1679 638 inutiles
1693 563 1892 657 Ecclesiae,
1918 595 1999 642 com
2019 586 2140 644 tamen
2155 598 2235 646 mo-
2347 561 2348 590 l

192 697 301 772 quam
323 693 364 742 ex
380 664 447 740 hac
461 665 612 738 statione
633 667 808 738 abductus
825 677 933 750 esset,
958 661 1110 736 loannes
1124 685 1188 754 pa-
1238 667 1282 736 tis
1305 665 1606 760 disputationibus
1634 681 1721 740 tunc
1749 693 1875 762 magna
1902 687 1991 746 esset
2017 675 2236 766 opinionum
2347 681 2348 696 ¹

192 777 281 850 triae
296 773 392 845 solus
409 769 572 863 praefuit.
1238 769 1402 840 varietas:
1423 771 1485 838 sed
1500 769 1639 842 curavit
1655 785 1693 842 nt
1709 795 1766 842 res
1779 777 1994 846 necessariae
2006 777 2235 848 illustraren-

297 873 405 946 Plebe
422 895 504 944 mox
529 883 690 942 revocata
706 869 751 940 ad
769 869 945 954 silicium,
971 891 1061 961 quse
1085 867 1189 937 illum
1238 885 1314 956 tur,
1340 885 1374 944 et
1389 884 1520 942 extaret
1532 872 1647 942 torma
1661 874 1842 947 doctrinae
1857 879 1901 946 de
1915 878 2082 949 omnibus
2098 881 2234 950 artion-

194 997 407 1076 quoeuuqne
422 996 458 1044 se
475 973 667 1062 vertebat,
680 972 890 1062 agnoscebat
905 983 938 1042 et
954 970 1190 1040 venerabatur
1238 973 1295 1058 lis,
1317 997 1423 1066 quam
1439 973 1574 1043 etaliae
1589 969 1767 1046 Ecclesiae
1782 977 1840 1068 pie
1853 979 1953 1072 sequi
1969 993 2123 1070 possem,
2142 982 2236 1051 sicut

194 1097 235 1155 ιιι
252 1091 402 1174 patrem,
423 1089 459 1146 et
474 1099 571 1146 mma
584 1097 705 1144 errore
719 1086 877 1164 sumpta,
902 1085 1028 1164 sponte
1044 1069 1188 1142 abiicie·
1238 1087 1354 1168 poetes
1373 1070 1463 1144 hanc
1478 1097 1638 1144 normam
1662 1076 1752 1146 aliae
1765 1079 1926 1168 regiones
1946 1095 1981 1152 et
1995 1079 2235 1174 Respublicae

194 1185 272 1256 bat:
300 1179 415 1272 prima
431 1178 549 1248 statim
564 1199 647 1246 eura
660 1175 749 1260 tuit,
771 1175 861 1246 utin
880 1188 952 1244 tota
967 1173 1103 1244 ditione
1119 1167 1189 1242 Ec-
1238 1191 1374 1248 mentae
1397 1189 1490 1246 sunt.
1542 1173 1682 1248 Deinde
1704 1193 1739 1249 et
1760 1182 1957 1252 constantin
1977 1183 2158 1253 laudanda
2180 1197 2236 1254 est

195 1283 321 1357 clesiae
343 1279 613 1371 inspicerentur.
672 1275 764 1348 Nam
789 1293 831 1351 et
852 1289 945 1346 recte
968 1275 1190 1366 intelligebat
1238 1279 1277 1348 in
1297 1279 1553 1348 asseveratione
1575 1281 1756 1351 doctrinae
1781 1305 1883 1352 verae
1906 1297 1940 1354 et
1966 1283 2148 1368 salutaris,
2180 1297 2234 1354 est

195 1389 271 1481 ipse
285 1382 484 1456 doctrinam
499 1382 543 1450 de
555 1377 650 1466 Deo,
675 1393 709 1449 et
722 1375 839 1450 Deum
856 1401 938 1447 vera
950 1378 1080 1470 pietate
1093 1375 1188 1446 cole·
1238 1395 1273 1452 et
1287 1403 1349 1452 sna
1367 1380 1443 1450 laus
1460 1381 1670 1466 modestiae,
1697 1385 1793 1475 quod
1807 1407 1911 1454 mmo
1929 1385 2024 1476 pacis
2039 1386 2236 1456 studiosior

195 1492 275 1573 hat,
301 1509 341 1556 ac
363 1507 466 1554 mane
486 1481 647 1575 quotidie
671 1481 716 1550 ad
740 1503 838 1552 suam
865 1479 1103 1570 precationem
1125 1479 1189 1546 ad·
1237 1482 1316 1568 luit,
1341 1483 1438 1574 quod
1455 1483 1622 1566 ostendit,
1647 1507 1725 1552 cum
1742 1484 1822 1554 aliis
1835 1509 1932 1556 arma
1947 1510 2068 1558 errore
2082 1499 2236 1578 sumpta,

196 1589 384 1680 iungebat,
414 1607 593 1656 sacrorum
615 1584 790 1654 librorum
816 1581 1016 1656 lectionem.
1074 1579 1189 1650 Norat
1238 1585 1312 1676 ipse
1328 1583 1426 1654 velut
1443 1585 1487 1654 de
1505 1583 1668 1654 manibus
1690 1587 1845 1660 extorsit.
1893 1585 1983 1660 Erat
2001 1589 2170 1672 omnino,
2193 1603 2234 1657 nt

60 1731 65 1740 ·
196 1693 306 1784 igitur
331 1687 561 1782 praecipuum
589 1709 662 1756 esse
684 1683 840 1756 officium
863 1683 1024 1756 omnium
1053 1681 1187 1774 princi·
1238 1684 1536 1756 Lacedaemonios
1551 1685 1672 1758 laudat
1686 1681 1927 1782 Thucydides,
1953 1682 2235 1786 φιλήσυχοςιιαὶ

196 1817 301 1888 pum,
333 1813 459 1860 sonare
481 1789 520 1856 in
543 1809 669 1877 genere
694 1781 850 1856 hnmano
875 1809 996 1864 vocem
1017 1783 1189 1873 divinam,
1238 1779 1469 1882 δραστήριος.
1520 1783 1714 1858 Evidentia
1736 1804 1853 1860 antem
1878 1791 2033 1862 veritatis
2056 1805 2156 1862 tanta
2182 1804 2235 1860 est

197 1911 368 1968 etcurare
390 1904 430 1962 ut
451 1890 603 1982 populus
624 1900 716 1960 recte
731 1888 910 1958 doceatur.
964 1885 1070 1956 Dedit
1087 1907 1189 1954 man·
1238 1889 1277 1958 in
1293 1889 1522 1974 confessione,
1548 1891 1901 1962 conferentibuseam
1916 1894 2105 1976 adientes,
2130 1893 2236 1962 vide·
2349 1933 2350 1948 ι

197 2000 278 2069 data
295 1993 508 2076 liberaliter,
534 2005 573 2062 ut
591 1989 860 2082 praeficerentur
880 1989 1001 2056 idonei
1012 1985 1187 2070 Pastores,
1239 1991 1320 2060 licet
1329 1992 1372 2059 ad
1382 1991 1579 2060 doctrinam
1596 1992 1762 2062 traditam
1771 2017 1833 2083 per
1847 1993 1959 2064 lilium
1970 1991 2049 2074 Dei,
2071 1991 2235 2086 Prophe-

197 2113 233 2170 et
249 2095 433 2188 egentibus
447 2089 615 2164 Ecclesiis
631 2093 765 2162 reditus
780 2089 1070 2160 attribuerentur.
1238 2107 1290 2163 tas
1305 2090 1550 2184 etApostolos,
1573 2105 1608 2164 et
1623 2095 1667 2162 ad
1680 2095 1852 2188 symbola,
1879 2108 1918 2164 nt
1930 2093 2037 2166 bonis
2051 2098 2235 2168 mentibus

301 2195 343 2268 ln
367 2217 408 2268 ea
428 2194 662 2286 inspectione,
688 2198 768 2262 edm
789 2187 963 2262 Gotthani
985 2206 1020 2262 et
1045 2191 1188 2262 lsenna-
1238 2193 1410 2264 iudicium
1428 2217 1501 2264 non
1518 2195 1564 2265 sit
1577 2194 1733 2270 difficile.
1768 2194 1890 2290 ltaque
1905 2219 2111 2290 quanquam
2126 2197 2234 2268 multi

197 2321 316 2374 censes
332 2311 493 2390 peterent
506 2293 706 2366 confirmari
721 2295 949 2364 donationem
967 2289 1188 2386 quaeEccle·
1238 2295 1415 2389 cyclopico
1433 2309 1636 2387 contemptu
1654 2297 1719 2368 Dei
1736 2297 1891 2389 (semper
1906 2298 2001 2367 enim
2022 2299 2148 2371 talium
2165 2298 2235 2368 eli-

197 2406 259 2476 siis
280 2401 370 2473 lacta
392 2411 487 2484 erat,
514 2412 549 2468 et
571 2399 609 2466 in
632 2396 744 2468 literis
768 2395 970 2466 recitassent
987 2393 1190 2466 Fridericus
1238 2421 1306 2490 qna
1329 2411 1380 2468 est
1408 2399 1619 2490 multitudo)
1650 2401 1901 2484 adversantur,
1934 2413 2051 2470 umen
2073 2422 2140 2470 nos
2167 2396 2234 2470 bec

140 2522 145 2540 ¹
174 2501 390 2600 Myconius
420 2515 454 2573 et
485 2498 603 2570 Iustus
635 2497 779 2568 Meuius
808 2497 942 2568 dictum
968 2499 1065 2590 quod
1097 2509 1189 2565 extat
1238 2499 1479 2568 consolatione
1494 2513 1745 2570 sustentemus:
1777 2499 1884 2588 Quod
1902 2513 1954 2570 est
1978 2499 2132 2584 exDeo,
2157 2525 2233 2570 uon

196 2607 293 2700 apud
309 2599 470 2686 Esaiam
494 2623 592 2692 reges
610 2613 714 2670 erunt
731 2600 923 2670 nutritores
938 2594 1128 2678 Ecclesiae,
1155 2610 1189 2666 et
1238 2599 1464 2674 dissolvetur.
1515 2597 1562 2671 Et
1581 2602 1742 2672 videmus
1757 2599 1822 2672 Dei
1841 2603 2011 2674 benedicio
2028 2605 2234 2672 conservari
2350 2659 2351 2666 ,

197 2708 339 2799 reginae
365 2703 538 2776 nutrices:
572 2715 606 2771 et
624 2701 863 2792 scripsissent,
896 2695 962 2770 hoc
978 2699 1072 2770 dicto
1091 2723 1188 2770 eom·
1238 2695 1332 2770 banc
1347 2701 1558 2776 doctrinam.
1609 2701 1682 2774 Nec
1698 2727 1781 2774 vero
1798 2705 1980 2793 negligens
1994 2717 2070 2774 erat
2084 2703 2124 2774 in
2142 2703 2234 2774 iuris

197 2807 381 2880 moneberi
417 2805 594 2898 principes
625 2816 661 2873 et
687 2801 922 2893 respublicas,
965 2815 1006 2872 ut
1036 2801 1188 2890 cogitent
1238 2803 1393 2874 dictione
1409 2805 1562 2894 politica,
1588 2817 1624 2875 et
1640 2806 1679 2876 in
1693 2807 1843 2894 regenda
1861 2805 2059 2895 disciplina.
2105 2803 2148 2876 lu
2166 2801 2234 2876 ho-

196 2913 278 2983 ideo
300 2932 411 3001 genus
430 2903 625 2979 humanum
648 2904 866 2982 conservari,
892 2914 925 2972 et
947 2905 1187 2974 consociatum
1238 2903 1385 2974 micidas
1412 2920 1447 2976 et
1476 2907 1514 2976 in
1537 2901 1703 2978 moechos
1723 2903 1942 2976 severissime
1968 2907 2234 2976 animadverte-

198 3037 271 3084 esse
286 3009 463 3104 imperiis,
488 3020 529 3078 ut
545 3009 630 3078 inde
648 3006 834 3096 colligatur
849 3001 1016 3074 Ecclesia.
1069 3001 1188 3091 Quare
1238 3007 1310 3074 bat.
1364 3004 1505 3076 Civium
1523 3008 1781 3079 controversias
1797 3009 2234 3100 summsaeqnitstediri·

196 3113 425 3208 praecipuum
448 3111 496 3180 sit
518 3131 649 3177 munus
672 3106 890 3197 principum,
923 3105 1106 3174 consulere
1134 3103 1188 3172 illi
1238 3108 1366 3180 mebat.
1416 3105 1465 3180 Et
1487 3111 1706 3198 gubernabat
1728 3104 1815 3180 haee
1836 3109 1983 3180 consilia
1999 3110 2056 3178 vir
2078 3110 2234 3198 sapiens,

197 3215 292 3309 parti
314 3209 521 3289 bominum,
560 3223 594 3280 et
617 3221 730 3297 tegere
750 3231 790 3276 ac
812 3209 930 3276 fovere
954 3203 1128 3276 Ecclesiae
1154 3219 1188 3276 et
1238 3209 1399 3280 eruditus
1425 3223 1460 3280 et
1487 3211 1600 3282 iustus
1615 3210 1812 3282 Pontanus:
1840 3224 1874 3280 et
1889 3206 2154 3282 adhibebantur
2170 3211 2233 3279 alii

198 3339 319 3388 earum
337 3313 516 3386 Doctores.
570 3307 647 3380 Hac
664 3305 791 3378 Esaiae
807 3307 980 3380 sententia
999 3331 1086 3401 quae
1103 3321 1187 3378 tunc
1238 3311 1366 3381 eruditi
1383 3311 1469 3396 viri,
1495 3328 1535 3386 ut
1560 3313 1730 3383 iudicium
1753 3335 1937 3382 consessus
1957 3310 2234 3385 eruditaeAca-

198 3419 359 3489 nondum
385 3437 487 3506 saepe
503 3413 606 3484 citata
624 3425 716 3494 erat,
743 3411 790 3480 ita
809 3412 999 3480 delectatus
1017 3423 1068 3482 est
1082 3407 1187 3478 Prin·
1237 3412 1374 3482 demine
1396 3413 1521 3482 similis
1543 3429 1640 3488 esset.
1692 3411 1767 3486 Etsi
1786 3427 1902 3484 antem
1920 3427 2047 3484 natura
2072 3413 2234 3484 liberalis

198 3541 296 3612 ceps,
327 3541 409 3586 mox
433 3528 473 3586 ut
497 3514 638 3584 iusserit
663 3513 731 3581 sibi
756 3513 871 3582 locum
896 3512 934 3580 in
957 3510 1060 3582 Esaia
1084 3533 1186 3580 mon·
1238 3527 1329 3598 erat,
1353 3527 1387 3584 et
1409 3516 1687 3588 munificentiam
1711 3539 1790 3604 erga
1816 3515 1992 3607 principes
2014 3515 2234 3608 aliquosde-

197 3621 313 3700 strari,
339 3631 375 3688 et
390 3616 616 3688 donationem
633 3615 783 3704 benigne
799 3613 1031 3684 confirmavit.
1084 3609 1186 3682 Talia
1238 3615 1401 3686 claravit:
1428 3630 1545 3686 tamen
1561 3618 1985 3707 restringebatsumptus,
2011 3641 2056 3686 ue
2074 3631 2137 3686 ant
2151 3639 2234 3686 aere

198 3713 1187 3818 pietatisetbenebcentlaeipsiuscxemplamultaomitto.
1237 3717 1353 3786 alieno
1382 3718 1532 3809 patriam
1555 3733 1734 3802 oneraret,
1768 3733 1828 3788 aut
1855 3741 1968 3788 novae
1997 3717 2233 3808 expilationes

197 3825 324 3896 &ruta
339 3835 391 3893 est
405 3833 525 3912 postea
539 3819 677 3888 obsidio
693 3816 864 3900 Viennae,
890 3841 961 3909 quo
976 3816 1014 3884 in
1029 3815 1187 3908 periculo
1236 3818 1401 3888 miseram
1423 3821 1562 3910 plebem
1586 3824 1677 3892 lame
1700 3833 1884 3904 necarent,
1914 3817 1968 3890 Ac
1993 3819 2073 3888 talis
2091 3819 2132 3888 in
2157 3833 2232 3890 tota

195 3928 271 4016 ipse
292 3937 327 3994 et
347 3921 429 3993 Dux
449 3919 625 4011 Georgius
648 3941 792 4007 magnas
816 3918 933 4008 copias
957 3919 1002 3988 ad
1027 3915 1187 3986 Viennae
1237 3919 1310 3990 vita
1323 3921 1403 4008 suit,
1424 3945 1607 4015 nunquam
1626 3921 1878 4014 voluptatibus,
1903 3945 2088 4014 nunquam
2106 3920 2160 3990 ira
2174 3921 2233 3988 vel

196 4025 439 4098 defensionem
456 4023 526 4093 cito
541 4023 723 4090 miseruut.
777 4019 849 4089 Nec
864 4020 936 4088 olla
961 4018 1000 4087 iu
1024 4041 1061 4088 re
1075 4017 1187 4088 defuit
1237 4021 1447 4108 ambitione,
1474 4025 1530 4092 vel
1556 4025 1746 4116 cupiditate
1767 4024 1943 4092 vindictae
1965 4024 2077 4093 victus
2098 4023 2231 4092 disces-

196 4131 272 4200 eius
287 4127 440 4198 officium
456 4123 636 4196 communi
654 4121 759 4192 saluti
775 4118 1006 4192 Germaniae:
1031 4144 1187 4190 summa·
1237 4122 1317 4193 sita
1337 4147 1421 4197 sese.
1595 4207 1600 4218 ·

196 4255 264 4324 que
280 4231 348 4300 tide
361 4225 516 4310 Caesari,
542 4238 727 4319 quaesunt
742 4221 915 4308 Caesaris,
941 4221 1073 4306 etDeo,
1096 4245 1187 4316 quae
1339 4223 1391 4296 Ac
1406 4249 1507 4318 saepe
1520 4223 1609 4296 mihi
1625 4229 1669 4297 de
1685 4251 1726 4296 eo
1742 4227 1929 4316 cogitanti,
1954 4227 2054 4297 venit
2071 4227 2111 4294 in
2129 4249 2233 4294 men·

110 4365 117 4372 ·
194 4331 264 4404 Dei
284 4343 386 4414 sunt,
409 4329 620 4420 praestabat.
671 4324 796 4396 Postea
820 4325 928 4415 igitur
949 4324 987 4394 in
1008 4335 1187 4394 conivente
1237 4340 1307 4398 tem
1324 4327 1526 4398 dulcissima
1541 4329 1732 4420 descriptio
1749 4327 1864 4398 Marci
1880 4325 2071 4407 Antonini,
2098 4329 2232 4418 dequo

194 4433 422 4524 Augustano,
446 4429 512 4500 etsi
535 4429 646 4500 multa
664 4440 798 4498 tentata
819 4429 959 4497 suntad
978 4425 1187 4496 euminfle-
1237 4425 1333 4498 Dion
1356 4429 1490 4522 inquit:
1529 4427 1665 4502 Similis
1693 4431 1758 4498 sibi
1787 4431 1853 4521 ipsi
1882 4453 2020 4520 semper
2042 4429 2132 4517 luit,
2165 4451 2233 4497 nec

195 4537 381 4614 cteudum,
407 4545 447 4602 ut
461 4531 650 4622 puritatem
666 4530 847 4602 doctrinae
862 4553 968 4623 quam
986 4543 1071 4600 tunc
1088 4550 1187 4596 rece·
1236 4543 1391 4600 mutatus
1414 4545 1465 4600 est
1487 4555 1557 4600 una
1581 4531 1618 4602 in
1633 4557 1672 4601 re
1688 4555 1855 4624 nuquam.
1879 4547 1954 4602 erat
1967 4544 2084 4600 antem
2102 4529 2233 4612 bonus,

193 4654 304 4730 perat,
326 4649 359 4706 et
373 4647 467 4704 recte
483 4633 714 4722 intelligebat,
734 4631 914 4700 abiiceret:
937 4643 1055 4700 tamen
1068 4628 1186 4698 omni·
1237 4645 1271 4702 et
1288 4627 1379 4700 nihil
1398 4648 1470 4704 erat
1487 4657 1560 4702 nou
1580 4635 1757 4714 nativum,
1786 4628 1878 4702 nihil
1894 4645 2006 4702 astute
2023 4632 2232 4701 simulatum

193 4742 261 4811 bus
284 4736 449 4832 periculis
470 4736 728 4805 consessionem
754 4733 910 4802 veritatis
934 4729 1121 4823 praetulit,
1146 4753 1186 4800 ac
1237 4743 1298 4802 aut
1313 4735 1497 4804 adscitum.
1534 4733 1633 4804 'Dalis
1648 4735 1804 4826 prolecto
1822 4748 1897 4804 erat
1910 4748 1943 4804 et
1958 4731 2038 4804 Dux
2053 4732 2231 4802 Saxouiae

194 4865 296 4934 saepe
311 4853 457 4913 testatus
469 4851 537 4920 est,
559 4861 595 4907 se
613 4859 727 4928 neque
744 4833 964 4918 curiositate,
991 4855 1106 4926 neque
1123 4856 1185 4902 cu-
1238 4833 1388 4904 loannes
1410 4833 1565 4909 Elector.
1609 4833 1733 4906 Exitus
1751 4837 1856 4906 etiam
1878 4837 2037 4924 placidus
2055 4834 2134 4906 suit.
2176 4830 2232 4903 Ac

194 4945 342 5037 piditate
355 4943 440 5024 ulla,
464 4963 579 5032 neque
593 4938 711 5008 studio
726 4937 1186 5007 contentionisaconsensu
1237 4937 1348 5006 animi
1378 4938 1661 5030 aequabilitatem
1693 4937 1731 5004 in
1761 4933 1896 5008 lithiasi
1923 4951 1958 5008 et
1984 4937 2064 5006 aliis
2094 4937 2231 5006 morbis

194 5061 247 5118 tot
270 5045 469 5117 seculorum
495 5053 528 5110 et
549 5039 708 5129 gentium
728 5038 941 5108 discessisse:
967 5039 1029 5106 sed
1051 5061 1087 5106 se
1105 5059 1186 5104 mo·
1237 5051 1322 5108 tunc
1344 5063 1485 5133 qatoque
1505 5039 1676 5132 praestitit
1701 5037 1878 5109 eximiam.
1938 5035 2028 5108 Nam
2051 5051 2230 5128 postremo

105 5179 107 5182 ·
194 5149 270 5217 veri
286 5142 516 5216 severissimis
530 5137 598 5210 Dei
613 5141 808 5228 mandatis,
835 5164 879 5209 ne
893 5139 1030 5230 agnitae
1045 5137 1186 5208 veritati
1236 5141 1385 5210 biennio
1401 5155 1479 5232 post
1503 5141 1795 5222 climacterieum,
1822 5139 1985 5210 videlicet
2002 5151 2080 5228 post
2096 5161 2231 5208 annum

195 5249 416 5330 adversetur,
441 5267 547 5336 seque
564 5241 732 5312 incautis
754 5241 906 5331 politicis
925 5241 1094 5310 omnibns
1116 5239 1202 5318 im·,
1237 5243 1357 5312 aetatis
1378 5243 1489 5332 ipsius
1510 5242 1760 5331 sexagesimum
1780 5242 1944 5320 tertium,
1969 5241 2137 5310 valetudo
2155 5254 2232 5310 erat

196 5350 352 5438 peratori
381 5347 420 5414 in
443 5357 516 5415 tota
539 5345 612 5414 vita
633 5355 835 5413 reverenter
861 5342 1186 5432 obtemperaturum
1236 5343 1420 5434 incertior,
1442 5369 1513 5438 qno
1538 5359 1695 5435 tempore
1718 5339 1811 5412 bane
1827 5343 2038 5414 levationem
2062 5343 2229 5411 dolorum

196 5468 282 5520 esse.
334 5444 378 5514 ln
391 5442 456 5515 hac
472 5444 690 5516 confessione
703 5444 863 5536 primum
878 5441 1062 5532 diligentia
1077 5440 1189 5537 ipsius
1236 5447 1426 5538 quaerebat
1440 5447 1675 5539 praecipuam,
1699 5445 1877 5538 colloquia
1891 5444 1978 5514 alias
1993 5467 2073 5513 ctam
2090 5443 2230 5514 filiabus
