4646 5824
65 273 153 347 sot
488 269 663 360 ‚uses
694 271 1011 358 suniero:
1056 217 1725 368 rosor'vsnrausa'ere
1852 273 1857 286 '
2049 303 2126 384 soe

65 441 220 516 ratione
236 449 598 542 eausae'quaerettdae
614 447 717 535 aunt,
742 451 928 544 ‚quomodo
944 462 978 522 et
993 448 1078 545 qul·
1127 447 1172 518 ira
1185 469 1262 520 mea
1281 445 1319 518 in
1336 471 1396 520 ure
1408 461 1482 524 tuo,
1533 447 1694 526 Sciamus
1706 455 1908 536 doctrinam
1920 489 1941 543 a
1953 463 2032 544 Deo
2047 487 2121 550 tra·

65 545 145 616 bus
160 547 421 618 ductoribusad
438 543 533 618 hunc
548 549 653 620 linem
667 552 845 642 perveniri
860 553 980 645 possit.
1016 547 1076 625 Au
1127 549 1256 635 dium,
1284 549 1365 620 aliis
1403 557 1670 644 proponendam
1705 579 1799 647 esse,
1831 591 1904 638 non
1938 572 2119 665 liugandau

66 651 118 720 acl
138 644 448 720 omneslsomines
471 650 799 742 pertineat'tautura
814 655 969 728 munus?
1006 651 1075 725 Hic
1127 651 1313 744 opiniones
1338 666 1469 724 ,nostra
1499 655 1719 746 curiositate,
1753 666 1808 736 vel
1838 671 2002 761 audacia,
2041 703 2117 752 non

26 743 38 759 ⁸
67 751 226 822 initium
249 751 445 824 sententiae
467 753 765 828 considerandum
786 770 848 828 est.
902 753 952 835 Ut
967 755 1078 848 possit
1127 754 1385 844 amplectendas
1405 777 1479 828 esse
1508 761 1725 850 corruptelas
1748 777 2027 849 accommodatas
2051 805 2117 874 po-

68 875 192 942 genus
214 845 412 926 humanum
435 855 480 924 ad
498 853 606 927 vitam
621 859 804 930 coelestem
819 859 955 943 redire,
980 855 1077 931 Deus
1127 868 1263 928 tentum
1286 856 1561 946 cupiditatibus,
1591 875 1766 936 uteorum
1785 873 1931 958 gratiam
1945 878 2118 974 ineamus,

69 955 255 1026 immensa
269 953 510 1028 misericordia
520 957 788 1048 promissionem
801 961 930 1046 edidit,
953 959 990 1028 in
1006 983 1076 1054 qua
1125 971 1168 1030 ut
1183 977 1285 1048 saepe
1302 957 1440 1030 accidit.
1970 1043 1973 1049 y

67 1057 205 1130 juram
220 1056 390 1142 affirmat,
412 1081 449 1131 ,ρ
469 1072 615 1150 propser
635 1059 767 1146 fitium,
790 1062 922 1154 quipse
937 1059 1076 1132 Media.
1177 1111 1180 1114 .
1226 1056 1357 1148 Magna
1376 1056 1569 1130 multitudo
1587 1060 1655 1134 luit
1671 1088 1712 1136 ex
1727 1071 1850 1142 multis
1866 1078 2030 1166 gentibus
2043 1089 2118 1160 col-

70 1173 157 1242 tor,
182 1172 217 1230 et
243 1182 306 1250 pro
333 1159 440 1236 uobis
466 1159 608 1233 victima
629 1163 743 1234 iactus
760 1177 827 1248 est,
852 1175 1075 1254 recepturum
1126 1159 1235 1240 lecta,
1264 1183 1361 1258 ,quse
1393 1173 1543 1231 sluluam
1578 1165 1670 1254 regia
1701 1165 1910 1266 Babylonici
1942 1183 2116 1262 adoravit.

72 1283 156 1330 esse
179 1281 323 1346 omncs,
353 1261 416 1354 qui
444 1261 491 1332 ad
520 1256 615 1334 hunc
636 1263 750 1336 filium
775 1267 1007 1356 confugiunt,
1040 1279 1075 1338 et
1126 1259 1237 1332 Mulli
1269 1257 1393 1331 ludaei
1423 1255 1657 1337 Bacchanalia
1692 1267 1926 1370 lerotulytuse
1956 1286 2116 1362 celebra-

69 1361 212 1432 aducis
242 1361 308 1432 titii
340 1365 509 1445 creduut,
554 1365 782 1438 iustissimam
822 1367 911 1438 iram
941 1365 1075 1438 aeterni
1125 1376 1228 1450 runt,
1252 1375 1294 1433 ut
1308 1357 1490 1434 Antiocho
1506 1380 1643 1454 gratum
1661 1370 1826 1450 iacerent.

71 1461 198 1536 Patris
227 1465 399 1557 placatam
427 1489 512 1542 esse.
577 1463 654 1538 Hac
677 1469 911 1560 promissione
939 1491 1076 1560 semper
1228 1461 1312 1534 Fuit
1331 1460 1508 1536 Erebolus
1528 1468 1671 1562 quidam
1694 1491 1835 1562 orator,
1862 1485 1924 1576 qui
1947 1509 2116 1582 regnante

74 1565 167 1636 inde
188 1590 298 1660 usque
320 1567 552 1656 optimorum
577 1584 761 1660 parentum
780 1571 885 1661 lapan
898 1569 1075 1643 revocavit
1125 1561 1348 1652 Constantio,
1371 1581 1410 1638 ut
1423 1568 1558 1658 gratior
1575 1587 1664 1642 esset
1681 1571 1905 1670 imperatori,
1931 1591 2044 1668 voluit
2057 1597 2115 1668 in-

73 1669 179 1738 adse
204 1663 517 1742 omneshomines.
568 1667 659 1744 Cum
680 1673 774 1742 enim
793 1670 888 1744 Deus
902 1671 947 1745 sit
966 1671 1076 1742 veris-
1125 1667 1192 1740 seri
1213 1661 1392 1740 Ecclesiae
1414 1663 1561 1743 Christi.
1621 1671 1745 1748 Postea
1775 1701 1944 1774 regnante
1964 1691 2116 1788 iuliano,

73 1770 170 1839 sime
199 1767 329 1856 iustus,
358 1769 540 1864 aequalem
562 1795 652 1858 esse,
682 1787 717 1846 et
738 1774 815 1846 aine
834 1777 1075 1870 προσωπολη-
1127 1767 1350 1860 imperatoris
1372 1769 1544 1862 impietati
1565 1776 1757 1868 applausit,
1793 1799 1827 1856 et
1848 1811 1970 1864 rursus
1998 1799 2115 1889 palam

72 1865 154 1966 ψία
173 1895 247 1942 non
268 1871 420 1944 dubium
441 1887 501 1944 est.
563 1872 679 1946 Vocat
696 1899 841 1964 omnes,
867 1890 901 1947 et
917 1877 1011 1970 quod
1030 1878 1073 1946 ad
1125 1865 1237 1940 hoelis
1258 1871 1326 1942 suit
1350 1867 1657 1964 Christianorum,
1683 1885 1717 1954 et
1741 1871 1921 1960 saevitiam
1946 1899 2116 1989 adversus

76 1973 196 2065 ipsius
220 1973 441 2048 voluntatem
464 1971 610 2062 attinet,
636 1978 713 2050 vult
735 1979 903 2052 omnibus
926 1979 1074 2050 reddere
1124 1997 1184 2044 eos
1201 1972 1350 2046 adiuvit.
1399 1969 1544 2046 Tertius
1559 1975 1753 2072 imperator
1775 2005 1914 2063 secutus
1932 1993 2114 2077 lovianns·

76 2075 247 2146 alutem,
972 2145 978 2156 ,
1123 2067 1221 2143 laune
1236 2087 1276 2144 ut
1292 2075 1442 2168 placaret
1458 2077 1600 2165 iratum,
1625 2083 1732 2154 rediit
1748 2089 1791 2157 ad
1805 2088 2037 2202 Christianos,
2058 2063 2116 2178 re..

183 2175 258 2248 Nec
280 2176 450 2250 audiendi
475 2192 558 2252 sunt
575 2177 702 2266 Stoici,
727 2179 789 2275 qui
806 2177 1073 2270 linguntlleum
1124 2175 1298 2266 ligionum
1321 2177 1470 2270 speciem
1490 2201 1629 2274 semper
1645 2187 1693 2256 ad
1717 2201 1928 2284 temperaret
1949 2201 2115 2282 dominos

79 2277 308 2374 inaequalem
329 2303 422 2364 esse,
451 2295 485 2352 et
510 2304 638 2372 paucos
660 2283 832 2376 quosdam
853 2283 892 2352 in
908 2283 1074 2356 latalibus
1124 2280 1404 2350 accommodans.
1716 2293 1718 2303 “
2098 2289 2102 2324 ³

76 2381 213 2452 tabulis
227 2381 424 2471 scripsisse,
447 2407 537 2478 quos
551 2383 659 2454 etiam
674 2383 805 2456 invitos
821 2400 856 2458 et
873 2409 1074 2478 repugnan-
1121 2405 1125 2410 ·
1225 2379 1307 2452 Non
1332 2393 1495 2474 putemus
1516 2397 1631 2454 autem
1650 2411 1778 2479 paucos
1799 2411 1858 2468 aut
1876 2397 2102 2486 iuissd'antea

79 2495 137 2552 tes
151 2485 195 2554 ad
211 2505 247 2554 se
264 2477 450 2569 attrahat„
464 2499 618 2558 caeteros
639 2511 721 2558 vero
737 2487 856 2575 reiici,
878 2487 1015 2560 etiamsi
1030 2488 1073 2558 ad
1125 2491 1187 2554 aut
1201 2507 1297 2552 nune
1313 2506 1386 2553 esse
1402 2479 1592 2573 Ecebolos,
1618 2491 1680 2586 qui
1697 2515 1733 2561 se
1748 2497 1792 2564 ad
1815 2519 2031 2588 praesentem
2048 2469 2116 2608 po:

77 2583 196 2656 filium
212 2585 430 2676 confugiant,
1125 2585 1270 2657 tentiam
1289 2583 1492 2672 inflectunt,
1520 2599 1553 2658 et
1575 2591 1725 2682 speciem
1747 2597 1958 2688 religionum
1977 2626 2115 2691 mutant

184 2684 452 2762 Removeantur
474 2681 541 2758 trae
563 2686 703 2760 Stoicae
721 2689 1015 2781 imaginationes,
1040 2704 1075 2762 et
1126 2711 1191 2781 pro
1206 2687 1436 2777 temporibus,
1461 2703 1499 2758 ut
1509 2685 1745 2764 Chamaeleon
1762 2691 2040 2784 subinde'atium'
2054 2742 2115 2788 co-

79 2789 233 2860 sciamus
247 2786 364 2860 Deum
378 2790 550 2859 immensa
565 2791 808 2864 misericordia
825 2793 992 2866 omnibus
1007 2787 1071 2864 ho·
1126 2789 1237 2860 lorem
1254 2787 1382 2858 induit.
1432 2785 1624 2881 Praecipue
1638 2809 1754 2868 autem
1774 2801 1855 2874 talis
1877 2800 2114 2892 inconstantia

81 2891 242 2961 minibus
264 2891 449 2985 aequalem
470 2913 553 2962 esse.
615 2890 686 2974 Sed
710 2895 805 2988 quod
828 2894 934 2966 multi
956 2918 1076 2987 asper·
1126 2891 1163 2960 in
1180 2890 1385 2959 doctoribus
1399 2891 1594 2983 perniciosa
1610 2909 1680 2983 est,
1707 2911 1746 2970 ut
1763 2925 1864 2998 saepe
1886 2899 2041 2989 ostendii
2056 2947 2116 2992 ex·

75 3006 356 3074 nanturvocem
379 2993 559 3078 divinam,
592 2993 631 3065 id
653 2991 1076 3087 lithominumculpaet
1126 2989 1312 3087 perieulis·
1948 3008 1960 3026 ”
2002 3013 2026 3092 ,“
2084 3001 2088 3020 ’

80 3095 316 3170 coutumacia.
377 3093 514 3170 luteres
547 3109 666 3168 tamen
697 3121 838 3189 semper
868 3098 996 3192 aliquis
1024 3112 1076 3171 est
1229 3091 1350 3184 Quare
1364 3115 1445 3180 vos,
1472 3095 1641 3166 carissimi
1661 3099 1803 3188 iratres,
1829 3095 1975 3205 propter
1996 3089 2116 3198 Deum

80 3210 221 3280 coetus,
246 3195 307 3290 qui
332 3220 453 3266 vocem
473 3197 631 3268 divinam
650 3199 767 3281 audit,
793 3213 826 3270 et
841 3201 1076 3291 promissione
1126 3209 1160 3267 et
1184 3210 1329 3288 propter
1346 3197 1494 3267 salutem
1511 3215 1683 3288 vestram,
1707 3221 1740 3275 et
1762 3221 1909 3302 propter'
1920 3197 2130 3302 Ecclesiam!

82 3297 207 3368 divina
232 3298 480 3383 confirmatus,
518 3297 651 3386 lilium,
690 3297 887 3371 Dominum
912 3316 1074 3372 nostrum
1125 3299 1293 3383 obtestor,
1309 3311 1348 3369 ut
1365 3321 1537 3369 memores
1554 3296 1660 3374 huius
1674 3305 1777 3390 dicti:
1801 3304 1900 3386 Pono
1916 3325 2020 3394 verba
2037 3304 2115 3405 mea

83 3395 200 3469 lesum
224 3391 408 3470 Christum
430 3402 607 3492 agnoscit,
645 3415 680 3472 et
704 3405 748 3472 ad
782 3402 897 3474 Deum
928 3403 1073 3484 aceedit,
1126 3401 1240 3470 inore
1255 3413 1327 3472 tuo.
1357 3395 1529 3471 Custodes
1545 3403 1796 3481 vocisdivinae
1809 3423 1979 3492 maneatis
1994 3413 2114 3503 fideles

83 3523 235 3598 uimque
263 3525 343 3572 vere
373 3501 532 3585 invocat,
564 3517 598 3574 et
621 3503 653 3574 ei
673 3503 914 3597 obtemperare
937 3505 1074 3597 incipit.
1125 3516 1160 3574 et
1183 3501 1297 3582 firmi,
1336 3523 1401 3569 nec
1434 3501 1540 3571 eliam
1569 3507 1765 3580 doctrinam
1792 3535 2007 3606 pugnantem
2033 3555 2114 3606 cum

84 3599 153 3672 Hic
173 3615 292 3672 coetus
314 3617 366 3674 est
385 3598 542 3674 Ecclesia
564 3602 630 3676 Dei
651 3606 810 3698 propria,
836 3621 870 3676 et
884 3621 935 3678 est
948 3601 1074 3678 hortus
1125 3599 1340 3692 Evangelio,
1366 3607 1461 3695 quod
1481 3604 1548 3696 ipsi
1566 3599 1734 3680 haetenus
1749 3615 1936 3707 docuistis,
1963 3639 2001 3697 et'
2018 3634 2115 3706 scitis

85 3704 339 3789 illecoelestis,
364 3705 494 3798 dequo
511 3705 597 3776 dixi.
657 3705 717 3780 Sic
738 3707 847 3798 igitur
869 3703 1073 3780 huichorto
1125 3715 1206 3774 vere
1222 3701 1288 3773 Dei
1304 3727 1425 3772 vocem
1443 3727 1526 3791 esse,
1551 3707 1740 3799 recipiatis.
1793 3711 1973 3797 Omnibus
1986 3737 2114 3806 'aetati-

84 3808 227 3900 plantae
250 3805 475 3892 inseruntur,
507 3807 557 3877 sie
586 3809 802 3896 educuntur;
836 3810 886 3878 sic
911 3804 1074 3880 homines
1126 3809 1192 3877 bus
1216 3805 1378 3876 diabolus
1402 3805 1592 3879 insidiatur
1612 3805 1788 3886 Ecclesiae
1802 3815 1888 3909 Dei,
1911 3843 1944 3898 et
1967 3835 2115 3912 artificia

84 3911 128 3980 ad
145 3903 260 3978 Deum
274 3909 444 3986 redeunt,
471 3909 554 4002 quia
569 3909 664 3982 Deus
680 3911 754 4002 ipse
770 3911 968 3995 ministros,
995 3925 1076 3982 tan-
1125 3921 1237 3979 tcntat
1259 3909 1375 3992 varia,
1406 3921 1446 3979 ut
1473 3912 1668 4002 praestigiis
1692 3919 1820 3991 obruat
1846 3927 2047 4022 veritatem,
2079 3957 2114 4014 et

85 4033 189 4106 qoam
213 4001 307 4080 horti
336 4011 391 4080 sui
416 4008 592 4095 Colouos,
624 4013 828 4106 constituit,
857 4036 947 4107 quos
976 4012 1075 4086 iubet
1124 4007 1240 4081 Deum
1274 4011 1487 4080 contumelia
1522 4013 1667 4102 alliciat,
1711 4033 1746 4090 et
1780 4025 1911 4097 multos
1952 4025 2113 4116 homines

84 4135 210 4182 sonare
227 4135 346 4180 vocem
363 4107 548 4202 Evangelii
564 4111 631 4186 sui.
680 4110 1075 4186 HacvocedivinaEr-
1125 4109 1238 4182 aDeo
1253 4111 1392 4182 avellat.
1445 4111 1564 4201 Quare
1580 4139 1651 4185 non
1674 4119 1912 4199 existimemus
1937 4127 2003 4207 hoc
2025 4156 2115 4214 tem.

86 4213 190 4284 clesia
203 4211 394 4301 colligitur.
448 4211 532 4286 ldeu
548 4211 667 4306 iuquit
681 4219 774 4306 apud
790 4213 950 4288 Esaiam:
971 4216 1073 4287 Pooo
1125 4237 1211 4306 pore
1226 4210 1319 4282 nihil
1335 4235 1408 4282 csse
1424 4215 1582 4304 periculi,
1611 4221 1671 4288 sed
1690 4247 1755 4310 nos
1770 4208 1865 4317 ipsos
1880 4239 2112 4322 exuscitemoe

87 4315 192 4385 verba
214 4337 292 4384 mea
320 4314 358 4384 in
388 4339 449 4384 ore
472 4329 546 4388 tuo.
609 4312 800 4406 Colligitur
824 4315 983 4388 Ecclesia
1005 4315 1074 4390 Dei
1125 4317 1169 4386 ad
1193 4313 1361 4386 maiorem
1389 4315 1608 4406 vigilantiam
1637 4320 1675 4390 in
1705 4329 1870 4401 cavendis
1897 4333 2101 4430 imposturis

85 4431 245 4500 aeterna,
278 4439 353 4484 non
383 4409 569 4488 hominum
602 4417 794 4510 sapientia,
827 4443 903 4489 non
937 4420 1075 4509 legibus
1125 4431 1160 4487 et
1180 4419 1224 4486 ad
1249 4439 1368 4487 curam
1392 4418 1568 4506 cogitandi
1587 4423 1632 4491 de
1647 4421 1807 4500 sontibus
1822 4433 2013 4514 doctrinae.
2064 4406 2114 4525 El

86 4518 228 4592 Solonis
242 4531 301 4588 ant
317 4513 488 4610 Lycurgi,
515 4543 588 4590 noo
604 4521 752 4590 decretis
768 4518 924 4610 Regum,
949 4519 1075 4592 Ponti·
1125 4519 1230 4589 simul
1247 4541 1387 4589 oremus
1407 4519 1518 4590 filium
1532 4519 1619 4610 Dei,
1644 4550 1687 4596 ne
1706 4530 1799 4603 sinat
1819 4537 1976 4630 extingui
1996 4545 2112 4625 lucem

86 4624 211 4705 ticum,
249 4617 478 4710 Principum,
518 4635 580 4690 aut
608 4621 784 4706 ullorum,
827 4622 987 4716 quamvis
1018 4648 1076 4692 sa·
1126 4621 1309 4691 doctrinae
1329 4643 1409 4688 snae
1431 4620 1469 4689 in
1500 4617 1554 4694 his
1577 4626 1797 4718 regionibus,
1831 4637 1919 4712 sicut
1940 4645 1984 4715 de
2007 4648 2112 4729 Petro

87 4725 265 4816 pientum,
295 4721 420 4792 alienis
444 4723 488 4792 ab
513 4718 724 4814 Evangelio,
747 4727 838 4794 sicut
861 4721 993 4795 Paulus
1016 4727 1075 4794 in·
1125 4723 1258 4816 inquits
1289 4717 1402 4793 Oravi
1416 4747 1480 4814 pro
1503 4737 1536 4794 te
1560 4725 1681 4816 Peter,
1707 4733 1859 4807 ne'lides
1883 4755 1940 4813 tua
1965 4751 2113 4830 deficiat.

87 4826 179 4922 quit:
205 4823 245 4896 si
266 4823 346 4916 quis
368 4824 463 4894 aliud
482 4819 715 4914 Evangelium
740 4825 858 4909 ducet,
888 4821 1074 4896 anathema
1124 4823 1216 4894 Nam
1247 4825 1401 4916 proiecto
1424 4826 1719 4900 astutissimorum
1751 4849 1784 4906 et
1808 4839 2113 4930 fallacissimorum

88 4929 142 5004 sit.
201 4920 301 4996 Nihil
325 4927 396 4996 dici
418 4927 553 4999 tristius
580 4940 703 5020 potest.
738 4925 852 4998 .Nam
877 4923 1075 5000 Anathema
1125 4925 1315 5018 spirituum
1337 4924 1487 4997 insidiae
1507 4925 1948 5030 solalturnanadiligentie
1967 4976 2038 5025 non
2057 4935 2114 5034 sa.

89 5042 258 5100 vocantur
271 5023 434 5100 homines
447 5029 566 5100 reiecti
581 5054 601 5099 a
616 5027 712 5114 Deo,
738 5027 868 5122 quibus
884 5031 970 5098 adeo
988 5024 1074 5100 lror-
1128 5029 1172 5098 tis
1193 5029 1310 5097 caveri
1335 5043 1492 5120 possunt.
1557 5029 1626 5104 Sed
1652 5037 1801 5109 allirrnat
1829 5043 1921 5116 lilius
1949 5047 2016 5124 Dei
2040 5085 2114 5142 sere

90 5132 239 5202 ribiliter
262 5131 445 5214 irascitur,
473 5148 511 5203 ut
534 5131 603 5200 nisi
620 5131 812 5216 tollantur,
838 5154 949 5222 poena
967 5130 1075 5201 simul
1127 5129 1231 5198 nobis
1254 5129 1447 5200 affuturum
1476 5155 1568 5220 esse,
1608 5150 1643 5208 et
1673 5140 1949 5229 gubernaturum
1979 5181 2114 5241 mentes

89 5247 176 5306 totas
193 5250 330 5323 gentes,
355 5233 516 5324 contagio
534 5233 704 5326 pollutas,
726 5235 883 5304 obruat.⁴
1128 5242 1283 5312 nostras,
1306 5231 1343 5303 'et
1367 5233 1513 5304 consilia
1533 5234 1669 5330 Spiritu
1692 5257 1812 5315 sancto
1831 5271 1871 5316 er
1888 5272 1952 5324 suo
1975 5273 2115 5352 pectore

185 5333 278 5407 Cum
303 5335 411 5424 igitur
424 5333 522 5408 Deus
545 5357 607 5406 vos
632 5337 677 5406 ad
701 5335 937 5406 ministerium
955 5329 1076 5406 Evan-
1128 5333 1167 5402 in
1181 5355 1246 5402 nos
1260 5331 1392 5418 effuso,
1417 5336 1480 5429 qui
1494 5337 1542 5408 sit
1558 5341 1684 5413 ductor
1703 5345 1747 5415 ad
1762 5370 1904 5422 omnem
1921 5359 2131 5461 veritatem‚'

89 5439 167 5532 gelii
183 5439 370 5521 vocaverit,
396 5449 610 5508 mementote
626 5430 693 5508 hoc
704 5439 853 5510 dicturo:
879 5433 980 5509 Punn
998 5461 1075 5508 ver·
1128 5449 1168 5507 ut
1182 5434 1256 5528 ipse
1273 5434 1401 5530 inquit.

137 5539 325 5612 Merra-rr.
353 5543 457 5609 orer.
484 5543 569 5611 Vos.
594 5529 658 5610 XI.
1410 5531 1456 5610 51
