4718 5828
62 296 108 370 tt
639 291 803 374 DECL.
834 291 912 408 ΒΕ
943 293 1275 374 FRIDERICO
1307 292 1516 375 Et‘ucr.
2045 293 2098 374 94

61 491 134 540 cum
156 467 358 540 multorum
381 465 514 538 iniuria
530 465 617 540 fines
634 467 737 558 regni
752 468 911 560 proferre
926 469 1055 562 ampli·
1077 473 1082 582 Ι
1105 469 1217 540 everti
1236 469 1340 548 etiam
1363 481 1469 563 queat
1483 469 1692 558 argutando.
1742 465 1961 563 Dicebatque
1975 480 2098 560 optare

60 571 242 664 icereque.
301 565 349 640 Et
376 583 418 640 ut
441 566 571 640 Graeci
599 570 793 661 proverbio
822 585 1055 659 monuerunt,
1104 595 1142 644 se
1156 583 1197 642 ut
1210 573 1254 642 de
1267 571 1376 644 sacris
1390 595 1430 640 ex
1446 569 1599 642 soloDei
1615 571 1723 643 verbo
1737 570 1967 646 iudicaretur.
1999 565 2098 642 Haec

61 671 222 764 Spartam
240 685 345 742 nacto
361 673 561 742 ornandam
575 693 748 746 eamesse.
784 670 836 744 lta
847 669 905 744 hic
916 697 1054 746 summa
1106 690 1181 752 tum
1204 673 1357 764 agitabat
1377 673 1519 744 animus
1540 673 1638 758 eius,
1662 697 1742 746 cum
1765 673 1890 764 religio
1912 685 1986 744 tota
2008 685 2098 744 esset

59 775 92 844 vi
106 774 224 844 animi
238 773 402 846 incubuit
419 772 459 842 in
473 767 562 858 hoc,
588 786 630 844 ut
645 788 812 869 tanquam
827 776 972 846 domum
990 799 1054 868 pa·
1106 779 1232 848 obruta
1252 771 1512 847 Monachorum
1533 775 1694 846 somniis.
1745 773 1871 846 Postea
1888 797 2096 866 veroquam

60 876 267 948 tertamilias
292 877 458 946 redderet
483 875 656 946 ditionem
678 877 845 948 omnibus
866 879 971 948 bonis
996 903 1053 948 re-
1105 880 1312 971 perpurgari
1340 878 1474 972 coepit,
1506 892 1540 950 et
1562 890 1732 972 tanquam
1757 877 1967 946 reviviscere
1988 869 2098 946 Chri·

60 981 123 1050 bus
143 977 403 1050 florentiorem.
460 975 604 1048 Possem
626 974 684 1048 hic
708 979 813 1051 etiam
838 1003 1054 1050 commemo·
1105 983 1218 1052 stiana
1233 983 1414 1066 doctrina,
1439 978 1612 1072 adplicuit
1627 979 1787 1050 animum
1803 981 1846 1048 ad
1864 1002 1939 1048 eam
1955 975 2098 1069 penitus

61 1105 156 1162 rare,
184 1103 293 1174 quam
314 1078 511 1170 periculosa
533 1080 680 1149 dissidia
696 1095 895 1154 exterorum
914 1080 1054 1152 Princi-
1105 1085 1405 1173 cognoscendam,
1430 1105 1476 1152 ne
1499 1081 1585 1176 quid
1603 1095 1733 1152 temere
1749 1093 1811 1150 aut
1826 1081 2010 1170 probaret,
2035 1089 2098 1179 aut

60 1209 160 1276 pum,
186 1205 297 1274 quam
319 1180 431 1252 multa
451 1181 547 1252 bello
566 1183 753 1254 autoritate
774 1207 837 1254 sua
852 1183 1052 1255 diremerit:
1105 1187 1299 1256 damnaret.
1350 1181 1422 1256 Ubi
1439 1183 1614 1276 perspexit
1629 1183 1701 1252 vim
1718 1181 1919 1274 religionis,
1944 1194 2018 1252 toto
2033 1202 2096 1271 pe-

62 1287 122 1356 sed
152 1306 269 1376 neque
296 1295 435 1374 tempus
460 1283 659 1374 longiorem
683 1284 901 1376 orationem,
937 1309 1052 1382 neque
1106 1300 1201 1358 ctore
1217 1287 1399 1378 amplexus
1412 1300 1462 1357 est
1477 1311 1536 1370 ea,
1563 1307 1653 1380 quae
1666 1286 1710 1352 ad
1725 1307 1823 1354 suam
1838 1297 1991 1356 mentem
2009 1303 2096 1350 cou-

60 1387 151 1456 vires
179 1407 279 1454 meae
303 1385 442 1465 ferunt,
475 1399 509 1455 et
532 1385 717 1479 plerasque
739 1409 794 1458 res
814 1401 927 1478 gestas
949 1402 1053 1458 notas
1103 1389 1326 1458 formandam
1351 1387 1523 1469 facerent,
1550 1399 1584 1457 et
1606 1387 1770 1478 pietatem
1788 1385 1942 1469 alerent,
1968 1381 2096 1458 ociosis

59 1511 132 1559 esse
144 1487 249 1558 vobis
261 1487 434 1571 arbitror,
461 1509 549 1581 quas
564 1487 594 1556 si
609 1487 728 1558 animo
742 1489 970 1581 reputabitis,
995 1489 1053 1558 in·
1104 1489 1418 1581 disputationibus,
1443 1513 1533 1584 quae
1546 1489 1589 1558 ad
1605 1488 1885 1558 aedificationem
1899 1479 1994 1554 nihil
2008 1507 2096 1554 con-

59 1589 225 1680 telligetis
239 1611 375 1660 summa
393 1589 599 1680 prudentia,
623 1612 831 1684 summoque
847 1591 997 1661 consilio
1013 1594 1051 1660 in
1104 1595 1260 1676 ducunt,
1281 1591 1427 1680 longum
1450 1592 1568 1662 valere
1585 1589 1693 1675 dixit,
1719 1589 1809 1662 etin
1827 1589 1956 1659 ritibus
1972 1583 2096 1678 publi-

59 1689 148 1784 Rep.
175 1703 353 1760 versatum
375 1714 468 1776 esse,
495 1703 530 1761 ct
545 1715 626 1761 vere
643 1692 830 1762 salutarem
848 1691 1050 1786 Principem
1104 1694 1172 1779 cis,
1206 1693 1289 1788 quia
1319 1691 1463 1762 videbat
1492 1685 1699 1784 prophanus
1727 1693 1897 1784 quosdam
1930 1684 2094 1758 homines

60 1807 91 1864 et
106 1792 244 1884 patriae
257 1804 292 1862 et
308 1793 433 1864 exteris
446 1793 567 1864 fuisse.
618 1788 695 1883 Ego
709 1795 864 1886 profecto
878 1817 1051 1878 summam
1104 1795 1313 1885 contemptis
1335 1794 1487 1886 publicis
1509 1793 1688 1878 moribus,
1715 1805 1898 1882 praetextu
1919 1787 2095 1859 libertatis

60 1891 151 1965 hanc
176 1893 467 1986 verissimamque
484 1895 626 1964 laudem
643 1895 719 1966 eius
734 1917 807 1965 esse
820 1897 930 1980 duco,
955 1897 1049 1990 quod
1102 1893 1337 1986 Evangelicae
1355 1897 1611 1988 propemodum
1629 1895 1666 1964 in
1683 1894 1818 1965 belluas
1834 1891 1983 1978 mutari,
2009 1887 2095 1960 dili-

59 1999 107 2068 ita
119 2019 246 2088 pacem
260 2007 395 2066 tutatus
411 2009 482 2080 est,
503 2007 545 2068 ut
561 2009 678 2066 tamen
694 2021 713 2068 a
730 1997 825 2066 bello
841 2013 1051 2090 provocatus
1103 1998 1304 2088 gentissime
1320 1997 1430 2079 cavit,
1457 2021 1502 2067 ne
1520 1996 1605 2090 quid
1622 2009 1940 2079 mutarettemere,
1965 2015 2011 2062 nc
2028 2014 2093 2061 suo

59 2099 185 2178 etiam,
224 2096 455 2168 abstinuerit:
496 2121 565 2190 qua
603 2099 710 2168 laude
738 2093 832 2168 nihil
862 2100 1051 2190 excogitari
1103 2100 1262 2192 exemplo
1277 2099 1433 2191 imperiti
1445 2111 1640 2192 peccarent.
1678 2093 1726 2168 Et
1738 2097 1921 2180 sentiebat,
1942 2093 1980 2163 id
1996 2093 2094 2188 quod

57 2198 226 2289 Principe
241 2197 416 2268 illustrius
430 2211 555 2290 potest.
606 2197 739 2270 Divina
756 2199 1051 2290 enimpraeconia
1102 2224 1158 2271 res
1186 2215 1254 2286 est,
1286 2201 1464 2293 publicam
1492 2223 1632 2269 morum
1658 2199 1890 2284 mutationem
1913 2193 2093 2288 periculo·

58 2303 164 2373 etiam
189 2312 363 2380 meretur,
389 2323 472 2372 nam
491 2325 570 2371 cum
586 2303 742 2370 mundus
758 2301 899 2394 imperii
915 2325 1052 2392 posses-
1102 2325 1176 2372 sam
1209 2325 1295 2377 esse.
1353 2299 1515 2396 Cumque
1542 2303 1587 2370 de
1610 2299 1782 2389 religione
1803 2294 1871 2368 hoc
1895 2298 2021 2380 modo,
2053 2307 2096 2364 ut

59 2405 197 2474 sionem
229 2401 266 2470 vi
293 2414 398 2494 atque
421 2402 530 2472 armis
552 2403 696 2474 defendi
719 2405 847 2474 debere
866 2404 1052 2488 existimet,
1109 2405 1203 2491 dixi,
1232 2403 1396 2488 sentiret,
1428 2417 1463 2474 et
1500 2402 1705 2492 regionibus
1742 2401 1816 2471 suis
1851 2422 1940 2490 pure
1973 2395 2095 2469 doceri
2215 2409 2230 2433 ·

59 2501 227 2576 Christus
245 2515 388 2584 contre,
414 2505 626 2595 pronunciat
648 2507 770 2576 beatos
787 2528 860 2574 esse
875 2505 995 2592 mites,
1018 2519 1052 2578 et
1104 2529 1201 2576 sacra
1230 2519 1424 2598 pateretur,
1458 2518 1589 2597 quanta
1611 2500 1726 2574 Deum
1748 2502 1985 2570 immortalem
2009 2520 2097 2567 con-

58 2606 244 2678 asaevitia
263 2604 417 2686 alienos,
443 2606 563 2700 eisque
577 2607 830 2697 possessionem
847 2620 960 2678 terrae
974 2608 1052 2700 pol·
1103 2598 1251 2689 stantia,
1277 2621 1409 2701 quanto
1431 2607 1560 2676 robore
1583 2604 1695 2676 animi
1716 2603 1884 2674 sustinuit
1906 2599 2094 2682 invidiam,

58 2709 200 2782 licetur.
251 2703 302 2778 Et
320 2707 428 2797 paulo
451 2722 548 2800 post,
573 2709 858 2799 pacificosetiam
875 2709 967 2780 lilios
984 2710 1052 2782 Dei
1104 2735 1172 2805 qua
1189 2711 1229 2778 in
1243 2707 1433 2780 Pontificio
1449 2729 1557 2798 regno
1573 2707 1752 2796 flagravit,
1778 2703 1863 2773 vicit
1879 2701 2093 2774 Pontificum

57 2811 227 2902 adpellat.
276 2805 393 2878 Erant
414 2824 532 2880 tamen
556 2809 595 2878 in
620 2835 661 2880 eo
685 2810 842 2902 privatae
860 2811 1052 2882 etiamvir-
1104 2812 1273 2902 fulmina,
1308 2823 1342 2881 et
1363 2811 1479 2880 minas
1500 2832 1719 2878 summorum
1743 2803 1901 2896 Regum,
1933 2815 2094 2874 contem·

57 2927 150 2986 tutes
175 2933 342 3002 magnae,
372 2911 600 3004 praecipuum
628 2912 809 3002 religionis
829 2909 1052 2985 Christianae
1103 2915 1175 3006 psit
1189 2913 1344 2984 convitia
1357 2911 1467 3002 vulgi,
1492 2911 1766 2982 sacrificulorum
1781 2930 1877 2977 sacra
1892 2905 1931 2974 in
1946 2915 2094 2999 quaestu

58 3015 237 3088 studium:
267 3035 351 3081 narn
381 3035 479 3082 sacra
504 3037 567 3104 per
594 3037 736 3085 omnem
758 3015 868 3084 vitam
890 3015 1052 3106 religiose
1103 3007 1322 3090 habentium.
1374 3012 1455 3102 Qua
1469 3013 1507 3082 in
1521 3035 1559 3082 re
1571 3012 1654 3082 satis
1667 3008 1858 3079 declaravit
1871 3003 2094 3076 secranimo

59 3115 241 3199 tractavit,
271 3125 307 3183 et
336 3137 417 3184 cum
447 3106 573 3203 magna
599 3115 750 3187 varietas
773 3117 986 3208 opinionum
1008 3119 1053 3186 de
1105 3140 1255 3210 vereque
1287 3118 1403 3186 favere
1430 3110 1592 3197 Christo,
1638 3136 1719 3182 cum
1750 3110 1848 3180 illius
1877 3122 1998 3178 notam
2026 3103 2096 3174 sibi

59 3218 235 3307 religione
249 3211 306 3284 his
319 3215 539 3306 temporibus
551 3217 670 3301 fuerit,
696 3231 813 3288 tamen
828 3219 961 3309 optima
976 3243 1052 3288 cer·
1104 3218 1203 3289 inuri
1223 3231 1419 3310 pateretur,
1451 3239 1531 3286 cum
1555 3216 1593 3284 in
1614 3236 1762 3305 corpore
1782 3236 1846 3282 suo
1869 3210 1967 3280 illius
1987 3220 2095 3278 stem·

59 3321 269 3412 tissimaque
285 3339 425 3408 semper
441 3318 581 3408 delegit.
630 3315 679 3389 Et
696 3343 776 3390 cum
792 3316 940 3390 antehac
955 3318 1052 3391 Pon·
1105 3334 1196 3390 mata
1212 3333 1382 3410 gestaret,
1407 3313 1475 3388 hoc
1494 3330 1556 3402 est,
1580 3340 1661 3386 curn
1677 3316 1721 3384 ad
1731 3309 1865 3384 Christi
1883 3309 2096 3401 exemplum,

60 3421 196 3505 titicum
227 3418 519 3504 constitutiones,
552 3433 587 3490 et
616 3421 760 3514 quidam
791 3416 940 3490 humani
963 3423 1052 3492 ritus
1105 3424 1179 3513 ipsc
1202 3421 1306 3490 etiam
1331 3421 1554 3492 laceraretur.
1607 3415 1702 3506 Quid
1726 3415 1820 3484 enim
1837 3413 1906 3482 nisi
1923 3423 2093 3504 perpetua
2151 3459 2152 3462 ,

60 3547 123 3614 pro
139 3521 317 3613 religione
333 3521 401 3589 soli
418 3523 631 3592 docerentur
644 3522 682 3590 in
697 3523 855 3614 templis,
880 3523 1052 3614 praestitit
1104 3522 1305 3593 carnificina
1330 3521 1440 3590 animi
1462 3521 1530 3590 fuit
1547 3518 1608 3586 ille
1626 3514 1779 3587 hostium
1795 3513 1972 3606 impetus?
2019 3507 2094 3582 Cu·
2176 3531 2182 3542 ·

61 3647 215 3718 eaquae
238 3622 277 3692 in
299 3623 461 3692 moribus
477 3639 577 3694 erant
592 3623 798 3712 diligenter,
825 3623 861 3691 id
877 3625 973 3716 quod
988 3646 1051 3714 ego
1104 3626 1160 3694 ius
1181 3621 1272 3692 mihi
1286 3619 1464 3692 Eremitae
1485 3618 1618 3688 ieiunia
1636 3633 1670 3688 ct
1687 3617 1845 3708 vigilias,
1871 3639 1951 3685 cum
1968 3607 2025 3682 his
2040 3609 2093 3681 af-

59 3728 241 3819 specimen
261 3725 376 3794 bonae
398 3724 526 3794 mentis
543 3725 774 3816 interpretort
799 3737 835 3794 et
852 3724 934 3820 quia
950 3739 1050 3816 puta-
1104 3725 1322 3795 dictionibus
1341 3723 1450 3792 audet
1469 3721 1655 3814 quisquam
1676 3717 1859 3790 conferre?
1909 3713 1992 3786 Non
2009 3737 2094 3806 pro·

59 3831 116 3900 bat
137 3828 224 3897 illos
241 3825 330 3896 ritus
346 3827 544 3896 conducere
560 3829 603 3897 ad
621 3826 901 3898 assuefaciendos
916 3829 1053 3896 animos
1105 3829 1194 3897 fecto
1216 3825 1358 3914 gravius
1370 3835 1600 3916 oppugnatus
1614 3837 1666 3894 est
1679 3815 1865 3905 Ezechias,
1890 3837 2093 3911 quanquam

59 3929 178 4020 vulgi,
203 3927 478 4020 invitandosque
491 3931 535 3998 ad
550 3931 706 3999 studium
721 3931 983 4018 cognoscendae
997 3953 1053 3998 re·
1106 3928 1244 3998 moenia
1274 3926 1501 4020 solymorum
1531 3923 1695 3994 cinxisset
1721 3917 1844 3993 hostis.
1903 3916 2006 3988 Vidit
2033 3911 2094 3984 hic

60 4029 227 4120 ligionis,
272 4030 403 4119 templa
435 4031 615 4115 condidit,
655 4032 870 4100 ceremonias
902 4031 1053 4115 invexit,
1105 4055 1247 4124 quoque
1269 4051 1342 4096 non
1365 4027 1472 4096 semel
1493 4026 1649 4115 expediri
1672 4025 1839 4092 adversus
1860 4042 2032 4104 searma,
2059 4029 2094 4088 et

60 4131 246 4204 accersivit
261 4132 499 4223 undecunque
516 4131 577 4226 qui
595 4155 691 4201 sacra
707 4135 886 4204 docerent.
938 4128 986 4202 Et
1000 4145 1053 4201 ta·
1105 4130 1362 4224 propemodum
1381 4127 1503 4218 iugulo
1520 4123 1871 4215 gladiumintentari.
1923 4120 1992 4193 Sed
2009 4117 2093 4214 quia

60 4257 142 4304 men
164 4231 301 4324 accipio
324 4246 400 4302 tum
416 4257 527 4325 Qum
542 4233 662 4303 animo
676 4235 869 4328 requireret
884 4233 1052 4303 sincerio-
1105 4230 1289 4323 religionis
1317 4253 1455 4299 causam
1486 4228 1618 4298 sciebat
1638 4222 1803 4297 humanis
1826 4224 1963 4294 viribus
1987 4221 2094 4292 susti-

60 4361 133 4406 rem
168 4335 416 4406 tractationem
448 4330 671 4406 Christianae
701 4337 902 4416 doctrinae,
951 4359 1054 4426 saepe
1105 4335 1183 4405 neri
1203 4347 1264 4404 aut
1285 4331 1515 4401 defendinon
1530 4352 1630 4422 posse
1638 4381 1650 4415 ,
1678 4324 1771 4397 nihil
1786 4327 1859 4418 ipse
1876 4338 1998 4395 contra
2015 4347 2095 4392 mo-

60 4463 141 4508 cum
168 4436 284 4506 doctis
307 4434 394 4505 viris
417 4437 683 4508 confabulatum
704 4461 777 4508 esse
798 4441 843 4508 de
858 4437 892 4508 vi
908 4451 1054 4508 natura·
1105 4439 1207 4521 litus,
1231 4435 1379 4506 salutem
1403 4457 1501 4503 suam
1523 4445 1556 4502 et
1574 4455 1716 4500 suarum
1731 4430 1890 4520 gentium
1906 4424 1981 4496 Deo
1998 4449 2095 4496 com-

60 4564 127 4632 que
149 4537 346 4626 religionis.
405 4532 441 4608 Ο
464 4539 570 4609 altam
591 4563 868 4634 generosamque
889 4553 1054 4620 mentem,
1106 4540 1289 4620 mittebat,
1313 4549 1349 4606 et
1372 4536 1671 4630 quemadmodum
1693 4531 1748 4600 vir
1769 4529 1981 4602 fortissimus
2001 4527 2094 4632 apud

60 4665 178 4736 neque
206 4639 302 4710 enim
331 4639 488 4731 plebeios
516 4641 655 4712 animos
684 4643 825 4714 incessit
854 4639 941 4712 haec
971 4665 1052 4712 cura
1105 4640 1250 4712 Potitam
1267 4637 1331 4708 ait:

62 4741 370 4835 contemplandae,
390 4743 946 4838 pervestigandaeqttereligionis.
974 4743 1055 4814 Ma·
1158 4745 1318 4832 Quidquid
1333 4751 1389 4808 erit
1403 4745 1568 4829 superanda
1584 4747 1682 4806 omnis
1696 4741 1819 4804 fortuna
1831 4739 1954 4802 ferendo
1967 4751 2023 4800 est.

62 4867 166 4933 gnam
185 4845 366 4938 quandam
382 4845 517 4935 ingenii
534 4847 627 4933 vim,
653 4862 687 4918 et
702 4842 879 4917 heroicam
896 4847 1053 4918 indolem
1107 4844 1158 4917 lta
1196 4845 1383 4938 patientia,
1431 4841 1744 4931 moderationeque
1780 4835 1890 4906 animi
1931 4831 2096 4905 inimico-

63 4947 311 5016 enimadverto
340 4946 595 5034 incoluisse,
626 4974 706 5019 cum
730 4963 912 5042 tantopere
931 4949 1056 5020 arsisse
1105 4973 1186 5018 rum
1217 4945 1415 5028 saevitiam,
1450 4957 1621 5037 quantum
1650 4941 1726 5010 fieri
1749 4938 1882 5030 potuit,
1911 4933 2096 5022 mitigavit.

63 5049 182 5120 studio
205 5047 522 5140 perdiscendorum
544 5073 722 5122 sacrorum
741 5051 856 5122 video.
909 5049 973 5122 Est
991 5076 1054 5120 au·
1107 5049 1188 5120 Non
1207 5063 1307 5119 vacat
1328 5043 1421 5115 hanc
1440 5046 1579 5115 laudem
1601 5057 1749 5113 tractare
1766 5039 1939 5132 pluribus.
1990 5033 2098 5104 Prae-

62 5163 131 5220 tem
161 5149 322 5242 profecto
347 5145 535 5222 haeccnra
560 5153 725 5244 inprimis
747 5154 853 5244 digna
875 5152 1055 5244 Principe.
1107 5166 1201 5222 tereo
1228 5153 1296 5220 iam
1330 5149 1426 5242 quod
1457 5143 1577 5216 schola
1607 5145 1795 5214 constituta
1823 5139 1951 5222 sensit,
1985 5161 2098 5230 quan·

63 5249 179 5344 Saepe
193 5255 406 5322 detestatum
422 5253 561 5340 ferunt,
586 5254 697 5348 siquis
713 5252 886 5327 humanas
900 5257 1056 5327 rationes
1106 5268 1182 5325 tum
1201 5253 1337 5322 adferat
1351 5249 1507 5339 Rebusp.
1521 5247 1666 5318 scientia
1683 5246 1884 5321 literarum,
1912 5263 1998 5335 quas
2016 5239 2096 5308 vul-

65 5351 101 5421 in
136 5377 243 5424 causa
277 5353 463 5444 religionis
498 5359 671 5442 adferret,
711 5373 896 5450 propterea
927 5357 1056 5450 inquit,
1106 5380 1170 5448 gus
1184 5353 1393 5446 Principum
1414 5351 1490 5423 odit
1509 5375 1594 5420 cane
1615 5348 1716 5440 peius
1731 5359 1765 5416 et
1780 5367 1904 5436 angue.
1957 5337 2098 5414 Omitto

65 5457 162 5547 quod
192 5449 286 5524 nihil
316 5468 389 5528 tam
413 5471 513 5531 acute
537 5459 656 5550 colligi
679 5473 813 5553 posset,
852 5461 940 5556 quin
961 5460 1055 5530 idem
1107 5483 1177 5554 qua
1204 5455 1388 5548 diligentia
1413 5455 1553 5549 fideque
1573 5451 1703 5522 amicos
1726 5445 1946 5532 adiunxerit,
1978 5442 2097 5516 colue-
