4688 5826
79 245 166 324 seo
555 219 825 326 nncn'nn
857 244 1163 326 saturnus
1195 245 1259 322 ιιι
1293 194 1670 324 ruuonoctf.
1767 245 1771 263 ’
2056 251 2133 328 sso

82 439 257 508 scopum,
282 439 356 512 quo
370 439 493 490 comus
507 394 716 510 dirigendos
729 434 791 494 est.
824 417 940 496 Porro
952 417 992 492 hi
1005 445 1086 513 gra-
1136 421 1182 492 ad
1203 405 1389 513 gloriam,
1405 421 1451 492 ad
1472 420 1690 514 voluptates,
1721 371 1782 493 sed
1809 423 1854 494 ad
1876 423 2051 496 maximas
2069 447 2131 498 ae-
2187 423 2193 432 ’
2242 417 2249 428 ’

77 522 156 590 dus
171 519 212 588 in
227 513 466 610 scholis'bene
480 522 665 608 institutis,
689 545 764 595 non
780 523 896 596 solum
912 521 980 594 hoc
996 525 1085 596 boni
1136 545 1302 610 rutnans,
1325 525 1372 594 ad
1395 523 1609 594 miserrimas
1633 547 1753 611 curas,
1778 527 1823 598 ad
1837 524 1993 620 pericula
2011 527 2130 600 omnis

77 616 241 707 habent,
270 622 367 715 quod
389 623 577 715 explorant
596 645 657 696 eos
676 624 741 718 qul
758 638 933 697 vocantur
950 628 996 698 ad
1019 627 1086 698 do-
1135 625 1284 716 generis.
1335 621 1527 718 Nunquam
1542 625 1902 720 enimuttotempore
1916 642 1978 700 aut
1992 629 2073 724 plus
2089 631 2129 702 in
2263 649 2269 656 ·

79 723 244 794 cendum
264 719 519 814 Evangeliurn,
552 727 614 798 sed
639 727 744 798 etiam
767 729 864 822 quod
895 723 964 800 hoc
984 728 1084 799 testi·
1134 723 1293 798 Ecclesia
1313 727 1464 820 periculi
1484 728 1570 810 fuit,
1595 740 1657 800 aut
1679 728 1808 798 maiori
1824 731 1864 799 in
1881 731 1965 801 odio
1982 731 2129 804 fuerunt

79 826 251 896 monium
268 838 407 898 tanturn
426 827 498 910 illis
514 827 628 900 tribui
644 829 788 916 debeat,
814 829 878 924 qul
895 829 999 902 annis
1014 831 1084 900 all·
1134 825 1324 920 Evangelii
1339 830 1516 916 doctores,
1540 853 1647 924 quam
1660 832 1779 900 modo.
1833 829 1957 926 ltaque
1978 828 2129 925 perhor-

82 941 177 1020 quot
190 927 407 998 audiverunt
418 929 508 1000 alios
524 930 719 1022 peritiores,
736 931 799 1026 qui
814 933 981 1004 viderunt
996 934 1083 1026 quid
1135 955 1232 1002 resco
1247 945 1322 1003 toto
1346 955 1513 1022 corpore,
1539 955 1620 1002 cum
1643 933 1786 1004 intuens
1808 931 1848 1004 in
1865 929 1958 1004 hauc
1976 957 2130 1023 scenam,

83 1029 151 1098 alii
167 1030 366 1119 demagnis
381 1031 938 1107 acdubiis'rebnsiudicaverint.
992 1033 1082 1105 Nam
1135 1034 1257 1104 animo
1281 1033 1476 1126 perspicio,
1503 1056 1608 1127 quam
1632 1029 1760 1106 habeat
1782 1029 1867 1105 haec
1884 1037 2004 1110 fabula
2022 1037 2128 1108 dissi-

83 1132 187 1224 quod
204 1131 315 1202 citant
329 1155 372 1202 ex
386 1129 538 1220 Ioanne,
562 1134 684 1204 unctio
700 1137 819 1217 docet,
846 1137 1004 1228 profecto
1020 1137 1082 1208 illa
1134 1136 1236 1204 miles
1258 1137 1415 1228 reliquos
1440 1149 1557 1221 actus,
1584 1129 1708 1220 huius,
1739 1149 1780 1206 ut
1805 1136 1854 1207 ita
1873 1138 2009 1224 dicam,
2041 1163 2127 1230 pro-

82 1232 212 1303 unctio
236 1256 312 1304 non
330 1235 506 1326 ¹contingit
528 1236 606 1306 sine
622 1237 783 1308 doctriua
810 1251 846 1310 et
868 1238 944 1308 siue
970 1240 1083 1310 maxi·
1134 1237 1254 1308 oemii.
1303 1235 1372 1308 Sed
1388 1261 1468 1306 cum
1485 1237 1597 1308 sciant
1612 1235 1727 1308 Deum
1746 1239 1932 1332 praecipue
1946 1241 2153 1333 requireres

85 1335 158 1404 mis
178 1335 444 1412 certaminibus.
495 1333 560 1408 Est
580 1339 677 1408 enim
698 1339 840 1426 unctio,
861 1347 940 1412 cum
959 1340 998 1410 iu
1014 1341 1082 1440 du·
1133 1333 1230 1409 hunc
1252 1339 1385 1408 cultum
1400 1339 1550 1408 docendi
1565 1335 1773 1428 Evangelii,
1799 1364 1915 1435 neque
1934 1341 2031 1412 aliud
2047 1343 2124 1414 Deo

84 1437 159 1506 biis
174 1449 281 1529 atque
294 1437 426 1530 asperis
441 1439 562 1522 rebus,
584 1440 687 1512 velut
704 1441 783 1510 oleo
801 1455 935 1512 recreat
950 1455 985 1514 et
1001 1443 1082 1512 refi-
1133 1441 1267 1530 gratius
1288 1439 1497 1510 sacrificium
1519 1437 1698 1531 praestari
1710 1462 1830 1532 posse,
1856 1455 2042 1536 postquam
2062 1468 2127 1516 au-

86 1537 136 1612 cit
153 1537 309 1610 imbutas
323 1553 458 1610 mentes
471 1541 615 1612 divinus
631 1542 789 1634 spiritus.
830 1541 871 1616 si
886 1543 966 1644 quis
980 1557 1082 1635 putat
1132 1543 1274 1614 toritate
1303 1541 1524 1642 superiorum
1557 1545 1602 1612 ad
1629 1537 1696 1612 hoc
1729 1567 1862 1614 munus
1886 1543 2014 1614 delecti
2042 1545 2125 1628 sint,

86 1639 209 1710 subito
233 1641 311 1712 sinc
332 1643 494 1714 doctrina
517 1658 552 1714 et
571 1667 639 1714 usu
661 1639 886 1736 Theologum
912 1645 1081 1716 unctione
1134 1669 1198 1737 pro
1221 1667 1283 1716 sua
1304 1668 1383 1736 erga
1400 1641 1515 1714 Deum
1537 1644 1687 1736 pietate,
1713 1659 1912 1738 susceptum
1930 1671 2022 1718 onus
2039 1657 2126 1720 'eon-
2194 1665 2200 1676 ‘

85 1741 200 1823 effici,
226 1742 317 1814 sicut
337 1741 439 1818 aiunt
451 1741 648 1816 Hesiodum
670 1769 750 1817 cum
775 1759 896 1837 pastor
917 1761 1081 1818 essetec-
1132 1759 1266 1818 stanter
1282 1761 1456 1838 praestare
1473 1747 1722 1831 decreverunt,
1748 1746 1926 1820 intuentes
1951 1748 1989 1816 in
2007 1771 2126 1818 exem-

86 1857 190 1933 cepto
206 1843 361 1930 calamo,
385 1843 839 1920 aMusisPoetamfactum
857 1871 950 1934 esse,
975 1849 1081 1938 longe
1131 1849 1189 1941 pla
1219 1842 1372 1934 Christi,
1411 1841 1669 1942 Prophetarum
1697 1861 1730 1917 et
1754 1845 2027 1946 Apostolorum,
2063 1851 2126 1944 qui

85 1946 242 2032 fallitur,
273 1969 339 2016 nec
359 1945 446 2038 quid
472 1949 518 2020 sit
535 1950 657 2021 unctio
681 1951 866 2044 perspicit,
893 1973 982 2045 quae
1003 1952 1080 2044 pri·
1131 1951 1241 2020 nullis
1265 1949 1375 2032 odiis,
1410 1949 1510 2020 nulla
1534 1949 1720 2020 saevitiae
1745 1951 1905 2020 docendo
1927 1947 2125 2042 Evangelio

86 2071 190 2116 mum
224 2046 302 2116 sine
335 2049 435 2118 verbi
472 2050 676 2140 cognitione
714 2040 814 2124 nulla
848 2075 922 2124 esse
953 2065 1080 2145 potest.
1131 2051 1290 2124 deterriti
1310 2065 1403 2126 sunt.
1466 2045 1622 2122 Oremus
1641 2051 1749 2142 igitur
1765 2047 1969 2138 Christum,
1989 2067 2041 2125 ut
2058 2077 2125 2146 gu-

86 2145 229 2223 Deinde
262 2148 399 2220 etiarnsi
425 2151 647 2242 degustatum
678 2167 730 2224 est
757 2155 925 2239 verbum,
957 2155 1079 2226 unctio
1132 2156 1255 2224 bernet
1270 2177 1391 2224 eorum
1409 2167 1560 2239 mentes,
1581 2177 1621 2222 ac
1638 2154 1774 2239 studia,
1800 2177 1929 2248 eosque
1945 2154 2060 2240 iuvet,
2084 2169 2124 2228 ut

88 2273 164 2322 nou
179 2249 298 2321 subito
318 2250 467 2342 detergit
481 2255 610 2324 animis
625 2279 747 2330 omues
763 2257 929 2328 maculas.
978 2255 1079 2326 Plato
1130 2256 1302 2326 foeliciter
1317 2279 1543 2340 conservare,
1570 2255 1766 2340 illustrare,
1791 2279 1985 2346 propagare
2000 2253 2124 2334 Evan-

86 2352 224 2446 inqoit:
256 2349 351 2422 Satis
372 2355 514 2426 beatum
537 2356 604 2426 sibi
629 2356 764 2442 videri,
795 2358 852 2428 cui
877 2359 1019 2430 tandem
1041 2357 1079 2426 in
1130 2357 1261 2446 galium
1279 2359 1426 2447 possint.
1474 2355 1565 2426 lllud
1585 2357 1687 2426 etiam
1703 2357 1988 2438 meminerimus,
2009 2360 2124 2431 nostri

88 2465 268 2526 senectute
282 2455 486 2546 contigerit,
511 2472 552 2528 ut
568 2458 786 2550 sapientum,
811 2482 982 2552 verasque
1001 2459 1081 2550 opi·
1130 2459 1237 2528 officii
1259 2481 1352 2544 esse,
1371 2472 1421 2556 ιιι
1445 2483 1510 2550 pro
1530 2458 1625 2526 virili
1647 2457 1822 2528 leniamus
1844 2453 1908 2530 has
1935 2483 2122 2558 aerumnas

88 2556 216 2625 nioncs
230 2571 450 2649 assequatur.
495 2556 536 2629 Id
554 2560 615 2639 ille
628 2560 686 2630 vir
700 2583 859 2632 summus
884 2585 925 2630 ac
939 2561 1080 2652 sapien·
1129 2575 1249 2631 nostra
1266 2560 1500 2650 gratitudine,
1526 2559 1607 2653 quia
1624 2559 1787 2628 maximis
1803 2583 1925 2630 eorum
1941 2561 2122 2632 beneficiis

88 2657 245 2728 tissimus
263 2657 502 2748 deiisrebus,
537 2685 624 2755 quas
647 2663 739 2733 ratio
754 2658 1020 2754 deprehendere
1047 2675 1081 2732 et
1129 2663 1294 2736 fruimur.
1347 2659 1428 2752 Qua
1451 2661 1595 2756 quidem
1619 2660 1658 2730 in
1678 2685 1716 2730 re
1730 2662 1918 2753 praecipue
1942 2662 2122 2738 laudanda

89 2759 325 2859 pervestigare
345 2773 493 2854 potest,
511 2764 611 2836 dixit.
670 2763 816 2856 Quanto
840 2765 957 2836 verius
979 2764 1016 2834 id
1036 2766 1080 2834 de
1130 2777 1182 2834 est
1204 2762 1439 2834 lllustrissimi
1459 2757 1573 2834 nostri
1592 2761 1770 2854 Principis
1792 2763 1922 2856 pietas,
1953 2761 2016 2858 qui
2040 2789 2121 2836 cum

90 2860 336 2954 spiritualibus
349 2865 456 2934 rebus
470 2865 639 2936 affirmari
654 2879 788 2957 potest,
814 2889 903 2961 quae
923 2867 1078 2958 prolecto
1129 2866 1190 2936 alii
1216 2888 1316 2956 reges
1340 2889 1380 2935 ar
1402 2865 1589 2958 principes·
1602 2865 1769 2936 adversus
1791 2861 1979 2957 Evangelii
1996 2867 2120 2940 docto·

90 2987 163 3035 non
178 2976 328 3055 possunt
343 2989 424 3036 vere
439 2967 568 3060 aspici,
603 2969 674 3038 nisi
698 2969 737 3038 in
760 2967 834 3062 ipsa
853 2968 1080 3040 dimicatione
1128 2991 1184 3040 res
1214 2967 1390 3040 infinitam
1422 2967 1666 3038 crudelitatem
1692 2989 1831 3038 summo
1861 2968 1990 3038 scelere
2020 2991 2120 3042 exer-

90 3079 194 3158 atque
216 3065 449 3158 experientia,
483 3093 555 3164 quo
580 3069 691 3162 magis
717 3067 786 3141 hoc
815 3069 1079 3143 seculum'odio
1129 3082 1248 3155 ceant,
1276 3070 1350 3162 ipse
1366 3081 1400 3140 et
1417 3071 1584 3140 adversus
1601 3083 1772 3163 tyrannos
1785 3091 1914 3160 magno
1929 3094 2010 3142 cum
2023 3071 2121 3162 peri-

90 3167 237 3257 dignum
252 3179 322 3253 est,
332 3181 336 3190 ’
346 3171 442 3262 quod
459 3195 556 3242 nunc
568 3195 673 3242 nemo
686 3197 761 3244 nou
776 3173 886 3246 sumit
899 3171 969 3245 sibi
985 3172 1081 3243 ludi·
1128 3173 1209 3244 culo
1230 3172 1316 3262 tegit
1331 3195 1371 3242 ac
1384 3171 1562 3254 defendit,
1588 3183 1622 3240 et
1636 3171 1735 3240 domi
1755 3193 1892 3241 summa
1906 3196 1987 3242 cum
2010 3173 2120 3245 bene-

89 3270 183 3340 cium
200 3270 245 3338 de
260 3270 366 3342 rebus
378 3273 537 3344 obscuris
561 3299 601 3343 ac
623 3273 886 3367 spiritualibus,
921 3297 992 3344 una
1014 3273 1080 3343 ali-
1129 3275 1302 3360 volentia,
1331 3274 1439 3343 oflicii
1460 3273 1558 3342 omni
1581 3295 1708 3362 genere
1731 3271 1906 3344 cumulate
1932 3275 1976 3348 de
1995 3299 2063 3368 qua
2079 3298 2119 3346 re
2218 3313 2221 3321 ·

141 3394 161 3440 a
180 3371 331 3441 lectione
345 3375 493 3463 audita,
518 3389 579 3446 aut
601 3377 688 3448 lecta
708 3400 781 3452 uua
797 3376 915 3470 aliqua
930 3375 1078 3472 pagella.
1129 3378 1205 3447 etsi
1223 3378 1267 3450 ad
1285 3376 1535 3466 gratitudinem
1551 3389 1709 3446 nostram
1727 3369 1814 3444 haec
1829 3376 2119 3448 commemoratio

87 3395 222 3542 bintus
236 3473 434 3562 gratulatur
447 3477 526 3562 sibi,
551 3480 648 3571 quod
664 3476 827 3572 quamvis
843 3479 977 3568 procul,
1002 3501 1080 3548 soo-
1128 3478 1344 3571 pertinebat,
1370 3491 1488 3546 tamen
1510 3491 1655 3570 propter
1675 3477 1749 3546 eius
1765 3478 2000 3568 praesentiam
2017 3502 2120 3552 vere-

89 3598 176 3666 pum
190 3587 310 3644 tamen
324 3576 485 3664 videbat,
507 3578 555 3649 ita
570 3603 636 3650 nos
651 3579 689 3648 in
705 3573 773 3648 hoc
788 3580 912 3649 demus
925 3604 1081 3675 operam,
1129 3577 1485 3651 condiusdicendum
1506 3593 1568 3652 est.
1615 3577 1686 3649 Sed
1702 3573 1769 3646 ho'c
1784 3601 1855 3647 non
1871 3592 1945 3650 erat
1962 3593 2119 3670 praeter-

89 3700 236 3768 scopum
256 3689 298 3747 ut
317 3679 538 3776 requiramus
564 3695 598 3762 et
621 3683 660 3750 in
684 3677 781 3750 hunc
807 3681 937 3762 intenti
959 3683 1080 3751 oculos
1127 3683 1361 3766 mittendum,
1395 3681 1490 3774 quod
1517 3694 1685 3752 nontam
1712 3679 1918 3770 adipsum,
1950 3704 2056 3774 quam
2074 3682 2120 3752 ad

89 3803 131 3848 ac
162 3790 318 3849 mentem
345 3781 555 3870 defigamus,
587 3797 622 3854 et
655 3798 774 3863 tomen
806 3785 1080 3854 memineramus
1128 3785 1216 3854 alios
1232 3785 1474 3852 admonendos
1492 3783 1654 3873 pertinet,
1677 3795 1717 3852 ut
1732 3782 1843 3852 sciant
1857 3777 1973 3855 Deum
1989 3783 2134 3872 ειιιὶιιωΙ

89 3881 214 3974 procul
232 3904 298 3950 nos
318 3884 364 3954 ab
386 3883 449 3954 illa
471 3897 563 3956 meta
584 3887 752 3980 adquam
775 3889 993 3966 tendendum
1016 3901 1079 3971 est,
1128 3887 1240 3956 dicem
1258 3887 1416 3956 futurum
1439 3881 1546 3954 huius
1563 3883 1798 3967 crudelitatis,
1823 3895 1859 3954 et
1872 3885 2047 3964 cumulate
2062 3907 2120 3956 re-

73 3983 223 4068 abesse,
234 3993 270 4056 et
285 3980 624 4074 oremusChristum,
643 3983 683 4058 ut
698 3987 772 4081 ipse
785 3989 987 4064 nosdocere
1001 4011 1081 4082 per·
1128 4001 1396 4078 muneraturum
1430 3987 1564 4070 bonos,
1605 3986 1667 4078 qui
1698 3996 1820 4076 tegunt
1849 4007 1889 4054 ac
1919 3986 2119 4078 defendunt

90 4097 167 4176 gat,
199 4089 499 4178 quemadmodum
521 4102 573 4160 est
594 4089 783 4181 pollicitus.
823 4088 995 4170 Libenter
1016 4114 1081 4160 au·
1129 4087 1317 4186 Evangelii
1348 4093 1521 4161 doctores.
1573 4089 1633 4159 Sic
1666 4087 1761 4156 enim
1794 4085 1913 4180 inquit
1937 4082 2117 4160 Christus:

91 4189 229 4256 diamus
244 4188 332 4280 quid
349 4189 411 4260 alii
427 4191 603 4262 exercitati
619 4191 788 4272 iudicent,
815 4191 902 4284 quid
917 4193 1080 4283 probent,
1129 4190 1246 4261 Amen
1272 4191 1352 4261 dico
1374 4192 1498 4274 vobis,
1525 4189 1556 4258 si
1579 4187 1658 4281 quis
1680 4188 1820 4258 dederit
1842 4201 1982 4260 tantum
2006 4213 2119 4283 aquae

90 4289 243 4360 libenter
259 4303 294 4362 et
308 4291 445 4384 placide
461 4293 556 4364 iuter
573 4317 638 4362 nos
660 4294 882 4363 conferamus
899 4296 943 4362 de
959 4290 1080 4363 Evau-
1128 4307 1250 4386 potum
1274 4293 1339 4362 uni
1364 4317 1404 4362 ex
1427 4291 1588 4360 minimis
1609 4286 1760 4375 horrrm,
1785 4291 1823 4360 in
1849 4293 1994 4360 nornine
2009 4291 2119 4362 disci*

90 4385 202 4482 gelio,
226 4402 261 4460 et
276 4394 445 4483 gratulari
461 4396 566 4473 nobis
579 4393 647 4466 Dei
662 4395 890 4480 beneficium,
911 4419 977 4465 nos
989 4419 1080 4488 quo·
1128 4396 1224 4487 puli,
1250 4419 1324 4465 non
1340 4395 1461 4485 perdet
1478 4393 1673 4463 mercedem
1692 4415 1804 4462 suam.
1853 4387 1902 4462 Et
1924 4393 1961 4462 in
1977 4392 2118 4468 Psalmo

90 4515 159 4587 que
174 4492 213 4560 iu
228 4487 294 4562 hac
311 4491 429 4566 schola
442 4496 569 4570 merito
583 4499 761 4583 debemus,
776 4497 817 4588 in
831 4509 974 4592 qua„ut
988 4493 1080 4566 nihil
1128 4498 1297 4588 scriptum
1323 4510 1390 4566 est:
1423 4494 1552 4566 Beatus
1574 4496 1633 4588 qui
1656 4493 1824 4582 intelligit
1843 4518 1949 4586 super
1970 4519 2120 4586 egenum

90 4595 188 4666 aliud
203 4594 330 4682 dicam,
348 4597 411 4668 ille
425 4593 610 4690 Evangelii
623 4623 749 4692 scopus
763 4599 952 4689 diligenter
967 4599 1081 4690 expli·
1129 4613 1163 4669 et
1177 4623 1386 4692 pauperem,
1411 4597 1450 4666 in
1465 4598 1523 4666 die
1543 4597 1634 4666 mala
1653 4597 1820 4668 liberabit
1842 4621 1922 4674 eum
1941 4598 2120 4682 domiuus.

90 4709 192 4768 catur
220 4709 257 4767 et
282 4701 500 4785 ostenditur,
530 4727 595 4772 nec
625 4704 722 4772 deest
747 4702 897 4772 facultas
921 4701 1079 4771 discendi
1132 4700 1172 4770 ln
1192 4697 1247 4771 his
1272 4701 1455 4770 sententiis
1472 4701 1626 4769 ostendit
1644 4695 1757 4784 Deus,
1783 4698 1909 4793 quanti
1928 4699 2034 4772 faciat
2058 4702 2121 4768 be-

90 4797 205 4872 bonis.
258 4795 422 4872 Christus
446 4803 619 4892 gubernet
651 4803 767 4874 studia
801 4817 940 4886 nostra,
973 4805 1076 4874 etad
1129 4804 1250 4872 neficia
1270 4803 1438 4874 collocata
1454 4803 1493 4870 in
1505 4799 1691 4890 Evangelii
1706 4803 1882 4878 doctores:
1909 4825 1949 4870 ac
1963 4801 2120 4874 vicissim

90 4897 277 4991 Evangelii
293 4903 460 4993 gloriam,
486 4917 521 4975 et
535 4907 580 4974 ad
594 4920 751 4978 nostram
775 4919 809 4976 et
837 4905 997 4975 omnium
1013 4900 1081 4976 ho·
1128 4906 1300 4996 significat
1312 4918 1483 4998 tyrannos
1497 4907 1641 4974 daturos
1657 4926 1730 4972 esse
1746 4927 1876 4994 poenas
1893 4923 1976 4972 suae
1992 4904 2122 4972 crude·

90 5002 228 5072 minum
243 5005 403 5078 salutem.
435 5003 527 5077 Cum
542 5002 628 5077 haec
642 5009 736 5078 bona
753 5006 866 5084 insint
879 5007 918 5074 in
934 5031 1080 5098 promo·
1128 5007 1246 5078 litatis.
1296 5001 1420 5076 Acme
1436 5005 1581 5100 quidem
1598 5005 1776 5074 interdum
1795 5005 2005 5093 cogitantem
2024 5017 2057 5072 et
2077 5005 2124 5074 de

91 5103 211 5191 tione,
234 5107 442 5198 praesertim
462 5107 502 5177 in
516 5103 583 5179 har
602 5104 742 5194 schola,
768 5131 873 5178 nemo
887 5131 1014 5194 sanus,
1039 5123 1081 5178 ut
1127 5107 1320 5202 principis,
1345 5107 1438 5178 etde
1456 5121 1572 5178 vestro
1599 5109 1777 5200 totiusque
1795 5105 1933 5197 reipub.
1948 5105 2124 5194 periculo,

91 5227 215 5298 spero,
239 5209 428 5280 consilium
445 5223 608 5282 nostrum
624 5211 661 5281 ln
683 5205 740 5282 his
755 5209 1007 5302 promovendis
1023 5233 1081 5280 re-
1127 5212 1231 5280 valde
1244 5211 1474 5280 consolantur
1495 5204 1562 5279 hae
1583 5209 1795 5295 sententiae,
1815 5220 1848 5277 et
1871 5205 1910 5274 in
1934 5229 2030 5298 spem
2049 5206 2126 5276 eri-

91 5302 299 5398 prehendcb
356 5308 405 5384 Et
431 5311 639 5410 intelligunt
669 5314 725 5384 illi
749 5313 836 5406 ipsi,
868 5313 998 5407 quibus
1021 5308 1080 5383 hic
1128 5326 1234 5402 gunt,
1257 5325 1297 5384 ιιι
1313 5313 1487 5382 confidam
1502 5311 1600 5396 fore,
1624 5324 1664 5381 ut
1680 5307 1776 5380 Deus
1793 5309 1984 5380 clementer
2001 5309 2128 5378 defen·
2153 5351 2156 5360 =
2188 5325 2193 5339 ¹

92 5403 206 5482 honos
225 5411 446 5498 decernitur,
471 5409 568 5488 bunc
589 5439 662 5488 esse
677 5416 814 5490 aditum
829 5415 962 5487 nonad
985 5437 1082 5508 opes,
1129 5417 1190 5487 det
1213 5413 1429 5509 principem,
1461 5436 1501 5509 ac
1519 5425 1633 5585 qqtqm
1654 5409 1782 5505 Remp.
1834 5405 1935 5484 Etsi
1957 5410 2125 5482 volumus
