4718 5828
226 219 303 300 sss
896 233 924 281 .-
953 195 1126 314 ouen
1153 189 1541 280 ouvusrrru:
1589 214 1594 227 ·
2190 193 2270 278 rso

227 395 331 468 Bona
346 387 445 480 vulgi
465 396 546 477 'pars
567 380 661 452 ridet
682 371 890 450 sardonium
911 371 1024 448 risam
1042 372 1082 444 in
1104 370 1223 444 aliena
1273 364 1392 457 Quam
1414 363 1518 439 multi
1541 385 1663 458 graves
1684 364 1756 441 atsi
1778 365 1941 462 quotidie
1962 362 2029 443 btc
2052 316 2097 444 dc
2118 392 2158 442 re
2177 393 2274 464 qne-

228 493 447 574 ffllamime‚
482 501 517 558 er
542 475 759 571 triumphat,
794 475 895 574 quasi
920 500 960 546 re
981 471 1082 546 bene
1115 485 1223 564 gesta,
1274 468 1428 547 nentur?
1463 466 1536 540 Sed
1558 479 1664 541 tanta
1683 468 1770 540 mali
1791 469 1847 540 vis
1873 483 1946 557 est,
1978 483 2019 542 nt
2037 471 2187 564 reprimi
2207 487 2276 544 aut

228 618 425 692 aquosum
446 588 616 681 opinione
642 579 845 671 longissime
868 601 931 648 vos
947 579 1068 650 abesse
1091 589 1223 646 conve·
1274 571 1390 644 sanari
1406 594 1481 644 uon
1494 569 1617 662 possit.
1662 568 1835 660 Quotidie
1847 592 1961 645 novae
1977 573 2112 648 formae
2128 575 2276 668 excogi-

136 697 140 704 ’
228 701 296 774 nit.
348 696 469 788 Neque
496 690 592 760 enim
621 685 826 773 intelligunt
849 681 936 774 quid
966 680 1019 750 illi
1051 677 1135 750 urbl
1160 677 1224 750 de-
1274 688 1411 746 tantur:
1445 695 1548 759 nuuc,
1562 673 1676 764 placet
1697 673 1845 762 gallicus
1863 675 1996 768 pileus,
2027 700 2125 748 nunc
2141 673 2276 771 'hispa-

229 801 387 884 buerint,
410 808 471 866 aut
487 793 575 888 quid
587 785 794 860 detrimenti
808 804 850 852 ex
864 783 940 854 eius
953 782 1101 854 interitu
1109 781 1222 871 Resp.
1276 777 1377 848 nicus
1392 775 1563 846 cucullus.
1613 773 1689 844 Alii
1704 777 1900 848 sarmaticis
1915 771 2069 850 brachiis
2090 779 2277 850 delectan-

230 901 413 994 acceperit.
463 893 604 967 Deinde
630 887 768 960 cum-in
789 880 857 956 boc
872 885 1002 956 misero
1019 885 1120 955 urbis
1141 905 1223 954 casu
1275 893 1355 966 tur,
1380 890 1415 948 et
1433 872 1520 948 baec
1539 877 1615 968 ipsa
1631 900 1738 969 quam
1755 879 1851 948 varie
1871 881 2096 952 deformant?
2130 879 2279 974 integra

141 1005 143 1010 '
230 1008 399 1078 videntur
413 999 518 1070 etiam
532 994 648 1066 studia
662 991 844 1062 literarum
860 986 898 1056 in
910 988 1091 1082 quoddam
1099 985 1225 1055 discri-
1277 981 1382 1051 vestis
1403 1003 1528 1072 parum
1552 977 1659 1068 digua
1684 979 1763 1048 viro
1789 1003 1862 1051 esse
1886 983 2063 1064 creditur,
2094 985 2155 1054 sed
2178 985 2279 1056 lace-

230 1133 315 1180 m„
332 1102 489 1181 venisse,
516 1120 578 1168 vos
595 1094 692 1188 quod
719 1093 834 1162 bonos
855 1089 949 1160 cives
970 1091 1089 1173 decet,
1115 1086 1225 1175 magis
1277 1095 1353 1154 rata
1379 1095 1413 1152 et
1430 1081 1530 1152 mille
1544 1081 1679 1153 variata
1693 1081 1891 1169 coloribus,
1914 1084 2055 1177 qualem
2068 1085 2156 1156 olim
2171 1111 2279 1158 scur-

232 1215 273 1282 in
296 1207 381 1278 baec
409 1203 526 1275 studia
551 1195 766 1278 incumbite,
798 1215 888 1286 quae
909 1193 939 1264 si
962 1189 1225 1261 conservaveri-
1278 1207 1397 1259 rarum
1422 1184 1530 1256 fuisse
1546 1183 1714 1254 vestitum
1737 1185 1895 1274 picturae
1912 1199 2046 1256 veteres
2069 1163 2281 1274 ostendunt,

231 1335 331 1395 mus,
367 1330 442 1378 non
461 1301 718 1396 desperandum
740 1307 810 1378 est,
843 1293 930 1386 quin
951 1293 1128 1384 urbsipsa
1145 1313 1227 1360 rur·
1279 1311 1318 1358 ea
1342 1288 1484 1356 demum
1515 1285 1709 1377 plurimum
1743 1281 1851 1358 babet
1873 1288 2137 1375 admirationis,
2169 1303 2283 1384 atque

54 1901 57 1908 ²
127 1853 133 1868 “
250 1888 318 1962 uo.
338 1883 399 1959 17.

234 1439 293 1486 sus
309 1415 347 1482 in
343 1408 555 1585 lpristinum
569 1417 699 1476 statum
716 1411 751 1469 et
766 1396 973 1486 dignitatem
990 1393 1127 1468 restitui
1144 1415 1247 1484 pos·x
1280 1385 1366 1459 baec
1380 1387 1513 1476 singuli
1530 1387 1689 1480 quotidie
1705 1403 1856 1462 mutant.
1892 1387 2022 1463 Nullus
2037 1387 2186 1462 Proteus
2201 1405 2280 1464 tam

235 1519 292 1590 sit.
380 1511 440 1586 ini.
540 1521 543 1526 '

250 1719 1226 1759 Μ

1068 1894 1118 1940 su.
1133 1871 1227 1935 1527.

246 1979 418 2014 Μ
1049 1959 1222 1991 Μ

587 2099 665 2184 De
702 2094 879 2181 vestitas.

309 2281 415 2340 Prodiit
427 2279 508 2335 simul
526 2295 589 2332 cum
606 2273 782 2331 antecedente
799 2271 867 2336 leid.
884 2267 1006 2336 Νο.16.).
1041 2265 1172 2317 lirense·
1193 2259 1229 2314 ud

344 2355 421 2406 Crat.
436 2349 504 2420 ttyt.
523 2348 629 2416 p.5t8s
651 2365 689 2414 q.,
705 2344 735 2397 in
750 2342 901 2398 Declamas.
914 2338 947 2391 Τ.
958 2337 978 2390 Ι.
993 2335 1105 2406 pesa,
1123 2333 1150 2385 in
1165 2280 1230 2384 der·

343 2433 410 2476 vest.
427 2439 453 2490 p.
468 2418 528 2470 528.
541 2426 567 2470 et
580 2365 650 2486 apud
665 2413 840 2470 Richardium
855 2407 888 2465 T.
904 2407 937 2466 ΙΙ.
957 2424 984 2470 p.
998 2403 1057 2458 287.
1079 2429 1108 2442 a-
1147 2399 1230 2452 Erra-

341 2491 380 2546 vit
396 2490 499 2559 myrtus
516 2488 544 2539 in
562 2481 739 2551 chronologia
754 2480 922 2547 scriptorum
939 2471 1138 2534 Melantbonis,
1157 2467 1231 2537 quod

343 2561 413 2614 banc
426 2555 578 2610 orationem
592 2553 626 2605 ad
639 2569 702 2606 ann.
720 2549 794 2603 1586.
808 2545 910 2600 retulit.
929 2543 1046 2596 Videtur
1058 2539 1138 2594 etism
1154 2535 1232 2590 lenae

343 2629 433 2684 babila
447 2643 516 2680 esse.

245 2794 375 2864 Oratio
410 2791 544 2857 contro
578 2771 861 2876 affectationem
895 2773 1076 2846 novitatis
1102 2773 1143 2840 in
1169 2756 1233 2837 ve·

683 2885 790 2952 atita.

244 3029 409 3113 'famem
429 3055 504 3102 non
525 3029 676 3100 dubium
693 3041 745 3097 est
759 3020 869 3110 mibi,
895 3021 1086 3094 Auditores
1101 3015 1234 3090 Candi-

246 3137 404 3220 dissimi,
429 3133 516 3228 quin
538 3132 641 3200 valde
662 3129 763 3200 vobis
786 3125 917 3196 mirum
934 3123 1113 3205 videatur,
1138 3119 1234 3214 quod

245 3241 339 3315 banc
355 3233 555 3308 cathedram
566 3231 849 3304 doctissimorum
864 3217 1050 3298 bominum
1066 3245 1237 3292 conscen-

246 3337 348 3427 dere,
379 3351 584 3428 tantamque
613 3333 850 3425 provinciam,
884 3351 923 3398 ac
948 3351 1039 3398 onus
1061 3324 1236 3414 suscipere

147 3481 150 3490 ·
246 3467 352 3520 ausus
370 3465 473 3530 sum,
507 3451 643 3520 tamen,
677 3459 757 3505 cum
777 3427 918 3504 scholae
937 3443 1079 3500 nostrae
1100 3449 1235 3494 morem

247 3547 382 3631 sciatis,
414 3566 490 3612 non
517 3539 661 3618 dubito,
695 3537 783 3630 quin
811 3557 901 3628 quae
925 3546 1038 3604 vestra
1068 3523 1237 3600 hactenus

249 3669 478 3740 ergaomnes,
494 3644 555 3736 qui
572 3643 609 3710 in
626 3635 721 3710 hunc
737 3640 854 3708 locum
871 3633 1001 3704 dicturi
1017 3633 1237 3724 prodierunt,

247 3753 317 3824 fuit
338 3747 540 3820 humanitas
570 3767 610 3814 ac
639 3737 903 3821 benevolentia,
933 3759 989 3804 me
1012 3758 1154 3827 quoque
1175 3733 1238 3804 be-

249 3856 356 3944 nigne
387 3849 593 3942 placideque
618 3843 779 3914 audituri
804 3840 891 3912 sitis.
949 3833 1026 3926 Ego
1051 3859 1133 3903 vero
1163 3857 1238 3903 non

249 3959 292 4028 de
307 3949 581 4033 belloTroiano,
601 3961 663 4018 aut
676 3941 880 4016 huiusmodi
897 3938 1101 4032 pervulgata
1118 3935 1239 4005 fabula

251 4060 412 4129 dicturus
443 4051 582 4144 prodii,
621 4051 681 4120 sed
709 4068 788 4116 cum
824 4044 923 4114 nulla
951 4040 1064 4110 virtus
1092 4039 1240 4131 perinde

251 4159 489 4232 adolescentes
515 4155 652 4238 deceat,
685 4165 790 4243 atque
813 4143 1000 4226 modestia,
1029 4141 1107 4234 cepi
1122 4138 1240 4211 consi-

250 4265 341 4333 lium
356 4260 401 4328 de
424 4257 577 4350 quadam
600 4255 675 4324 eius
690 4249 830 4324 virtutis
851 4259 950 4340 parte
972 4244 1128 4317 dicendi.
1180 4239 1240 4310 ld-

252 4389 321 4459 que
341 4370 585 4449 argumentum
608 4380 649 4425 eo
670 4352 806 4443 suscepi
830 4349 1016 4432 libentius,
1051 4359 1091 4416 ut
1114 4345 1143 4414 si
1166 4367 1243 4414 non
1272 4434 1274 4436 Ι

253 4464 312 4537 bic
334 4475 478 4555 propter
497 4457 735 4550 eloquentiam
759 4455 899 4524 laudem
920 4467 1103 4532 mererer,
1123 4461 1240 4516 tamen

254 4562 343 4640 mibi
363 4565 497 4634 interea
509 4579 682 4639 canerem,
706 4558 796 4626 sicut
814 4555 873 4624 ille
890 4545 1125 4649 cytharoedus
1140 4547 1241 4625 dixit,

255 4690 382 4760 meque
402 4667 444 4736 ad
462 4663 537 4732 eius
553 4661 695 4732 virtutis
710 4657 866 4730 studium
883 4657 1080 4726 excitarem.
1135 4648 1241 4720 insti-

227 4847 230 4854 ,
254 4772 308 4844 tui
323 4781 439 4840 autem
456 4763 652 4836 orationem
677 4774 798 4832 contra
815 4756 1083 4828 adfectationem
1102 4751 1244 4822 novita-

254 4874 300 4946 tis
327 4885 361 4942 et
379 4869 529 4940 aliarum
547 4866 760 4957 ineptiarum
777 4862 815 4932 in
833 4859 980 4941 vestitu,
1005 4857 1101 4951 quod
1117 4855 1243 4926 vitium

255 4999 335 5046 cum
360 4973 405 5042 sit
422 4968 592 5062 opinione
615 4966 827 5049 nocentius,
851 4977 969 5034 tamen
989 4961 1076 5029 adeo
1100 4958 1244 5047 vulgare

1281 1492 1396 1580 varias
1412 1489 1531 1561 induit
1545 1491 1684 1579 figuras,
1696 1511 1802 1582 quam
1819 1492 1931 1564 nostri
1947 1493 2109 1576 iuvenes,
2121 1493 2282 1570 subinde

1280 1588 1442 1694 habitum
1465 1603 1659 1676 mutantes,
1689 1615 1764 1660 non
1787 1593 1890 1664 aliter
1911 1606 2017 1688 atque
2046 1593 2085 1664 in
2108 1619 2210 1668 scena
2236 1591 2281 1666 bi
2351 1581 2352 1584 ¹

1281 1695 1343 1789 qui
1369 1693 1489 1785 plures
1506 1716 1674 1784 personas
1689 1694 1877 1768 sustinent.
1928 1694 2142 1790 Quanquam
2167 1698 2283 1790 igitur

1281 1791 1349 1866 hoc
1366 1796 1492 1865 vitium
1513 1818 1626 1888 usque
1650 1797 1738 1865 adeo
1755 1809 1934 1888 receptum
1955 1797 2021 1883 sit,
2044 1811 2175 1870 utnon
2188 1802 2283 1870 ado-

1283 1898 1447 1991 lescentis
1474 1898 1653 1981 oratione,
1686 1898 1820 1990 inqua
1853 1895 1944 1968 nibil
1976 1921 2051 1970 esse
2076 1902 2283 1972 autoritatis

1284 2012 1416 2092 potest,
1439 2021 1514 2069 non
1538 1999 1658 2092 aliqua
1683 1999 1855 2070 mediocri
1872 2001 2074 2094 eloquentia
2096 2004 2174 2074 tolli
2194 2027 2282 2095 pos-
2351 2033 2352 2038 ¹

1282 2101 1346 2185 sit,
1371 2115 1489 2170 tamen
1518 2101 1627 2172 libuit
1654 2101 1694 2170 in
1720 2115 1928 2190 argumento
1960 2095 2109 2176 honesto
2140 2105 2283 2195 ingenii
2351 2159 2352 2166 κ

1285 2203 1379 2274 vires
1400 2203 1562 2296 experiri.
1615 2199 1757 2290 Quaeso
1778 2217 1895 2276 autem
1912 2227 1994 2291 vos,
2018 2219 2059 2276 nt
2076 2230 2139 2298 pro
2157 2221 2281 2278 vestm
2351 2199 2352 2262 Ῐ

1285 2327 1384 2374 more
1418 2305 1571 2394 benigne
1603 2325 1660 2372 me
1688 2306 1929 2399 patienterque
1958 2309 2004 2378 de
2029 2302 2283 2383 honestissima

1284 2429 1387 2478 causa
1403 2407 1578 2476 dicentem
1593 2406 1756 2476 audiatis.
1807 2407 1849 2478 ld
1871 2408 1902 2476 si
1923 2411 2023 2500 nulla
2042 2411 2109 2483 alia
2126 2433 2199 2496 res,
2224 2425 2284 2482 ta-
2351 2437 2352 2452 ³

1285 2532 1369 2578 men
1389 2521 1483 2578 aetas
1505 2529 1583 2578 mea
1612 2531 1632 2577 a
1656 2509 1760 2578 vobis
1782 2509 1970 2600 impetrare
1991 2513 2158 2598 debebat,
2184 2535 2282 2606 quae

1285 2622 1430 2702 propter
1445 2609 1724 2682 imbecillitatem
1734 2634 1808 2682 non
1824 2613 1955 2702 poterit
1971 2629 2170 2705 susceptum
2183 2639 2283 2686 onus
2351 2601 2352 2638 ³

1285 2711 1457 2804 perferre,
1498 2711 1568 2780 nisi
1599 2711 1771 2800 singulari
1812 2713 1933 2789 favore
1968 2729 2085 2788 vestro
2117 2717 2284 2788 animum

1286 2839 1405 2884 meum
1421 2813 1726 2888 confirmaveritis.

1389 2961 1456 3037 Est
1477 2977 1595 3034 autem
1615 2989 1696 3036 eum
1717 2991 1781 3060 per
1800 2991 1873 3038 sese
1892 2967 2095 3060 turpissima
2110 2969 2283 3040 novitatis
2351 2953 2352 2962 ἵ

1288 3071 1326 3138 in
1342 3068 1471 3138 vestitu
1485 3067 1689 3152 adfectatio,
1711 3084 1787 3140 tum
1805 3064 1873 3140 hoc
1890 3071 1994 3140 etiam
2008 3069 2154 3143 nomine
2169 3071 2284 3162 magis

1287 3169 1473 3262 fugienda,
1498 3167 1582 3262 quia
1604 3169 1735 3240 multas
1750 3193 1791 3240 ex
1807 3195 1843 3242 se
1859 3169 1945 3242 alias
1961 3185 2073 3271 pestes
2087 3171 2219 3264 gignit,
2249 3187 2283 3243 et
2351 3153 2352 3208 3

1289 3270 1455 3366 pleraque
1478 3271 1589 3341 animi
1611 3271 1696 3341 vitia
1714 3271 1834 3364 prodit
1855 3287 1960 3366 atque
1982 3273 2056 3348 alit.
2106 3269 2178 3346 Nec
2195 3299 2285 3366 pro·
2351 3265 2352 3268 ¹

1288 3375 1346 3446 cul
1370 3371 1475 3442 nobis
1503 3389 1710 3462 argumenta
1739 3375 1934 3446 sententiae
1960 3391 2100 3446 nostrae
2130 3379 2284 3470 pelenda
2351 3389 2352 3434 3

1289 3491 1383 3550 sunt.
1415 3515 1416 3518 ¹
1440 3471 1584 3546 Etenim
1615 3499 1695 3545 cum
1733 3501 1849 3570 nuper
1874 3473 1933 3556 hic
1958 3479 2001 3546 de
2031 3479 2286 3568 conservandis

1290 3579 1469 3648 veteribus
1484 3578 1643 3646 moribus
1657 3577 1801 3670 quidam
1819 3603 1861 3650 ex
1882 3591 2005 3650 nostro
2021 3580 2185 3651 sodalitio
2201 3603 2283 3668 gra·

1290 3681 1431 3749 vissime
1447 3679 1595 3758 dixerit,
1620 3699 1722 3768 spero
1743 3704 1797 3748 me
1810 3679 1948 3754 facilius
1969 3677 2062 3752 hanc
2083 3707 2223 3751 causam
2238 3683 2284 3752 de

1290 3783 1419 3853 usitato
1447 3779 1575 3850 vestitu
1602 3779 1792 3850 retinendo
1815 3785 1916 3852 vobis
1940 3787 2173 3876 probaturum
2197 3807 2282 3854 esse.

1291 3879 1434 3955 Etenim
1459 3895 1498 3952 ut
1528 3882 1567 3954 in
1596 3881 1674 3952 aliis
1705 3883 1856 3974 publicis
1887 3885 2060 3958 institutis
2084 3887 2206 3956 odiosa
2231 3901 2286 3957 est

1291 3985 1459 4056 novitatis
1487 3983 1691 4070 adfectatio,
1730 3987 1778 4056 ita
1803 3989 1909 4056 etiam
1934 3987 1972 4057 in
1996 3989 2125 4060 vestitu
2155 3987 2285 4058 merito

1291 4087 1487 4179 improbari
1503 4087 1617 4156 debet.

1394 4238 1541 4331 Semper
1562 4252 1679 4310 autem
1705 4240 1956 4331 sapientissimi
1982 4238 2144 4317 homines
2166 4265 2287 4316 sense-

1293 4358 1379 4415 runt
1393 4355 1528 4412 veteres
1551 4365 1687 4426 mores,
1712 4356 1899 4436 veteraque
1922 4345 2082 4418 instituta
2098 4345 2286 4418 civitatum

1294 4470 1332 4516 ac
1348 4445 1560 4538 populorum
1577 4465 1712 4512 summa
1723 4467 1806 4514 cura
1822 4439 2023 4518 conservari
2033 4449 2172 4532 debere,
2186 4452 2284 4540 quod

1294 4547 1394 4618 nulla
1410 4569 1464 4614 res
1481 4545 1626 4635 perinde
1642 4546 1757 4617 laedat
1776 4549 1955 4637 publicam
1978 4550 2285 4643 tranquillitatem,

1295 4663 1400 4742 atque
1415 4649 1538 4716 crebra
1552 4647 1669 4737 legum
1684 4671 1897 4743 morumque
1912 4652 2072 4736 mutatio,
2093 4676 2166 4720 non
2182 4653 2287 4722 aliter
2351 4677 2352 4684 ¹

1295 4765 1400 4841 atque
1425 4749 1582 4840 corporis
1611 4744 1760 4820 humani
1788 4752 2028 4824 valetudinem
2058 4754 2150 4824 ratio
2172 4754 2287 4826 victus

1296 4875 1398 4944 saepe
1423 4863 1555 4920 mutata
1577 4852 1786 4922 labefactare
1810 4853 1909 4925 solet.
1959 4851 2048 4926 Eius
2069 4853 2152 4924 mali
2168 4867 2207 4924 ut
2224 4880 2286 4926 ve-

1297 4971 1371 5027 tera
1388 4953 1604 5045 omittamus,
1631 4967 1749 5027 nostra
1765 4968 1859 5025 aetas
1872 4956 2073 5028 miserabile
2086 4957 2286 5048 exemplum

257 5092 326 5161 est,
351 5077 439 5144 adeo
458 5069 549 5162 cepit
566 5069 762 5153 iuventutis
776 5066 925 5146 animos,
951 5075 992 5132 ut
1005 5061 1116 5130 nullis
1129 5079 1245 5153 neque
1297 5057 1400 5128 vidit.
1452 5053 1643 5148 Postquam
1666 5055 1760 5124 enim
1783 5058 1887 5147 pauci
1909 5071 2043 5130 tantum
2068 5059 2157 5134 ritus
2176 5059 2288 5128 eccle-

256 5178 395 5268 legibus
410 5197 531 5246 eorum
543 5173 606 5266 qui
622 5170 783 5261 Respub.
798 5167 1015 5256 gubernant,
1039 5185 1105 5232 nec
1122 5163 1247 5234 docto·
1297 5158 1440 5238 siastici,
1461 5157 1522 5250 qui
1537 5159 1606 5226 iarn
1620 5159 1742 5228 nescio
1754 5161 1932 5252 quomodo
1948 5163 2174 5249 degenerasse
2188 5161 2286 5230 dice-

258 5304 338 5352 rum
353 5275 576 5348 sermonibus
589 5273 718 5362 corrigi
734 5269 856 5362 possit.
909 5266 1060 5356 Quoties
1077 5265 1173 5334 enim
1189 5259 1246 5333 his
1270 5342 1273 5363 .
1297 5264 1447 5345 bantur,
1479 5259 1639 5347 abrogati
1655 5273 1755 5346 sunt,
1787 5260 2008 5336 incredibilis
2028 5263 2145 5335 omnis
2170 5262 2287 5334 divini

258 5380 391 5462 nostris
414 5377 633 5470 temporibus
656 5378 701 5448 de
722 5369 788 5447 hac
810 5393 847 5442 re
868 5371 960 5460 leges
979 5367 1126 5459 scriptae
1142 5360 1248 5438 sunt?
1270 5368 1273 5458 l
1297 5377 1402 5458 atque
1426 5357 1577 5435 humani
1597 5361 1686 5432 iuris
1710 5376 1932 5455 contemptus
1959 5379 2099 5438 secutus
2125 5377 2186 5436 est.
2236 5361 2287 5435 Et
