4718 5828
252 201 301 278 ιι
403 152 410 162 ’
532 211 534 224 ·
910 221 915 231 ·
990 191 1564 278 oucunuuuorsus.
2237 195 2281 270 ιι

250 371 422 444 sessiones
445 365 721 458 adsignavit„si
747 367 845 438 aliud
871 367 1072 452 videbitur,
1095 368 1152 440 ius
1175 367 1242 438 erit
1294 389 1330 438 se
1346 367 1553 460 Principum
1568 391 1606 437 ac
1621 367 1862 440 multitudinis
1877 383 1939 453 est,
1966 369 2020 439 ius
2037 369 2216 460 scriptum,
2240 371 2277 438 ad

222 477 405 566 ·cripere‚
431 473 526 566 quod
548 469 769 550 dictumest
794 470 967 542 indictum
990 469 1117 551 luerit,
1145 470 1242 567 quod
1293 494 1415 562 pacem
1433 471 1602 540 tuendam
1621 484 1874 561 comparatum.
1927 470 2000 538 lam
2016 484 2050 538 et
2068 471 2219 562 improbi
2233 473 2280 540 ci·

250 579 358 646 modo
384 589 460 644 erat
480 585 615 654 ratum,
644 570 785 642 irritum
809 572 925 644 luerit.
978 571 1165 664 Quidquid
1180 573 1244 640 de·
1293 595 1353 641 ves
1375 569 1548 642 facilius
1539 593 1575 637 tn
1599 571 1760 640 fortunas
1784 572 1966 642 ιιΙίοι-ιιιιι
1956 586 2127 663 ιιιιριιιιιιι
2143 573 2280 654 facient,

251 677 419 762 creverit,
443 697 482 742 ιιι
500 685 606 742 vento
621 686 654 742 et
671 673 794 762 rapida
816 674 967 742 scribere
984 687 1122 764 oportet
1137 697 1243 768 aqua,
1294 697 1374 743 cum
1400 672 1457 744 vel
1487 671 1607 740 nullae
1634 696 1768 764 poenae
1792 688 1905 744 certae
1931 675 2196 758 absterrebant,
2228 676 2280 744 vel

251 801 363 871 usque
392 777 479 846 adeo
509 797 584 842 non
614 765 790 844 constabit
814 775 903 860 sibi,
929 787 964 844 et
988 777 1065 845 iure
1090 773 1243 846 subinde
1294 797 1350 844 rus
1368 774 1436 844 erat
1458 772 1644 848 incertum.
1695 769 1848 854 Contra,
1873 789 1913 844 ut
1932 802 1954 843 ιι
1972 801 2033 867 qur
2055 775 2122 846 ster
2141 775 2282 860 faciunt

129 912 157 930 .,
250 892 386 952 mutato
408 879 446 946 in
470 876 576 946 aliam
596 898 631 943 se
656 875 807 946 formam
826 901 989 970 προτιιυς
1004 899 1102 946 more
1120 889 1243 948 vertet
1294 899 1374 944 cum
1392 899 1485 944 vram
1506 874 1664 944 indicant
1677 873 1908 944 Mercuriales
1923 891 2083 965 statuae,
2105 872 2197 946 mlul
2212 901 2281 944 me-

252 980 335 1052 Non
353 982 496 1059 domus
521 1001 595 1044 non
615 976 736 1061 libers,
763 1001 835 1046 non
854 1002 1026 1061 coniunx
1052 977 1182 1070 quibus
1198 1001 1244 1046 ne
1294 989 1418 1062 tuum,
1444 975 1572 1044 neculu
1588 991 1724 1057 errent,
1751 977 1798 1046 ita
1823 979 1909 1045 bosri
1934 1001 2027 1046 caves
2048 1003 2127 1048 cum
2150 993 2280 1046 certum

118 1109 131 1116 ·
253 1095 372 1152 nostra
386 1080 529 1172 quadem
548 1077 619 1147 urta
635 1079 739 1146 nobas
757 1103 872 1148 canor
886 1094 956 1162 est,
981 1105 1019 1148 ιιι
1037 1093 1112 1150 tuto
1127 1093 1244 1148 erunt.
1295 1079 1350 1148 ius
1378 1077 1598 1170 propositum
1630 1093 1699 1164 est,
1731 1077 1846 1148 securi
1868 1079 2018 1168 degunt,
2052 1103 2131 1148 cum
2158 1081 2282 1148 docent

252 1183 326 1258 Res
352 1183 467 1250 bonae
491 1201 633 1262 omnes,
661 1181 789 1270 pietas,
824 1175 1043 1264 humanitas,
1069 1181 1242 1264 doctrina,
1296 1181 1406 1268 leges,
1431 1191 1465 1247 et
1481 1178 1567 1272 quid
1585 1201 1649 1268 pro
1670 1202 1706 1247 sc
1721 1179 1871 1272 quisque
1892 1194 2068 1272 praestare
2084 1182 2226 1263 debeat,
2251 1193 2283 1248 et

252 1300 413 1375 artesque
426 1282 629 1363 universae,
652 1305 741 1372 quae
762 1282 879 1352 ocium
907 1305 1096 1374 pacemque
1114 1295 1245 1372 amant,
1295 1281 1383 1376 quid
1405 1280 1575 1372 cuiusque
1597 1278 1644 1349 sit
1667 1281 1875 1372 proprium,
1898 1297 1932 1352 et
1953 1281 2126 1372 improbis
2150 1295 2279 1352 certum

252 1386 454 1456 exulabant.
487 1388 541 1450 Aa
556 1405 634 1452 cum
653 1377 708 1450 lais
722 1383 818 1451 vitiis
833 1384 924 1472 leges
937 1384 1155 1468 medeantur,
1179 1407 1244 1451 nec
1294 1383 1439 1451 esitium
1456 1381 1649 1450 minantur.
1701 1378 1793 1452 Cum
1813 1395 1930 1452 autem
1948 1383 2093 1452 libertas
2108 1377 2201 1449 nibil
2219 1381 2282 1450 nisi

251 1485 427 1556 libertatis
452 1483 546 1554 ullus
572 1495 748 1573 praeterea
774 1484 912 1554 fidelior
930 1485 975 1556 sit
997 1501 1131 1568 custos,
1156 1485 1243 1577 quid
1295 1483 1401 1552 inane
1417 1481 1629 1552 vocabulum
1646 1483 1710 1567 sit
1735 1481 1764 1550 si
1789 1484 1892 1552 bonis
1915 1485 2138 1554 securitatem
2158 1487 2283 1566 demas,

252 1603 349 1659 vetat
377 1587 494 1674 legum
524 1585 694 1654 benelicio
723 1585 801 1654 uti?
844 1584 944 1674 Quae
976 1585 1245 1674 Magistratibus
1296 1584 1439 1655 crudele
1465 1583 1612 1653 luerit
1601 1605 1657 1652 rus
1684 1583 1854 1674 ιιιῐριιιιιι
1883 1609 1902 1653 e
1933 1585 2051 1652 medio
2082 1585 2227 1664 tollere,
2256 1583 2282 1650 si

253 1689 472 1763 fiduciariam
497 1699 634 1758 tantum
657 1687 771 1756 nostri
793 1701 997 1778 potestatem
1021 1687 1172 1772 iaciunt,
1204 1699 1246 1758 ut
1295 1687 1381 1780 quad
1402 1688 1446 1754 sd
1470 1684 1691 1754 securitatem
1718 1685 1755 1752 in
1777 1686 1953 1756 bonorum
1975 1709 2104 1756 ιιιιιιιιι
2123 1688 2282 1754 alendam

253 1795 311 1862 ius
331 1802 512 1871 nostrum,
537 1787 674 1880 quotics
697 1788 937 1878 periclitamur
954 1805 1109 1880 repetere
1132 1789 1245 1861 liceat
1297 1788 1444 1858 confert.

253 1888 488 1966 Aristoteles'
477 1913 517 1958 ιιι
537 1891 733 1960 eudemum
753 1887 894 1980 Repub.
911 1913 1000 1984 quae
1015 1889 1145 1980 scripto
1168 1889 1245 1960 iure
1398 1885 1545 1960 Accedit
1564 1880 1655 1968 huc,
1682 1887 1778 1980 quod
1799 1899 1840 1956 ut
1861 1887 2109 1958 modestissimi
2126 1885 2284 1958 homines

253 1993 408 2084 regitur,
430 1987 549 2060 Deos
539 2014 712 2080 imperare
727 1993 905 2077 adfirmat,
932 1994 1027 2084 quod
1045 1992 1244 2061 libertatem
1296 1991 1488 2080 imperent,
1518 2001 1637 2059 tamen
1665 1989 1826 2058 futurum
1853 1989 1915 2072 sit,
1948 2003 1987 2059 ut
2011 1993 2055 2058 de
2084 1991 2162 2060 iure
2188 2011 2285 2078 saepe

253 2097 347 2184 leges
370 2106 556 2178 tueantur,
584 2115 653 2185 qua
678 2087 860 2162 haudscio
885 2117 931 2162 an
957 2087 1130 2163 haecvita
1152 2087 1245 2160 nibil
1296 2091 1525 2175 dissentiant,
1559 2089 1686 2158 nisiex
1709 2089 1815 2158 certis
1834 2089 1970 2178 legibus
1993 2115 2047 2160 res
2073 2091 2285 2161 iudicentur

257 2196 398 2268 dulcius
412 2188 548 2266 habeat.
601 2191 699 2280 Quid
715 2193 809 2262 enim
826 2194 1004 2278 foelicius,
1029 2217 1135 2288 quam
1150 2195 1247 2264 iniu-
1298 2191 1417 2282 Quae
1423 2205 1476 2261 est
1497 2203 1614 2260 autem
1638 2191 1744 2280 pestis
1763 2191 1964 2261 civitatibus
1982 2191 2216 2281 perniciosior
2231 2192 2285 2260 in-

255 2300 329 2368 riae
346 2309 441 2365 metu
454 2319 587 2380 vacare,
608 2297 842 2388 societateque
857 2291 1042 2367 bominum
1060 2309 1135 2366 tuto
1152 2295 1247 2366 frui?
1297 2294 1423 2364 testina
1448 2289 1649 2360 discordia?
1680 2288 1779 2378 Quas
1801 2287 1886 2362 baec
1905 2294 2030 2362 urbes
2032 2317 2106 2362 non
2126 2295 2286 2363 funditus

255 2399 414 2470 Proinde
440 2397 501 2464 ille
533 2420 579 2466 ne
612 2397 706 2464 bono
735 2399 877 2490 quidem
907 2397 985 2466 viro
1007 2397 1084 2466 sine
1111 2397 1248 2485 legibus
1297 2393 1448 2464 evertit?
1480 2391 1600 2482 Quare
1615 2392 1715 2460 nulla
1730 2405 1801 2461 tarn
1816 2417 1924 2484 parva
1940 2418 1996 2464 res
2012 2409 2081 2480 est,
2107 2419 2196 2488 quae
2211 2419 2284 2464 mo

254 2497 432 2589 Rempub.
451 2497 610 2565 mandari
628 2497 774 2586 patitur:
809 2495 878 2568 Sed
896 2498 1001 2567 recita
1025 2500 1145 2570 verba.
1297 2496 1404 2565 dead
1422 2493 1648 2564 concordiam
1663 2497 1939 2563 conservandam
1957 2497 2154 2566 conducere
2166 2496 2286 2564 videa-

363 2599 494 2670 Verum
509 2599 602 2668 dicet
618 2597 745 2690 aliquis
763 2597 915 2687 maligne
929 2623 985 2668 me
1001 2601 1044 2668 de
1059 2593 1246 2667 bominum
1298 2610 1376 2680 tur,
1401 2617 1489 2688 quae
1506 2593 1713 2684 negligenda
1730 2597 1786 2668 sit.
1834 2595 1945 2687 Saepe
1962 2611 2077 2666 autem
2093 2621 2134 2666 ex
2153 2597 2285 2666 levissi-

255 2701 409 2792 ingeniis
440 2701 591 2780 sentire,
627 2723 707 2770 curn
740 2701 875 2770 nullius
908 2702 996 2770 adeo
1031 2701 1248 2791 exploratam
1297 2699 1365 2766 mis
1382 2695 1537 2780 iniuriis,
1564 2719 1637 2764 non
1654 2719 1752 2766 secus
1768 2709 1872 2788 atque
1886 2721 1927 2768 ex
1941 2698 2178 2768 minutissima
2193 2699 2286 2768 scin-

256 2805 381 2885 fidem,
414 2825 453 2872 ac
482 2802 648 2872 virtutem
675 2821 748 2870 esse
779 2803 889 2884 duco,
922 2801 981 2872 cui
1012 2815 1088 2872 tuto
1123 2799 1248 2870 civitas
1300 2799 1395 2884 tilla,
1429 2795 1676 2888 gravissimum
1702 2798 1906 2868 incendium
1931 2800 2057 2870 oritur.
2108 2798 2285 2870 Nonraro

257 2904 429 2976 committi
455 2903 573 2994 possit.
625 2898 702 2992 Ego
720 2927 803 2972 vero
821 2903 972 2994 optarim
989 2903 1117 2996 passim
1133 2888 1248 2992 impe'-
1299 2914 1333 2972 et
1348 2923 1403 2970 res
1419 2897 1656 2987 gravissimae,
1680 2897 1718 2966 in
1737 2899 2025 2989 disceptationem
2044 2902 2204 2984 veniunt,
2228 2899 2286 2970 ubi

257 3031 337 3078 rare
353 3005 537 3090 Nestoras,
563 3027 684 3074 verum
702 3004 862 3074 videmus
876 3017 1006 3097 quanta
1031 3005 1076 3073 sit
1094 3002 1249 3096 optimo-
1300 3002 1330 3070 si
1347 2999 1615 3090 Magistratibus
1638 3001 1682 3068 de
1704 2999 1782 3069 iure
1805 3002 1896 3070 male
1913 3003 2138 3086 convenerit,
2161 3003 2287 3071 studiis

258 3133 337 3178 rum
354 3105 560 3196 Principum
577 3105 744 3197 paucitas.
791 3105 864 3174 Nec
877 3107 1067 3176 obscurum
1083 3119 1134 3175 est
1150 3117 1249 3174 vetus
1298 3101 1583 3192 factionibusque
1618 3101 1759 3190 publica
1794 3103 2034 3196 tranquillitas
2069 3105 2287 3181 turbabitur,

258 3209 349 3280 illud
367 3207 515 3278 dictum:
541 3204 717 3277 Omnium
735 3208 912 3278 bonorum
928 3206 1135 3297 Principum
1159 3205 1250 3273 ima·
1300 3207 1385 3274 dum
1414 3226 1498 3272 suae
1522 3225 1682 3296 quaeque
1707 3225 1787 3293 pars
1809 3205 2003 3274 sententiae
2031 3207 2287 3295 suffragatores,

259 3309 418 3402 ginesio
441 3332 513 3378 uno
535 3310 668 3378 annulo
690 3309 803 3400 sculpi
832 3331 945 3400 posse.
1005 3307 1125 3397 Quare
1149 3307 1250 3375 facile
1300 3307 1393 3375 addo
1411 3305 1516 3374 etiarn
1533 3302 1643 3388 vires
1668 3305 1830 3393 publicae
1853 3307 1975 3374 salutis
1993 3309 2122 3391 oblita
2145 3329 2287 3398 compa-

259 3412 394 3506 patior,
419 3410 457 3478 in
480 3410 736 3494 mediocribus,
763 3423 804 3480 ut
824 3424 907 3479 sunt
930 3409 1020 3493 iere,
1051 3423 1148 3479 certo
1173 3407 1250 3477 iure
1301 3419 1368 3477 rat,
1418 3405 1536 3493 Quam
1556 3417 1763 3474 autemnon
1785 3405 2015 3476 solitudinem
2036 3361 2157 3488 malis,
2183 3431 2287 3500 quam

260 3514 333 3584 vim
359 3512 451 3600 regi,
484 3525 518 3582 et
540 3511 647 3580 officii
671 3511 744 3595 sui,
777 3535 806 3580 ιι
823 3535 884 3606 qur
906 3525 990 3583 sunt
1008 3511 1250 3604 imprudentes
1302 3507 1477 3580 intestuus
1491 3506 1696 3595 flagrantem
1711 3507 1804 3576 odas
1819 3510 1943 3578 urbem
1960 3509 2098 3578 colerel
2119 3507 2288 3586 Proinde,

259 3613 508 3702 Magistratus,
533 3613 728 3684 admoneri.
778 3611 875 3683 Haec
891 3637 968 3684 mea
984 3625 1035 3684 est
1050 3613 1160 3684 ratio
1186 3634 1251 3679 nec
1301 3635 1380 3680 cum
1395 3607 1575 3678 Hebraeos
1590 3604 1712 3675 Deus
1702 3621 1795 3676 anter
1810 3633 1845 3677 se
1860 3633 1966 3702 quam
1982 3611 2288 3680 conrarnctrssrmos

260 3715 477 3784 foeliciorem
500 3709 783 3830 mibillempub
804 3713 962 3798 somnio,
988 3713 1249 3806 quamqualem
1301 3735 1392 3794 esse,
1418 3707 1677 3800 rectissimeque
1695 3711 1892 3778 consentire
1911 3713 2037 3801 vellet,
2065 3725 2175 3781 certas
2188 3713 2289 3800 ‚leges

262 3815 408 3884 existere
424 3839 479 3883 res
494 3809 669 3884 humanae
686 3815 820 3887 sinunt.
866 3813 978 3904 Finge
996 3829 1111 3886 autem
1131 3835 1250 3884 rerum
1301 3812 1400 3895 tulit,
1422 3825 1462 3880 ut
1477 3833 1517 3878 cx
1533 3809 1822 3899 praescriptooes
1846 3812 2060 3898 iudicarent,
2085 3814 2287 3904 nequando

263 3939 437 3986 summam
460 3918 503 3986 ad
520 3915 657 3986 Stoicos
679 3915 830 3984 delatam
844 3939 937 3996 esse,
964 3917 1026 4008 qui
1046 3939 1111 3985 nec
1127 3913 1251 4005 gratia,
1302 3915 1358 3983 ius
1383 3927 1649 3982 coutroversum
1678 3911 1864 3980 dissidium
1898 3929 2045 4002 pareret.
2106 3913 2289 4006 Plerisque

265 4019 428 4086 necodio
446 4017 674 4101 adliciuntur,
699 4017 760 4110 qui
784 4017 860 4086 falli
885 4031 1078 4110 nequeant,
1104 4017 1190 4108 quid
1208 4015 1252 4084 iis
1302 4016 1386 4085 item
1412 4013 1490 4082 aliis
1511 4012 1713 4081 civitatibus
1729 4013 1784 4080 vel
1809 4015 2008 4106 principum
2028 4017 2206 4111 tyranpis,
2233 4015 2287 4084 vel

263 4117 389 4200 iacies,
411 4119 493 4209 qui,
518 4132 558 4188 ut
574 4133 625 4188 est
640 4119 736 4208 vulgi
760 4119 985 4210 improbitas,
1010 4119 1148 4189 malunt
1164 4117 1254 4207 legi·
1303 4115 1424 4186 civiles
1447 4113 1642 4184 discordiae
1664 4114 1863 4204 imposuere
1884 4117 2000 4206 legum
2024 4119 2288 4186 condendarum

264 4220 595 4334 bus,quamvelsa
593 4218 1253 4310 notissimisMagistratibuscredere?
1303 4217 1553 4287 necessitatem.
1595 4212 1686 4282 Nam
1704 4239 1783 4284 cum
1801 4217 1944 4286 interce
1962 4215 2126 4302 Athenas
2153 4220 2222 4286 de
2212 4239 2288 4286 rure

264 4313 329 4388 Est
344 4343 438 4386 emm
454 4323 676 4412 quorundam
693 4335 789 4391 tanta
802 4323 933 4408 rabies
958 4335 1126 4414 tantaque
1143 4321 1252 4410 perta
1304 4320 1468 4411 publico,
1509 4329 1677 4408 perpetuo
1711 4319 2017 4406 conflictarentur,
2053 4336 2123 4390 tres
2157 4343 2220 4409 per
2253 4319 2286 4386 id

265 4421 385 4503 nacla,
412 4433 452 4490 ut
472 4422 644 4512 aequitate
667 4423 803 4514 fideque
823 4423 980 4494 rudrcum
1003 4423 1163 4494 satisfieri
1184 4422 1252 4488 saba
1303 4417 1644 4511 tempuslactiones,
1672 4413 1848 4501 homines,
1873 4423 2020 4539 opinor,
2045 4447 2117 4491 non
2139 4417 2290 4512 pessimi,

171 4606 174 4614 Ι
265 4545 340 4590 ιιοιι
363 4521 562 4612 patiantur,
595 4523 653 4590 sed
678 4547 757 4592 cum
775 4548 912 4593 summo
929 4549 1005 4594 rure
1027 4525 1253 4607 contendant
1303 4523 1362 4590 sed
1386 4521 1475 4589 male
1501 4521 1593 4587 anter
1610 4541 1664 4603 se
1690 4535 1728 4589 ut
1745 4522 1834 4603 fit
1825 4546 1861 4590 ιιι
1883 4547 2032 4614 ιιιιριιιο
2051 4519 2287 4604 cohaerentes,

267 4637 488 4716 extremaque
523 4625 641 4692 omnia
673 4608 916 4713 experiantur,
948 4649 1049 4716 saepe
1083 4624 1254 4694 infensius
1304 4649 1412 4716 eaque
1428 4619 1617 4700 dissensro
1644 4624 1767 4692 morbo
1784 4623 1935 4694 crvrtaus
1951 4626 2231 4714 ingravescente
2255 4635 2288 4689 et

267 4747 347 4794 cum
371 4725 566 4806 iudicibus,
589 4749 695 4818 quarn
716 4750 796 4795 cum
819 4727 1018 4796 adversario
1042 4739 1253 4796 concertent.
1305 4721 1531 4812 gliscentibus
1569 4723 1660 4791 odiis
1695 4724 1871 4793 universis
1904 4727 2049 4796 exitium
2083 4727 2288 4804 minaretur,

236 4823 336 4896 'Hic
364 4850 447 4894 vero
472 4823 744 4914 Magistratuum
772 4825 961 4897 auctoritas
985 4828 1253 4919 periclitabitur,
1303 4825 1459 4916 Respub.
1482 4823 1608 4896 Soloni
1630 4827 1796 4894 mandata
1818 4840 1883 4896 est:
1920 4851 1950 4896 rs
1966 4829 2058 4916 leges
2081 4829 2179 4910 tulit,
2206 4825 2287 4918 qui-

266 4927 336 4999 nisi
353 4927 493 5019 publice
516 4939 673 5018 receptae
694 4929 786 5015 leges
801 4929 1003 5003 defendant.
1055 4925 1157 5000 Adeo
1178 4951 1251 4998 non
1303 4929 1367 4996 bus
1393 4927 1612 5008 libertatem,
1642 4940 1675 4995 et
1697 4927 1905 4998 otiumurbi
1928 4929 2091 5002 restituit.
2144 4927 2286 4998 Etcum

268 5029 374 5098 modo
398 5031 563 5098 adversus
586 5029 829 5121 tyrannidem,
861 5031 900 5097 in
923 5031 1058 5119 legibus
1079 5033 1251 5100 innocen·
1301 5045 1458 5099 cerneret
1474 5023 1537 5098 bas
1557 5027 1700 5097 unicum
1715 5053 1786 5097 esse
1802 5033 2009 5100 concordiae
2024 5033 2176 5110 vallum,
2202 5051 2287 5098 con-

265 5131 336 5200 tiae
352 5131 566 5224 praesidium
584 5144 653 5214 est,
677 5133 735 5200 sed
754 5143 789 5199 et
805 5128 1069 5220 Magistratibus
1086 5134 1252 5202 adversus
1302 5133 1435 5214 stituit,
1462 5145 1501 5202 ut
1521 5131 1581 5222 qui
1606 5129 1661 5200 ius
1684 5131 1859 5216 dicerent,
1886 5134 2062 5223 conceptis
2080 5133 2196 5202 verbis
2214 5132 2285 5199 ius-

265 5231 363 5320 vulgi
381 5232 696 5324 importunitatem.
735 5229 804 5300 llic
820 5244 988 5325 tanquam
1004 5227 1157 5305 aheneus
1171 5234 1252 5328 qui·
1301 5235 1491 5302 iurandum
1515 5235 1660 5314 darent,
1695 5254 1730 5300 se
1754 5257 1793 5302 ex
1823 5233 1958 5324 legibus
1987 5259 2042 5303 res
2071 5236 2286 5304 iudicaturos

265 5336 346 5403 dam
361 5357 484 5406 murus
502 5347 563 5418 est,
585 5335 739 5428 denique
755 5357 944 5405 commune
959 5335 1141 5408 vinculum
1157 5335 1252 5406 inter
1301 5359 1385 5406 esse.
1414 5333 1767 5424 QuiMagistratuum
1782 5335 1930 5408 arbitrio
1945 5337 2151 5426 simpliciter
2167 5333 2296 5406 omniax
