4616 5816
75 297 138 372 eu
227 374 234 386 ,
320 254 323 262 ’
624 279 784 369 nucu.
833 281 1528 368 nnnuconrosunvran
1907 359 1909 366 .
2022 291 2101 372 ιιι
2224 313 2228 338 =

74 468 149 540 luds
166 465 279 557 magis
295 463 563 553 inclamarunt,
596 479 632 539 et
651 491 745 539 nova
769 467 881 558 gloria
904 465 1056 539 sueviae
1105 457 1201 544 rint,
1219 458 1431 548 intelligitis
1455 481 1562 554 quam
1587 460 1784 552 optandum
1807 460 1854 532 sit
1878 457 2102 537 Fridericum

74 567 200 640 domiui
225 569 379 642 amauit,
437 567 529 642 Nam
554 594 600 640 ue
624 571 745 642 omnia
771 593 1057 656 commemorem,
1106 561 1264 655 aliquem
1276 561 1426 648 exoriri,
1452 563 1553 634 cuins
1568 586 1699 632 nomen
1714 559 1878 656 hostibus
1900 568 2029 637 terrori
2045 569 2104 655 sit,

74 696 150 744 neve
175 666 360 746 historiam
392 671 514 763 potius
541 696 646 766 quarn
678 673 881 742 encomium
911 695 1056 764 compo-
1104 665 1239 758 quique
1260 688 1442 755 opponere
1464 665 1740 736 immanissimae
1761 667 1860 758 genti
1884 669 2101 760 praesidium

73 774 171 846 suisso
203 772 345 855 videar,
381 763 522 846 tautum
554 773 708 865 insignia
741 777 914 868 quaedam
947 799 1055 845 uma.
1105 767 1207 840 ausit.
1258 765 1517 838 SiFridericus
1539 767 1600 837 ille
1616 768 1818 854 reviviscat,
1844 793 1918 840 non
1935 773 1979 840 de
1995 769 2129 843 lion-¹

72 889 176 946 mente
204 876 387 966 attingam.
438 875 538 966 Quid
564 878 681 968 potuit
703 878 908 968 contingere
929 875 1056 949 Suevis
1104 868 1200 957 geria
1224 871 1416 955 vastando,
1456 893 1531 940 non
1555 872 1600 940 de
1626 873 1784 942 vexanda
1808 870 2003 946 Germania
2029 876 2100 946 iam

72 978 253 1064 illustrius,
291 1002 400 1072 quam
430 975 588 1050 Romani
616 980 758 1072 imperii
790 980 939 1051 titulus?
981 1003 1055 1050 uun
1104 968 1255 1042 Barbari
1276 973 1449 1062 cogitent,
1477 975 1538 1043 sed
1558 975 1602 1042 de
1624 974 1813 1044 retinenda
1834 971 2010 1062 Thracia,
2036 979 2102 1047 de-

73 1081 125 1150 itla
140 1080 283 1174 quidem
298 1081 428 1150 scelere
447 1095 586 1174 raptus,
612 1083 702 1154 sicut
718 1097 821 1153 auem
846 1107 948 1174 saepe
963 1084 1055 1153 acui.
1105 1097 1174 1168 que
1191 1075 1279 1144 focis
1294 1099 1334 1144 ac
1357 1075 1493 1146 laribus
1517 1076 1590 1146 suis
1607 1077 1890 1168 propugnandis:
1923 1079 2102 1174 siquidem

72 1185 175 1268 derat,
199 1183 262 1252 ced
283 1183 422 1254 delatus
439 1181 654 1255 Germaniae
669 1200 774 1279 mque
795 1180 916 1256 ltaliae
938 1210 1055 1278 popu.
1106 1175 1330 1248 Germanicis
1345 1177 1456 1270 copiis
1469 1179 1558 1263 iam,
1581 1193 1619 1250 ιιι
1636 1179 1704 1250 fuit
1719 1179 1818 1249 illius
1840 1193 1875 1250 et
1890 1181 2058 1252 celeritas*
2067 1195 2103 1255 et
2151 1189 2155 1198 “

72 1286 175 1354 lorum
214 1307 402 1356 concensu
463 1285 560 1375 Quid
605 1289 721 1380 putuit
762 1284 1054 1358 honorificentius
1103 1278 1308 1369 diligentia,
1332 1279 1553 1351 circumsessi
1578 1303 1714 1352 summa
1740 1282 1776 1350 vi
1799 1297 2103 1374 oppugnarentur.

72 1386 231 1471 accidere,
258 1409 366 1480 quam
390 1383 457 1457 hoe
482 1391 716 1480 turgentium
743 1391 938 1475 iudicium,
964 1415 1054 1485 quae
1102 1378 1185 1452 Non
1210 1395 1309 1452 vacat
1333 1377 1441 1454 huius
1470 1381 1646 1474 Principis
1673 1384 1810 1474 egregia
1831 1385 1923 1458 facta
1948 1411 2103 1457 comme

72 1503 190 1560 uniam
206 1488 281 1556 vim
305 1489 448 1560 virtutis
466 1491 505 1559 in
529 1486 596 1562 hae
618 1493 764 1564 natione
786 1507 989 1578 senserunt,
1015 1506 1054 1563 ιιι
1104 1506 1264 1569 morare,
1299 1507 1424 1554 verum
1449 1485 1532 1578 1111111
1555 1487 1650 1556 bello
1675 1487 1859 1556 meliorem
1884 1513 1991 1582 quam
2015 1489 2102 1582 pace

71 1615 136 1662 nou
157 1591 356 1663 dubitarint
378 1615 477 1662 snam
509 1595 677 1681 salutem,
716 1619 797 1665 suas
830 1597 993 1668 fortunas
1019 1609 1053 1665 et
1102 1585 1210 1656 fuisse
1232 1585 1344 1681 aliqui
1366 1601 1512 1678 putent,
1538 1602 1579 1660 ut
1600 1589 1817 1680 cognoscatis
1843 1603 1975 1684 quanta
2003 1616 2103 1662 sevc-

73 1692 353 1786 tranquillitatem
379 1695 489 1765 tntius
518 1697 660 1790 imperii
690 1696 888 1768 Succorum
913 1697 1052 1768 Primi.
1104 1687 1190 1760 ritas
1210 1687 1285 1759 eius
1301 1689 1520 1760 lueritdomi
1541 1691 1746 1762 indicendo
1770 1692 1868 1777 iure,
1894 1691 1934 1762 in
1956 1694 2100 1765 latroci-

74 1821 146 1888 pum
163 1795 293 1866 tutelae
316 1797 561 1868 committam?
601 1797 653 1870 Ea
669 1801 812 1870 demum
835 1825 916 1871 vem
940 1799 1051 1890 gloria
1102 1789 1175 1860 niis
1202 1791 1413 1883 puniendis,
1453 1805 1487 1864 et
1514 1793 1703 1885 disciplina
1732 1794 1874 1886 imperii
1903 1796 2104 1882 retinenda,

72 1911 131 1982 est,
153 1898 300 1969 etbono
318 1896 478 1991 Principi
494 1901 645 1972 maxime
662 1905 836 1994 optanda,
861 1917 901 1972 ut
918 1903 1052 1974 intelli.
1102 1893 1257 1965 recitabo
1276 1917 1383 1988 quarn
1408 1895 1564 1985 graviter
1586 1897 1877 1984 animadverterit
1898 1896 1938 1966 in
1961 1895 2103 1969 Princi-

74 2013 156 2090 gant,
179 1999 450 2094 existimentque
466 1997 642 2094 homines,
666 2029 746 2074 eum
763 2029 836 2075 esse
853 2007 1051 2096 praeditum
1103 2019 1183 2087 pem
1208 1993 1410 2066 Palatinum
1434 2009 1470 2068 et
1493 1997 1751 2089 Mogontinum
1775 1996 2012 2091 Episcopum,
2038 2002 2102 2096 qui

74 2115 148 2173 esea
162 2096 334 2174 charitate
349 2126 429 2193 erga
445 2105 625 2192 subditos,
650 2121 690 2177 ut
705 2103 798 2176 nihil
812 2110 918 2178 deccat
940 2108 1052 2199 prius,
1102 2097 1237 2168 bellum
1251 2099 1330 2191 ipso
1347 2099 1491 2170 absente
1516 2099 1676 2171 initalia
1697 2115 1892 2174 moverant.
1945 2101 1989 2172 ln
2010 2101 2102 2196 Epi·

72 2228 164 2298 quam
179 2203 326 2274 illorum
341 2205 447 2276 saluti
463 2209 666 2294 consulem,
691 2223 726 2280 et
742 2235 781 2279 aa
796 2235 876 2280 cum
893 2211 1052 2302 pruden.
1103 2222 1262 2292 scopum,
1286 2201 1369 2294 qnia
1378 2203 1595 2294 parcendum
1610 2203 1774 2294 dignitati
1784 2203 2016 2276 Sacerdotem
2032 2207 2101 2276 du-

73 2307 124 2392 tia,
144 2319 216 2376 tum
232 2305 348 2377 animi
363 2309 627 2399 magnitudine,
653 2325 692 2381 nt
706 2313 895 2382 defendere
910 2333 1052 2382 conser-
1101 2303 1172 2387 1111»
1208 2303 1386 2373 ῐῐιῑῑῖθΐθῐῦ
1415 2327 1565 2396 Ρθθῦθῐῦ
1595 2307 1798 2392 0011811ῑῦ11,
1833 2321 1971 2378 lanium
2004 2308 2099 2378 enim

72 2431 208 2502 vereque
229 2431 372 2500 pacem,
398 2425 433 2482 et
455 2436 574 2481 arcere
598 2438 638 2484 ac
658 2409 849 2506 probibere
870 2413 1052 2499 iniuriam,
1103 2405 1251 2495 pecunia
1267 2405 1461 2478 mulctavit.
1508 2405 1635 2479 Sed-in
1651 2406 1854 2480 Palatinum
1870 2410 2100 2480 duriuscon·
2136 2483 2138 2488 ,

73 2525 101 2580 et
119 2511 251 2600 legibus
272 2535 312 2580 ac
332 2512 440 2582 armis
456 2515 596 2584 muttire
612 2517 907 2610 tranquillitatem
931 2516 1051 2608 publi·
1102 2506 1228 2594 wluin
1270 2531 1353 2578 nam
1377 2509 1490 2599 coegit
1512 2533 1594 2580 enm
1617 2535 1680 2602 per
1700 2523 1811 2582 totam
1832 2513 1959 2582 urbem
1977 2511 2099 2583 Wor-

74 2637 137 2684 cam
150 2613 270 2703 possit.
311 2611 413 2701 Quos
429 2612 643 2708 triumphos,
670 2641 759 2712 qnae
776 2613 943 2710 trophaea
959 2619 1051 2688 mal·
1102 2609 1246 2679 1111111111
1262 2633 1386 2680 canem
1403 2611 1448 2680 1111
1469 2611 1621 2684 hument)
1637 2615 1852 2706 pendentem
1876 2627 2030 2706 gestare,
2055 2639 2115 2686 θᾶ-

73 2714 212 2786 lenlsibi
228 2715 373 2786 decerni
390 2714 592 2810 Principes,
617 2719 835 2812 amputent,
862 2745 968 2815 quam
984 2715 1051 2790 hoc
1100 2711 1171 2783 suli
1205 2711 1277 2782 illis
1314 2714 1536 2806 [emporibus
1572 2717 1731 2808 censoria
1766 2729 1850 2787 nolti
1886 2717 2099 2790 nobilitatis·

13 2849 14 2854 1
72 2819 109 2886 de
127 2841 160 2888 se
180 2817 355 2888 iudicium
378 2822 473 2910 apud
492 2821 606 2891 bouus
622 2823 831 2892 virusfiari?
881 2822 1050 2903 Proinde,
1103 2811 1202 2882 Idem
1217 2814 1416 2906 exemplum
1434 2816 1473 2886 iu
1489 2817 1678 2912 plerosque
1694 2818 1782 2888 alios
1802 2819 1974 2913 equestris
1997 2821 2099 2890 ordi-

73 2919 460 3012 tumpetieulosissimis
476 2925 757 3017 temporibusad
779 2924 915 2996 Suevos
939 2925 1050 3018 impe.
1101 2915 1288 3002 nltvll'ot,
1313 2915 1468 2988 Palatini
1484 2920 1619 3005 socios,
1640 2920 1872 2992 condliiuitlm
1889 2935 1952 2995 etl.
2005 2921 2098 2994 Nul·
2141 2953 2142 2958 ’

72 3022 110 3091 rii
126 3046 262 3093 summa
285 3022 401 3093 delata
422 3024 489 3104 sit,
522 3049 690 3116 maguum
714 3027 885 3122 quiddam
909 3027 963 3097 illi
985 3051 1051 3096 ua.
1100 3017 1154 3088 los
1170 3041 1235 3108 ego
1250 3020 1417 3089 victorias
1430 3022 1511 3112 plus
1523 3023 1639 3092 laudis
1653 3023 1781 3094 mereri
1798 3023 1973 3111 existimo,
1989 3050 2096 3120 quam

72 3124 149 3196 tioni
163 3125 323 3218 reliquae
336 3138 458 3215 gentes
474 3127 687 3201 tribuerunt.
738 3128 862 3222 Neque
876 3153 959 3200 vero
974 3153 1048 3198 non
1101 3115 1309 3192 huiusmodi
1333 3125 1545 3214 exemplum.
1603 3123 1792 3196 Nemeum
1814 3127 1905 3198 bene
1921 3128 2097 3221 imperare

72 3229 319 3318 responderunt
336 3229 569 3320 expectationi
584 3229 796 3316 Fridericns,
822 3232 879 3300 cui
896 3257 915 3300 a
931 3230 1048 3302 Barba
1100 3237 1220 3314 11111111,
1259 3223 1319 3316 qui
1347 3227 1445 3294 domi
1471 3226 1612 3296 civilem
1640 3229 1864 3319 disciplinam
1885 3253 2098 3302 conservare

72 3323 166 3401 Bulla
180 3351 316 3399 nomen
331 3329 547 3420 factumest,
574 3347 607 3402 et
630 3328 737 3405 huius
761 3357 872 3424 nepos
890 3331 1051 3404 Frideri.
1100 3327 1208 3400 norit.
1240 3321 1342 3396 Nihil
1354 3327 1442 3396 foris
1454 3351 1564 3410 arma,
1590 3325 1685 3400 nibil
1698 3327 1870 3423 triumphi
1885 3335 2097 3425 proderunt,

72 3453 140 3515 cns,
168 3454 278 3526 quem
300 3429 462 3502 Siculum
495 3449 684 3516 vacarum,
717 3459 871 3530 quorum
901 3450 1050 3530 uterque
1099 3427 1130 3496 si
1145 3428 1243 3497 domi
1264 3427 1416 3498 nimium
1438 3431 1540 3503 liceat
1561 3432 1747 3524 improbis.
1799 3431 1832 3502 ls
1854 3437 1997 3505 demum
2010 3435 2096 3526 *lm-

73 3533 157 3602 omui
177 3556 307 3625 genere
328 3532 637 3626 imperatoriarum
655 3538 829 3609 virtutum
845 3537 958 3608 cuivis
971 3540 1050 3608 lau·
1100 3530 1272 3620 peritioris
1287 3531 1434 3602 nomine
1451 3533 1579 3622 dignus
1602 3549 1672 3620 est,
1697 3534 1760 3628 qui
1775 3558 1849 3604 non
1872 3549 2010 3606 tantum
2028 3532 2096 3607 ho·
2182 3571 2186 3579 -

74 3635 323 3706 datiuimorum
351 3633 560 3729 Principum
587 3639 741 3709 conferri
766 3653 934 3713 meretur,
990 3637 1049 3710 Ab
1100 3631 1213 3702 stibus
1234 3632 1472 3702 formidabilis
1496 3648 1567 3720 cst,
1592 3638 1654 3706 sed
1676 3637 1781 3707 etiam
1798 3636 1892 3707 cives
1916 3638 1955 3707 in
1975 3639 2096 3710 officio

73 3759 127 3807 aro
145 3736 326 3809 Friderico
350 3735 543 3809 Germania
564 3754 670 3835 atque
690 3743 788 3814 ltalia
810 3742 973 3811 maximis
996 3743 1050 3811 la-
1099 3735 1253 3834 retinere
1273 3735 1441 3810 studebit.
1495 3734 1592 3826 Quid
1617 3741 1662 3809 de
1682 3737 1865 3810 Friderico
1887 3755 2017 3832 nepote
2038 3741 2096 3810 di-

73 3837 204 3912 boribus
221 3853 257 3911 et
275 3840 442 3932 periculis
457 3857 599 3934 pacatae
613 3858 706 3918 suut,
743 3839 854 3915 Arma
868 3846 907 3914 iu
926 3841 1049 3914 Acium
1100 3861 1197 3922 cam,
1223 3837 1324 3908 cuius
1340 3835 1580 3930 pulcherrima
1596 3841 1763 3923 consilia,
1789 3843 1819 3912 si
1836 3866 1911 3913 non
1925 3843 2096 3936 impedis-

72 3955 177 4032 postea
191 3943 380 4029 translata,
405 3941 601 4015 Suladinus
617 3969 796 4040 repressus
809 3961 876 4031 est,
903 3960 936 4017 et
954 3950 1048 4016 hona
1100 3953 1178 4010 sent
1195 3938 1350 4012 Romani
1367 3939 1575 4030 Pontifices,
1600 3969 1675 4014 non
1691 3945 1800 4040 aliurn
1816 3939 1998 4016 habuisset
2020 3947 2094 4017 uti-

75 4040 166 4114 hsiae
182 4059 281 4138 parte
305 4047 349 4116 ad
375 4042 565 4118 Armenias
586 4071 697 4142 usque
722 4049 897 4142 expulsus.
946 4046 1049 4120 Nihil
1099 4041 1227 4112 liorem
1259 4041 1463 4136 Principem
1497 4042 1703 4122 Germania.
1764 4044 1950 4136 ingenium
1985 4047 2023 4117 in
2051 4073 2094 4119 eo

74 4137 123 4215 hic
140 4149 225 4219 libet
239 4147 422 4230 attollere,
448 4163 509 4220 aut
521 4151 753 4242 amplificare,
778 4166 916 4223 tanturn
934 4165 1047 4223 extre-
1100 4144 1311 4214 acerrimum
1335 4146 1424 4232 fuit,
1450 4171 1576 4237 magne
1597 4149 1702 4218 etiarn
1725 4149 1910 4220 literarum
1934 4137 2094 4236 scientia,

74 4247 131 4318 mis
142 4251 260 4342 digitis
271 4249 399 4320 leviter
413 4254 547 4344 attingo
563 4277 618 4323 res
636 4254 737 4325 istius
752 4267 874 4344 gestas.
914 4251 1047 4324 Verum
1101 4259 1137 4316 et
1150 4259 1192 4318 ιιι
1205 4247 1302 4316 aliud
1318 4249 1403 4316 boni
1418 4244 1512 4316 nihil
1525 4251 1751 4342 praestiterit,
1763 4274 1927 4342 magnam
1944 4253 1998 4322 illi
2012 4275 2092 4344 gra-

74 4371 127 4420 ros
150 4353 243 4446 ipsos
266 4352 421 4444 cogitare
445 4349 513 4424 hoc
540 4356 578 4424 in
610 4356 688 4428 loco
714 4357 842 4442 velim,
874 4370 1048 4450 quantum
1099 4348 1186 4420 tiam
1203 4350 1391 4436 debemus,
1417 4353 1515 4446 quod
1533 4353 1671 4424 curavit
1691 4354 1730 4422 in
1745 4351 1911 4424 Latinam
1932 4356 2093 4446 linguam

74 4449 269 4528 beneficium
298 4456 335 4525 id
366 4455 536 4548 temporis
566 4456 605 4526 in
632 4455 815 4551 Europam
847 4459 1049 4542 contulerit,
1099 4453 1257 4523 converti
1274 4475 1315 4521 ex
1330 4451 1539 4524 Saracenico
1555 4477 1716 4526 sermone
1729 4450 1801 4550 τὴν
1821 4449 1989 4557 μεγάλην
2002 4451 2095 4532 σύν-

75 4557 311 4628 crudelissimis
326 4551 488 4628 hostibus
502 4559 681 4652 repressis,
699 4575 733 4631 et
749 4561 931 4653 proculab
944 4559 1048 4632 'ltalia
1097 4554 1204 4653 ταξιν
1217 4551 1432 4643 Ptolemaei;
1465 4579 1548 4626 nam
1564 4559 1696 4652 absque
1712 4583 1754 4629 eo
1768 4557 1862 4630 libro
1879 4573 1953 4632 tota
1965 4558 2093 4633 Astro-

75 4655 304 4732 stGermania
327 4660 526 4736 summotis.
576 4659 681 4734 Nunc
703 4663 831 4734 videtis
847 4675 982 4756 quanto
1010 4664 1049 4731 in
1098 4656 1227 4726 nomia.
1242 4657 1404 4729 funditus
1423 4657 1624 4732 interiisset.
1685 4659 1809 4755 ltaque
1832 4661 1959 4732 Suavis
1982 4665 2092 4734 debe-
2130 4687 2131 4690 ’

75 4761 217 4846 periculo
233 4764 360 4854 simus,
386 4762 469 4856 qnia
483 4763 547 4834 diu
564 4765 744 4834 neminem
759 4764 914 4835 similam
931 4779 1048 4835 custo.
1100 4783 1190 4845 mus,
1209 4761 1308 4852 quod
1321 4760 1459 4854 *reliqua
1475 4774 1527 4831 est
1541 4762 1602 4832 illa
1613 4757 1865 4855 Philosophiae
1880 4789 1970 4856 pars,
1986 4789 2093 4860 quarn

75 4859 296 4962 demimperii
317 4859 425 4935 buius
439 4859 640 4940 babuimus.
691 4865 893 4959 llleprocul
909 4869 947 4937 in
962 4867 1049 4938 Asia
1097 4860 1177 4932 iure
1199 4862 1331 4932 dixeris
1349 4864 1685 4955 praestantissimam
1709 4889 1793 4938 esse.
1855 4865 1987 4956 Magna
2015 4869 2093 4938 lans

77 4973 302 5056 quaerendum
315 4967 385 5038 sibi
399 4961 538 5039 hostem
553 4991 627 5043 esse
648 4969 766 5056 deruit,
791 4969 971 5064 sensitque
993 4993 1048 5038 se-
1098 4977 1150 5035 est
1171 4964 1348 5036 invenisse
1369 4979 1461 5036 artes
1482 4967 1587 5038 utiles
1610 4961 1694 5038 huic
1711 4969 1825 5049 vitae,
1846 4970 1998 5039 sednon
2017 4969 2088 5039 mi-

77 5087 144 5137 mm
159 5086 233 5144 tum
256 5069 428 5144 auxilium
444 5070 537 5158 sore,
562 5071 591 5140 si
613 5085 792 5164 pateretur
805 5069 984 5142 Barbaros
1008 5071 1047 5141 in
1097 5090 1167 5137 nor
1184 5079 1254 5151 est,
1279 5067 1336 5138 vel
1348 5068 1544 5140 restituisse
1559 5069 1616 5139 vel
1629 5092 1864 5144 conservasse.
1900 5070 2090 5167 Siquidem

76 5184 201 5245 nosnos
215 5175 301 5246 bnes
315 5193 398 5244 suas
413 5173 532 5267 copias
545 5175 740 5254 traducere.
791 5173 896 5245 Nunc
910 5199 990 5244 cum
1009 5174 1047 5243 iu
1097 5169 1136 5239 in
1152 5170 1277 5261 primis
1292 5171 1331 5241 in
1348 5169 1462 5243 literis
1483 5167 1552 5242 boc
1567 5172 1726 5244 accidere
1742 5173 1923 5258 videmus,
1948 5187 1990 5246 ut
2014 5199 2092 5246 non

79 5267 144 5360 ipso
166 5277 337 5350 vestibulo
360 5267 576 5347 Germaniae
606 5277 829 5348 constiterint
851 5276 1048 5347 saevissimi
1096 5271 1217 5346 minus
1239 5272 1377 5364 negocii
1402 5274 1447 5346 sit
1470 5296 1679 5345 conservare
1701 5275 1884 5360 inventas,
1908 5301 2013 5370 qnam
2032 5277 2091 5346 iu·

77 5365 217 5466 Tuscae,
241 5404 280 5450 ae
299 5377 591 5450 florentissimum
614 5375 749 5470 Regem
769 5401 880 5470 regno
902 5391 1046 5450 exutum
1097 5377 1231 5450 venire.
1282 5375 1423 5446 Videtis
1439 5377 1561 5470 quales
1579 5373 1815 5469 imperatores
1830 5375 1960 5449 Suevia
1984 5379 2092 5449 nobis

78 5471 251 5568 1ιιςίειιιειιι
266 5505 307 5556 ex
322 5482 396 5554 acie
412 5503 503 5576 pene
518 5481 566 5553 ob
584 5481 708 5554 oculos
729 5495 871 5555 nostros
889 5480 1046 5554 tmcida-
1096 5477 1268 5566 ediderit,
1294 5478 1358 5574 qui
1372 5477 1443 5550 nisi
1465 5479 1551 5550 belli
1565 5479 1732 5574 pacisque
1746 5493 1839 5552 artes
1855 5503 1979 5552 omnes
1995 5481 2091 5572 apud
