4718 5828
187 339 189 342 ,
245 243 315 324 au
907 233 1070 313 nucu
1099 233 1176 312 nn
1205 231 1400 316 carra
1429 233 1615 315 noua,
2018 272 2025 285 ·
2208 245 2286 320 ass

245 441 344 505 nera,
365 438 473 512 quam
487 411 550 509 qui
565 433 665 482 veras
679 433 801 482 causas
815 411 1016 483 antander
1030 408 1240 504 suscipiunt,
1287 409 1385 482 nime
1400 411 1607 487 delectatur.
1645 409 1778 510 ⁸Neque
1790 411 1885 484 enim
1903 413 2096 484 obscurum
2110 427 2174 501 est,
2200 441 2282 488 eum

247 537 367 594 umen
382 543 458 600 me,
483 539 558 587 non
573 513 703 586 fiducia
720 512 868 604 ingenii,
894 515 989 608 quod
1002 513 1117 585 sentio
1131 535 1238 608 quam
1288 527 1415 584 natura
1439 516 1484 583 ad
1514 514 1737 585 elementiam
1766 515 2118 610 moderationemque
2145 517 2228 590 duci
2250 531 2286 590 et

247 623 296 696 sit
318 622 502 714 exiguum,
526 618 588 688 sed
613 616 821 707 magnitudo
841 616 977 686 doloris
999 615 1176 710 perpulit,
1200 629 1241 686 ut
1290 617 1533 688 acrudelitate
1549 613 1753 689 abhorrere.
1790 613 1935 688 Etcum
1949 619 2101 690 maiores
2118 643 2200 692 suos
2217 645 2286 691 no-
2352 609 2353 642 ³

248 721 348 796 hunc
368 725 408 794 in
422 723 539 792 locum
555 743 629 790 non
652 719 773 790 fictum
797 727 1045 808 argumentum
1067 743 1109 788 ex
1130 716 1240 786 veteri
1290 741 1427 788 menae
1441 719 1584 789 titulum
1600 719 1740 812 imperii
1756 719 1795 788 in
1809 714 1903 790 hanc
1915 721 2097 792 nationem
2112 746 2132 792 a
2147 737 2287 794 servata

248 828 368 922 aliqua
397 821 594 914 tragoedia,
634 821 694 890 sed
722 815 906 890 historiam
933 819 1107 890 adferrem
1132 819 1240 888 nimis
1291 822 1380 892 urbe
1402 818 1519 892 Roma
1540 822 1701 906 intulisse
1723 821 1860 908 videat,
1886 823 2045 894 dubitari
2068 847 2142 900 nen
2169 825 2288 912 debet,

249 953 356 1024 quam
373 949 505 998 veram.
549 921 637 994 Sum
651 922 747 992 enim
762 921 923 992 dicturus
937 923 981 992 de
997 921 1239 992 crudelissima
1291 923 1381 1016 quin
1393 923 1431 990 in
1447 924 1590 992 illorum
1606 925 1750 994 intuens
1767 924 1944 1016 exempla,
1972 926 2146 1015 intelligat
2159 950 2287 997 omnes

247 1029 348 1103 urbis
362 1025 500 1102 Rornae
517 1023 728 1115 direptione,
752 1038 788 1095 et
803 1025 1051 1116 deploraturus
1065 1023 1241 1112 indignis-
1292 1023 1433 1116 imperii
1455 1049 1539 1116 opes
1559 1049 1599 1094 ac
1622 1027 1715 1095 vires
1735 1027 1778 1095 ad
1802 1021 1911 1096 hrrius
1930 1027 2031 1098 urhis
2051 1029 2203 1099 salutem
2220 1031 2286 1098 de·

247 1131 379 1203 simum
394 1151 513 1200 casum
530 1125 695 1211 civitatis,
719 1125 880 1195 uranium
897 1125 1040 1216 reginae
1054 1140 1158 1220 atque
1175 1127 1242 1194 do·
1291 1127 1557 1221 fensionemque
1573 1127 1723 1198 maxime
1735 1130 1990 1199 convertendas
2003 1153 2088 1211 esse,
2115 1146 2149 1201 et
2160 1133 2207 1200 ab
2221 1131 2288 1201 illa
2352 1203 2353 1210 χ

249 1235 379 1306 minae.
428 1227 574 1304 Etenim
591 1252 671 1298 cum
688 1251 794 1298 nemo
810 1241 882 1298 tam
901 1227 998 1300 ferus
1013 1227 1077 1308 sit,
1099 1243 1241 1320 tamque
1293 1229 1365 1296 vim
1380 1241 1485 1322 atque
1497 1229 1694 1299 vastitatem
1712 1229 1969 1321 depellendam.
2021 1229 2140 1321 Quam
2155 1233 2290 1304 multoe
2352 1285 2353 1312 2

248 1355 396 1429 prorsus
416 1332 461 1404 ab
484 1327 640 1400 hominis
663 1353 768 1401 seusu
785 1329 942 1416 alienus,
967 1330 1029 1422 qui
1050 1353 1124 1398 non
1145 1351 1242 1398 acer·
1292 1354 1480 1400 numerare
1504 1343 1633 1420 potest,
1658 1355 1739 1401 cum
1759 1331 1930 1422 imagines
1943 1333 2055 1402 avitas
2075 1335 2291 1426 aspexerint,
2352 1391 2353 1406 ,

249 1431 393 1510 bissime
406 1435 493 1505 ferat
510 1431 693 1523 indignam
709 1431 861 1523 patriae,
889 1457 980 1526 quae
994 1433 1118 1522 genuit
1133 1453 1242 1522 quae·
1293 1433 1356 1526 qui
1372 1433 1687 1502 turbulentissimis
1707 1435 1973 1524 tempestatibus
1987 1437 2112 1506 urbem
2130 1435 2290 1508 Romam
2352 1455 2353 1492 l

251 1563 320 1636 que
343 1535 523 1620 educavit,
548 1535 747 1615 fortunam,
773 1559 845 1627 quo
869 1536 1010 1604 tandem
1032 1535 1151 1603 animo
1177 1556 1242 1601 nos
1292 1534 1455 1603 maximis
1487 1535 1683 1604 terroribus
1712 1535 1959 1619 liberaverint,
1993 1536 2056 1630 qui
2079 1563 2290 1632 quanquam

250 1642 408 1733 accipere
434 1637 534 1708 urbia
556 1633 694 1710 Romae
724 1635 907 1708 interitum
935 1649 1040 1732 atque
1066 1635 1241 1706 excidium
1292 1635 1600 1728 periculosissimis
1616 1637 1720 1706 bellis
1734 1638 1831 1706 domi
1851 1637 2035 1729 impliciti,
2053 1653 2172 1710 tamen
2189 1641 2292 1711 velut
2352 1653 2353 1730 t

250 1747 368 1828 decet,
392 1763 473 1812 eum
498 1763 539 1809 ea
562 1739 649 1809 urbs
674 1761 745 1807 una
770 1737 932 1809 interris
954 1738 1064 1810 fucrit
1081 1737 1241 1807 omnium
1294 1740 1338 1807 ad
1361 1737 1510 1830 patriam
1531 1739 1791 1808 defendendam
1817 1735 1888 1810 huc
1913 1763 2049 1811 summa
2074 1742 2205 1813 virtute
2228 1767 2291 1814 ac·
2352 1737 2353 1814 Ῐ

252 1845 411 1939 gentium
425 1840 625 1912 communis
645 1839 780 1932 patria?
813 1837 890 1930 Ego
904 1839 1061 1934 proiecto
1079 1863 1153 1909 non
1174 1837 1244 1908 mi·
1294 1840 1482 1924 currerint,
1499 1840 1636 1932 quirin
1654 1835 1761 1910 huius
1775 1842 1882 1910 unius
1900 1841 2000 1912 urbis
2013 1843 2172 1934 periculo
2193 1845 2293 1936 peri-
2352 1893 2353 1940 ,

250 1969 322 2020 nus
336 1944 436 2022 illius
449 1941 646 2014 calamitate
661 1965 897 2027 commoveor,
921 1965 1027 2036 quam
1042 1943 1118 2012 eius
1132 1940 1243 2034 ipsius
1294 1941 1410 2013 clitari
1447 1941 1610 2010 omnium
1644 1941 1803 2031 gentium
1839 1943 1988 2014 salutem
2026 1945 2293 2034 existimabant.
2352 1957 2353 2036 t

251 2047 396 2144 oppidi,
422 2045 518 2140 quod
534 2067 590 2113 me
610 2043 769 2136 primum
785 2058 987 2114 nascentem
1004 2043 1157 2136 excepit,
1181 2045 1244 2112 ad·
1294 2042 1377 2114 Huc
1398 2045 1510 2130 adde,
1544 2045 1640 2137 quod
1661 2044 1796 2114 nullius
1817 2045 1933 2134 regiae
1955 2045 2123 2128 familiae,
2154 2047 2185 2119 si
2206 2049 2292 2142 quis
2352 2045 2353 2116 i

251 2151 363 2223 versis
376 2150 484 2218 rebus
499 2147 736 2238 perturbarer.
787 2141 878 2217 Cum
897 2146 1006 2235 igitur
1020 2159 1108 2214 esset
1124 2141 1191 2214 hoe
1207 2144 1243 2212 io
1294 2169 1417 2215 omnes
1433 2159 1613 2227 numeret,
1638 2145 1742 2238 plura
1761 2147 2029 2217 clementeraut
2053 2149 2109 2237 pie
2126 2149 2292 2219 factare-

253 2257 332 2326 loco
354 2245 445 2319 mihi
467 2271 531 2340 pro
555 2272 654 2318 more
676 2247 887 2330 dicendum,
916 2271 990 2318 non
1013 2247 1133 2340 potui,
1163 2272 1243 2316 cum
1294 2247 1429 2318 censeri
1455 2260 1620 2338 possunt,
1646 2273 1753 2340 quarn
1770 2243 1987 2322 Austriacae.
2040 2245 2088 2320 Et
2109 2251 2292 2322 maionem
2352 2245 2353 2330 i

252 2368 342 2428 esset
363 2351 505 2422 animus
524 2349 648 2420 dolore
670 2363 878 2441 occupatus,
904 2350 972 2420 alia
991 2352 1034 2420 de
1056 2373 1095 2419 re
1112 2349 1245 2434 oratio·
1294 2373 1440 2420 suorum
1456 2349 1544 2417 adeo
1568 2373 1642 2417 non
1657 2349 1839 2432 dissimilis
1859 2363 1911 2420 est
1924 2347 2092 2434 Carolus,
2117 2365 2158 2424 ut
2172 2378 2295 2446 quan·

252 2481 336 2529 nem
351 2453 548 2527 instituere.
600 2450 674 2525 Ubi
688 2452 796 2536 dolet,
820 2451 1008 2545 inquiunt,
1032 2451 1084 2520 ibi
1100 2473 1243 2520 manum
1293 2462 1370 2521 tum
1385 2474 1508 2522 omnes
1521 2449 1662 2540 imperii
1674 2451 1920 2542 magnitudine
1932 2455 2124 2536 antecedit,
2146 2468 2293 2526 tantum
2352 2491 2353 2498 κ

248 2557 376 2632 habet:
412 2553 535 2646 Quare
557 2577 638 2624 curn
663 2553 804 2622 assiduo
833 2566 1032 2623 versaretur
1053 2553 1100 2623 oh
1123 2552 1245 2621 oculos
1295 2553 1400 2624 etiam
1415 2552 1745 2624 vincatclementia.
1798 2549 1906 2642 Quod
1921 2553 2017 2623 enim
2033 2555 2072 2624 in
2087 2551 2294 2627 ullahisto-
2352 2595 2353 2648 q

253 2662 329 2733 eiua
352 2657 453 2728 urbis
473 2655 626 2747 direptio
646 2669 751 2747 atque
773 2653 999 2740 incendium,
1030 2677 1120 2748 quae
1140 2652 1245 2722 nobis
1295 2656 1346 2724 ria
1362 2655 1494 2724 factum
1511 2653 1719 2728 clementius
1742 2653 1889 2744 legitur,
1915 2680 2021 2749 quam
2046 2659 2141 2751 quod
2165 2658 2294 2728 inimi·
2352 2699 2353 2706 κ

253 2765 358 2854 leges,
384 2781 474 2854 quae
488 2757 689 2847 religiones,
714 2777 805 2850 quac
820 2781 944 2826 omnes
959 2752 1123 2828 honestas
1137 2755 1244 2824 disci·
1295 2756 1474 2826 tissimum
1485 2752 1630 2846 Regem,
1645 2781 1663 2825 a
1679 2781 1749 2850 quo
1767 2757 1899 2826 bellum
1915 2771 2037 2828 contra
2053 2759 2108 2830 ius
2124 2762 2292 2851 gentium
2352 2801 2353 2816 .

251 2865 370 2959 plinus
398 2857 564 2945 tradidit,
602 2859 755 2951 denique
783 2882 804 2927 a
836 2883 906 2952 qua
937 2859 1038 2949 plura
1066 2857 1245 2940 beneficia,
1295 2872 1428 2928 motum
1453 2873 1545 2944 erat,
1578 2871 1720 2949 captum
1741 2858 1779 2926 in
1804 2859 1894 2944 acie,
1926 2883 2000 2930 non
2024 2864 2131 2932 modo
2152 2864 2294 2934 dimisit

252 2989 360 3062 quam
382 2963 427 3032 ab
449 2962 524 3051 ipsa
547 2960 680 3054 patria,
707 2959 745 3028 in
770 2983 839 3053 qua
855 2961 1005 3054 quisque
1028 2960 1167 3050 genitus
1184 2972 1245 3042 est,
1297 2959 1529 3045 incolumem,
1570 2963 1630 3029 sed
1660 2961 1765 3030 etiam
1786 2961 1991 3066 devinctum
2019 2964 2211 3045 affinitate,
2253 2967 2293 3036 in
2352 2977 2353 3052 j

254 3087 378 3139 omnes
399 3062 614 3154 accepimus,
646 3062 759 3152 coegit
783 3085 839 3130 me
864 3062 1070 3151 magnitudo
1095 3061 1246 3144 doloris,
1295 3083 1442 3151 regnum
1459 3061 1636 3132 restituit?
1669 3059 1822 3131 Tantam
1843 3063 2065 3133 elementiam
2089 3090 2130 3136 ac
2146 3067 2293 3138 bonita-
2352 3103 2353 3112 κ

252 3173 300 3242 de
336 3167 481 3236 fortuna
512 3164 614 3234 urbia
646 3166 761 3258 deque
795 3162 1002 3233 miserrimis
1027 3163 1246 3254 temporibus
1296 3177 1366 3234 tem
1391 3163 1489 3232 nulla
1521 3159 1677 3233 bumana
1699 3189 1768 3246 vor
1797 3187 1863 3254 pro
1890 3164 2061 3256 dignitate
2084 3169 2295 3260 praedicare

256 3268 375 3365 queri,
414 3267 622 3359 praesertim
646 3267 685 3334 in
712 3261 779 3335 hoc
804 3279 925 3352 coetu,
962 3267 1056 3357 apud
1084 3262 1246 3334 homines
1295 3279 1401 3359 atque
1415 3289 1542 3334 ornare
1557 3277 1683 3357 potest.
1778 3323 1782 3330 .
2352 3259 2353 3268 ’

253 3369 495 3452 doctissimos,
529 3368 592 3461 qui
621 3367 826 3456 intelligunt
848 3381 1020 3460 quantum
1045 3363 1127 3437 huic
1152 3367 1247 3453 urbi,
1397 3365 1518 3456 Longe
1534 3367 1641 3456 igitur
1653 3365 1800 3452 fallitur,
1825 3365 1855 3437 si
1870 3367 1951 3461 quis
1966 3367 2005 3438 in
2018 3370 2087 3442 tale
2103 3369 2294 3460 ingenium
2352 3373 2353 3384 ’

253 3499 297 3546 er
322 3495 391 3567 qua
419 3470 561 3554 literae,
585 3483 619 3540 et
646 3463 849 3539 humanitas
875 3463 946 3540 hue
967 3469 1154 3560 importata
1178 3483 1247 3554 est,
1297 3483 1431 3540 tantam
1471 3470 1692 3540 iracundiam
1728 3471 1852 3540 cadere
1893 3470 2083 3554 existimat,
2123 3485 2165 3542 ut
2197 3475 2295 3546 ullas
2352 3505 2353 3512 ¹

254 3599 378 3648 omues
392 3586 512 3664 gentes
526 3573 687 3642 debeant.
712 3567 818 3660 Quod
834 3585 950 3641 autem
966 3577 1011 3642 de
1026 3585 1123 3662 rapta
1136 3570 1245 3640 'l'roia
1297 3569 1457 3664 quamvis
1470 3595 1615 3661 magnas
1629 3570 1779 3642 iniurias
1794 3567 1861 3640 hoc
1874 3573 1982 3642 modo
1998 3572 2118 3643 ulcisci
2134 3575 2294 3647 voluisse

254 3676 429 3767 Virgilius
449 3675 644 3765 praefatum
1298 3673 1467 3743 videatur.
1519 3671 1584 3741 lffe
1606 3695 1690 3741 vero
1714 3673 1891 3761 privatum
1915 3673 2096 3759 dolorem,
2123 3677 2179 3745 vel
2206 3679 2295 3749 urbi

1297 3775 1384 3864 ipsi,
1407 3795 1427 3840 a
1444 3797 1512 3866 qua
1530 3773 1673 3863 imperii
1694 3797 1825 3843 nomen
1844 3769 1968 3860 habet,
1994 3777 2051 3845 vel
2071 3789 2124 3848 tut
2140 3781 2296 3850 sanetis-
2352 3865 2353 3870 ἵ

1296 3872 1394 3944 simis
1414 3877 1501 3960 aris,
1534 3877 1592 3944 vel
1607 3876 1757 3944 aliarum
1780 3877 1956 3966 gentium,
1988 3901 2078 3970 quae
2099 3901 2180 3950 suas
2195 3877 2294 3952 Res-

904 4069 905 4072 *
1298 3979 1380 4069 pub.
1396 3975 1471 4046 sine
1494 3973 1601 4047 huius
1618 3976 1718 4048 urbis
1740 3979 1888 4047 consilio
1903 3989 2023 4048 tenere
2039 4003 2111 4050 non
2129 3997 2296 4072 possunt,
2352 3999 2353 4048 1

256 4104 320 4172 ego
342 4079 455 4149 multo
479 4077 605 4148 iustius
626 4099 810 4167 usurpem:
842 4075 940 4146 nulla
958 4089 1008 4146 est
1030 4078 1124 4145 enim
1148 4091 1244 4148 tanta
1297 4079 1440 4149 utilitati
1463 4081 1716 4162 condonasset,
1742 4080 1903 4172 quamvis
1925 4079 2052 4166 iratus,
2077 4081 2107 4151 si
2129 4083 2296 4159 licuisset

256 4179 478 4276 eloquentia,
499 4203 589 4272 quae
604 4178 822 4248 atrocitatem
840 4171 947 4248 huius
966 4178 1016 4246 rei
1035 4203 1097 4270 pro
1119 4181 1246 4250 merito
1296 4180 1328 4250 ei
1350 4181 1547 4272 praesenti,
1572 4205 1647 4250 rem
1662 4179 1815 4251 subitam
1835 4181 2053 4276 minimeque
2073 4198 2295 4275 expectatam

257 4305 432 4375 exponere
446 4280 572 4373 possit,
596 4301 730 4374 quaeve
743 4278 916 4369 explicare
930 4293 1054 4374 queat,
1078 4295 1245 4374 quantum
1296 4305 1415 4374 regere
1438 4307 1478 4353 ae
1501 4283 1709 4372 gubernare.
1760 4279 1880 4372 Quare
1902 4279 2031 4354 Caesar
2056 4285 2158 4355 nullo
2179 4290 2294 4360 modo

255 4387 399 4457 ruinam
421 4381 581 4454 omnium
604 4379 819 4472 optimarum
842 4403 980 4465 rerum,
1011 4376 1117 4452 husius
1138 4384 1247 4453 unius
1296 4385 1335 4452 in
1361 4379 1427 4455 hac
1447 4383 1608 4455 oratione
1624 4386 1840 4456 accusandus
1856 4399 1926 4470 est,
1954 4386 2015 4480 qui
2039 4387 2231 4458 exercitum
2252 4391 2295 4462 in

255 4487 357 4561 urbis
377 4480 512 4556 eversio
530 4505 648 4554 secum
664 4476 791 4554 trahat.
843 4480 940 4570 Quid
959 4484 1034 4554 ullo
1055 4485 1173 4555 seculo
1188 4509 1247 4554 ao-
1297 4483 1395 4557 ltalia
1412 4489 1456 4557 ad
1474 4487 1669 4556 custodiam
1691 4485 1958 4578 tranquillitatis
1971 4487 2134 4579 publicae
2151 4484 2298 4580 habuit,

245 4589 346 4662 'cidit
371 4586 574 4677 indignius,
612 4607 718 4678 quam
744 4583 839 4677 quod
870 4583 932 4654 ille
960 4584 1035 4675 ipse
1064 4587 1247 4670 exercitus,
1296 4611 1369 4658 non
1384 4591 1429 4658 ad
1451 4589 1677 4660 latrocinium
1697 4590 1951 4675 exercendum,
1974 4613 2049 4658 non
2064 4591 2109 4660 ad
2126 4605 2297 4664 everten-
2352 4671 2353 4680 χ

256 4691 321 4788 qui
334 4713 354 4760 a
367 4685 517 4761 Caesare
542 4687 581 4757 in
599 4685 700 4757 ltalia
723 4686 768 4755 ad
789 4683 938 4756 salutem
953 4688 1114 4757 omnium
1131 4690 1245 4759 bono·
1296 4693 1378 4758 dam
1399 4691 1524 4761 urbem
1548 4689 1688 4782 imperii
1710 4713 1845 4772 arcem,
1871 4713 1945 4758 non
1966 4692 2011 4760 ad
2028 4685 2297 4784 prophananda

256 4817 360 4884 rum,
399 4792 442 4861 ad
470 4789 738 4866 ‚custodiendam
765 4787 910 4873 urbem,
953 4789 1096 4882 imperii
1119 4815 1246 4876 arcem,
1295 4794 1445 4883 templa,
1469 4817 1542 4862 nou
1557 4795 1600 4862 ad
1621 4791 1839 4884 diripiendas
1856 4785 2110 4880 bibliothecas,
2143 4818 2219 4865 non
2244 4801 2297 4870 ad

191 4895 192 4898 ’
257 4895 557 4974 collocatuserat,
581 4890 638 4959 illi
655 4888 724 4980 ipsi
745 4889 829 4960 urbi
853 4889 1021 4960 nefariam
1042 4892 1135 4977 vim,
1161 4917 1245 4962 eon·
1295 4894 1526 4965 trucidandos
1547 4895 1759 4974 sacerdotes,
1794 4894 1934 4962 nonad
1951 4893 2106 4986 virgines
2121 4911 2154 4968 et
2175 4892 2298 4970 hone-

257 5013 311 5068 tra
341 4993 466 5087 optimi
495 4991 672 5084 Principis
697 4988 820 5062 Caroli
847 4992 1085 5079 voluntatem,
1123 5007 1245 5065 eontra
1295 5008 1365 5066 stas
1388 5010 1568 5067 matronas
1592 4995 1787 5086 rapiendas.
1844 4991 1942 5066 Haec
1969 4997 2049 5068 curn
2074 4999 2195 5070 omnia
2219 5004 2299 5096 tegi

242 5097 466 5190 ‘disciplinae
480 5095 644 5165 militaris
662 5093 769 5182 leges,
792 5106 915 5164 contra
931 5094 1096 5188 auspicia,
1122 5110 1245 5168 eontra
1295 5098 1367 5196 suis
1381 5099 1489 5168 armis
1504 5121 1640 5192 suoque
1662 5097 1815 5167 exercitu
1832 5093 2027 5190 imperator
2040 5100 2163 5186 vellet,
2189 5126 2299 5176 erer-

257 5201 432 5270 maiorum
454 5198 629 5290 exempla,
658 5194 791 5268 intulit.
843 5191 1018 5267 Estenim
1040 5198 1246 5269 liberandus
1294 5199 1403 5284 citus,
1435 5213 1476 5270 ut
1498 5223 1599 5291 saepe
1615 5199 1713 5270 ‘alias
1741 5197 1887 5284 accidit,
1919 5215 2041 5284 eontra
2062 5201 2297 5295 disciplinam

257 5299 520 5394 culpaCaesar,
547 5298 610 5394 qui
627 5298 764 5368 etiamsi
779 5298 879 5370 iustis
894 5299 938 5368 de
955 5300 1068 5370 causis
1079 5298 1245 5372 Romano
1294 5301 1505 5388 militarem,
1531 5315 1653 5372 contra
1678 5303 1781 5372 fidem
1805 5299 2014 5392 Imperatori
2038 5303 2176 5390 domm,
2202 5329 2294 5380 ava-

255 5402 420 5475 Pontifici
437 5401 624 5490 irascitur,
650 5413 767 5470 tamen
785 5395 864 5471 hocf
876 5399 971 5471 exitu
985 5401 1154 5473 victoriae
1176 5403 1246 5472 mi·
1267 5425 1271 5489 t
1294 5403 1401 5489 ricia,
1448 5405 1494 5474 ad
1528 5405 1765 5510 diripiendam
1803 5403 1929 5474 urbem
1962 5404 2297 5499 opulentissimam,
2352 5455 2353 5462 κ

288 3823 293 3830 ’
360 3829 439 3910 Qun
454 3831 664 3894 audemarus
678 3833 793 3907 nosue,
820 3833 887 3913 qun
902 3830 1110 3894 sumamus

358 3931 517 4018 Explicet,
542 3945 594 3994 aut
610 3935 705 4014 possit
719 3931 881 4015 lachrymis
898 3953 1023 4016 aequare
1037 3929 1179 3995 labores?
