4718 5828
81 241 139 322 m
479 239 648 316 unct.
697 237 775 314 uu
815 239 1088 318 ussurus
1123 237 1651 319 eauoaooooaurs
2009 191 2082 321 tas

79 417 150 508 Quis
166 439 239 486 non
265 415 367 486 malit
390 415 430 484 in
450 414 605 508 pistrino
628 413 783 496 molere,
816 441 924 510 qnam
945 411 1038 488 han'c
1088 441 1155 488 nec
1176 415 1325 488 accendi
1344 417 1418 487 ulla
1435 414 1575 488 ratione
1589 429 1759 508 possunt,
1785 417 1895 508 magis
1917 417 1996 508 cogi
2016 443 2081 488 vo-

77 538 132 593 ten
156 521 332 614 molestam
361 519 579 612 plenamque
608 511 782 588 stomachi
803 519 1037 611 pervicaciam
1087 521 1168 591 lunt
1182 533 1354 614 tanquam
1369 521 1535 612 pecudes.
1584 516 1724 590 Deinde
1741 543 1807 590 uec
1820 520 1937 592 laudis
1959 543 2079 590 amore

76 623 195 715 gerere?
242 621 313 694 Sed
335 621 392 690 lac
417 621 527 690 istum
540 621 686 691 tandem
701 621 857 712 coepisse
871 621 1038 706 scribere,
1087 647 1154 694 nec
1176 625 1314 714 pudore
1341 622 1608 694 extimulantur.
1659 621 1773 692 l’orro
1789 646 1871 692 cum
1887 617 2078 694 homiuum

76 726 245 818 plurimum
261 722 445 816 operario
461 723 713 792 emendatione
733 723 948 814 scriptorum
972 750 1039 817 po-
1088 739 1234 796 uaturae
1259 724 1405 816 proprie
1427 727 1546 817 pudor
1568 723 1697 796 insitus
1712 723 1780 809 sit,
1800 723 1892 818 'quid
1917 747 1991 794 etse
2011 748 2078 794 no-

75 831 209 898 neodnm
228 839 290 902 est.
340 821 408 898 Est
431 824 529 894 enim
551 825 740 894 sceleratus
755 839 960 918 praeceptor
975 827 1038 922 qui
1087 839 1180 898 stros
1202 849 1332 920 pueros
1354 827 1491 913 dic'am,
1519 849 1608 922 quos
1629 827 1718 896 adeo
1741 851 1817 896 uon
1839 829 1949 919 pudet
1969 827 2079 898 inaci-

75 927 126 1000 hac
145 931 180 1000 in
193 953 231 999 re
249 941 376 1012 cessat,
399 927 429 998 si
450 925 602 997 Horatio
626 926 823 1014 credimus,
848 928 911 1022 qui
933 946 1038 1018 negat
1086 929 1194 1002 tiaei'
1207 952 1272 1020 ego
1288 930 1407 1000 verius
1421 943 1581 1000 monstra
1597 922 2077 1023 hominumdixerimquam

75 1035 183 1103 bonum
205 1033 324 1102 virum
355 1053 445 1115 esse,
481 1029 651 1123 quicum
677 1053 805 1100 censor
835 1031 898 1103 liat
929 1032 1037 1102 alieni
1087 1031 1150 1126 qui
1180 1031 1318 1102 mutilis
1352 1032 1522 1102 membris
1546 1043 1609 1102 aut
1632 1031 1723 1102 caeci
1749 1043 1953 1104 nascuntur.
2011 1027 2078 1102 Est

74 1135 192 1227 aripti,
223 1135 313 1205 vitia
336 1157 412 1202 non
435 1126 696 1224 reprehendat3
734 1145 788 1202 est
810 1132 908 1205 euim
930 1147 1037 1205 notos
1087 1135 1183 1204 enim
1198 1133 1312 1204 levius
1328 1135 1481 1224 malum,
1506 1133 1635 1204 mutilo
1653 1135 1743 1224 pede
1764 1157 1858 1218 esse,
1883 1157 1989 1227 quam
2007 1127 2076 1206 hu·

73 1239 261 1308 versiculus:
1086 1260 1192 1308 mana
1207 1249 1324 1306 mente
1338 1260 1470 1306 carere:
1506 1237 1565 1306 isti
1587 1236 1684 1305 euim
1697 1236 1905 1328 simpliciter
1920 1231 2075 1306 humana

1086 1339 1201 1431 specie
1215 1338 1378 1408 heluinas
1400 1351 1536 1409 mentes
1552 1351 1695 1428 tegunt,
1727 1363 1816 1430 quos
1833 1339 1872 1406 in
1887 1361 1926 1406 re
1941 1337 2075 1428 turpis·-

1085 1441 1172 1510 sima
1188 1439 1532 1534 flagitiosissimaque
1546 1441 1602 1510 sui
1617 1435 1711 1509 nihil
1728 1443 1849 1530 pudet.
1890 1437 2075 1510 Postremo

71 1539 206 1610 Primum
248 1553 369 1610 autem
400 1538 441 1608 in
473 1537 694 1628 corrigendis
732 1537 908 1608 sermonis
940 1537 1037 1608 vitiis
1086 1566 1274 1636 uunquam
1292 1543 1479 1637 quisquam
1497 1557 1568 1614 tam
1585 1543 1691 1612 loelix
1704 1556 1911 1634 praeceptor
1923 1542 2003 1625 luit,
2017 1541 2076 1610 cni

71 1643 207 1712 oculatus
220 1655 429 1734 praereptor
443 1665 519 1710 non
529 1640 728 1732 simplicem
742 1641 902 1711 laborem
915 1641 1036 1725 sumit,
1086 1646 1136 1716 ita
1156 1646 1410 1736 obtemperarit
1431 1644 1643 1736 discipulus,
1676 1659 1716 1714 ut
1740 1645 1990 1735 praescriptam
2018 1643 2076 1712 di·-

71 1745 138 1814 dum
163 1744 387 1834 grammatica
419 1757 533 1813 errata
555 1755 686 1827 mutat,
717 1744 805 1813 dum
828 1743 978 1813 obscure
1001 1757 1035 1812 et
1084 1747 1207 1818 scendi
1229 1748 1402 1817 rationem
1426 1761 1566 1818 secutus
1587 1746 1651 1832 sit,
1682 1760 1721 1816 ut
1756 1749 1800 1815 ad
1837 1741 1903 1815 hoa
1935 1761 2074 1816 autores

70 1847 208 1935 ambigue
222 1846 318 1916 dicta
332 1847 517 1938 perspicue
536 1845 702 1936 explicat,
724 1847 812 1914 dum
837 1846 1034 1938 impropria
1085 1849 1301 1919 evolvendos
1322 1849 1461 1938 alligari
1484 1875 1521 1921 se
1543 1871 1664 1942 passus
1686 1850 1750 1932 sit,
1777 1851 1815 1916 in
1837 1849 1969 1942 quibus
1988 1871 2071 1918 eum

69 1948 205 2038 corrigit,
234 1949 325 2018 dnm
349 1941 508 2016 horridis
527 1947 629 2017 addit
651 1946 825 2030 nitorem,
859 1961 894 2018 et
911 1948 1033 2033 figuris
1083 1953 1168 2022 solis
1195 1952 1329 2020 versari
1360 1964 1467 2046 atque
1504 1952 1717 2022 commorari
1755 1965 1924 2044 tanquam
1971 1949 2070 2020 domi

68 2049 242 2134 illuminat,
272 2063 311 2120 et
327 2051 483 2138 gratiora
497 2049 758 2142 blandioraque
773 2049 869 2120 lacit.
919 2048 1033 2118 Porro
1083 2077 1167 2124 suae
1182 2067 1390 2146 praeceptor
1403 2053 1563 2138 volebat,
1588 2067 1630 2124 ut
1644 2055 1688 2122 ad
1706 2067 1845 2142 tempus
1860 2053 1991 2141 scripta
2005 2052 2071 2120 ab·

68 2151 197 2241 relegere
215 2153 340 2243 inepte
368 2153 497 2242 scripta
531 2175 725 2242 puerorum
759 2151 948 2221 molestum
983 2165 1034 2220 est
1084 2157 1246 2238 solverit,
1271 2169 1311 2226 ut
1334 2180 1373 2226 ea
1398 2181 1488 2249 quae
1510 2155 1655 2226 edidicit
1670 2156 1769 2225 statis
1786 2149 1884 2224 horis
1900 2153 2070 2224 memoria

68 2254 205 2345 quamvis
218 2253 372 2345 patienti
388 2253 619 2346 praeceptori,
633 2265 768 2346 quanto
786 2253 898 2341 magis
912 2275 1034 2322 emen·
1084 2258 1306 2350 repetiverit,
1327 2271 1368 2329 ut
1390 2281 1554 2327 sermone
1571 2257 1791 2347 castigatiore
1814 2257 1908 2348 apud
1935 2255 2073 2324 sodales

67 2355 144 2424 datio
169 2355 314 2445 fatiget?
355 2355 559 2447 praesertim
593 2380 674 2426 cum
708 2355 908 2446 plerunque
941 2355 1032 2424 ratio
1082 2383 1167 2430 usus
1184 2360 1241 2432 sit.
1300 2358 1422 2429 Nostri
1444 2359 1589 2453 quidem
1612 2357 1705 2428 nihil
1729 2353 1857 2428 horum
1882 2370 2073 2451 praestant,

67 2457 151 2525 etiam
167 2483 227 2526 cur
243 2457 430 2552 quippiam
445 2451 829 2541 munrit,‘indicands
847 2458 902 2527 sit.
936 2455 1032 2526 Tum
1084 2461 1122 2529 in
1143 2485 1318 2531 carcerem
1340 2486 1376 2530 se
1401 2461 1538 2530 includi
1559 2461 1875 2549 citiuspatientur,
1897 2464 2004 2552 qua'm
2032 2459 2071 2527 in

66 2559 234 2648 castigandi
258 2559 377 2628 acrius
397 2559 460 2652 qni
477 2559 713 2649 negligentius
728 2559 919 2650 scripsere,
944 2554 1033 2628 hor·
1082 2589 1156 2633 uno
1173 2577 1298 2632 autore
1312 2562 1478 2633 detineri.
1530 2559 1691 2632 Varietas
1705 2577 1801 2652 grata
1816 2575 1870 2632 εει
1883 2561 1939 2628 illi
1952 2561 2071 2634 aetati.

66 2663 146 2729 tandi
163 2663 224 2731 alii
245 2675 288 2732 ut
310 2661 489 2754 inceptum
519 2685 663 2730 cursum
687 2674 846 2750 urgeant.
906 2657 1030 2753 Neque
1083 2663 1207 2759 ltaque
1227 2665 1345 2749 varia,
1371 2666 1432 2734 sed
1456 2663 1653 2758 plerunque
1674 2664 1850 2734 deteriora
1873 2665 2014 2752 legunt,
2038 2662 2070 2732 si

66 2777 279 2834 verotantum
296 2763 470 2832 sermonis
485 2763 570 2832 vitia
590 2765 822 2832 monstranda
842 2773 943 2844 sunt,
969 2765 1029 2832 sed
1081 2781 1199 2837 tamen
1215 2768 1351 2860 aliquid
1373 2767 1505 2854 legunt.
1557 2766 1630 2836 lam
1654 2765 1776 2834 lodere
1801 2766 1940 2834 malunt
1962 2787 2069 2858 quam

66 2863 95 2932 in
119 2859 168 2935 his
200 2867 263 2960 qui
294 2866 369 2936 iam
397 2860 566 2934 nonnihil
598 2877 873 2958 promoverunt,
908 2888 1029 2934 rerum
1081 2868 1288 2938 memoriam
1304 2883 1364 2939 aut
1387 2869 1546 2959 linguam
1563 2891 1733 2940 exercere.
1784 2865 1943 2936 Sicsunt
1967 2867 2068 2957 pueri

65 2967 148 3036 etiam
185 2965 353 3038 habenda
383 2967 493 3052 ratio,
532 2981 567 3036 et
607 2967 807 3036 voluntates
844 2968 1029 3055 regendae.
1081 2971 1119 3039 in
1142 2993 1289 3061 genere,
1314 2971 1376 3040 alii
1402 2971 1532 3060 magis,
1564 2969 1626 3040 alii
1651 2970 1771 3038 minus
1794 2969 1925 3058 ignavi.
1976 2967 2067 3038 Nam

65 3065 221 3158 Quosdam
234 3070 334 3139 enim
348 3069 505 3138 convitia
519 3069 712 3152 delectant,
737 3069 777 3137 in
799 3069 879 3138 aliis
903 3082 955 3138 est
978 3069 1029 3137 ri·
1080 3072 1217 3142 etiamsi
1235 3073 1314 3166 quis
1329 3073 1452 3144 indole
1471 3095 1639 3164 generosa
1656 3085 1726 3155 est,
1750 3084 1869 3140 tamen
1890 3094 1931 3140 ea
1955 3083 2068 3140 aetate

66 3171 160 3241 dicula
180 3173 320 3244 vanitas
346 3187 381 3242 et
402 3170 521 3240 inanis
550 3170 737 3255 iactantia,
760 3183 795 3241 ει
815 3171 887 3240 lere
912 3194 1030 3240 mores
1080 3199 1205 3264 parom
1229 3175 1268 3242 in
1288 3175 1417 3244 animis
1432 3177 1574 3244 roboris
1589 3187 1651 3244 est.
1700 3170 1747 3242 Et
1765 3173 2067 3266 quemadmodum

65 3274 153 3366 stylus
167 3275 295 3366 arguit.
335 3271 532 3344 llaecvitia
549 3297 631 3343 curn
646 3271 740 3342 vires
754 3271 949 3364 accipiunt,
964 3297 1029 3342 ner
1079 3278 1208 3366 longus
1228 3277 1331 3346 labor
1354 3291 1406 3348 est
1427 3277 1622 3348 infantium
1641 3297 1789 3366 corpora
1811 3275 1973 3358 firmare,
2006 3295 2067 3362 ge-

65 3377 213 3446 eteneris
234 3375 368 3446 animis
393 3375 615 3460 evelluntur,
650 3370 799 3443 haerent
824 3375 862 3442 in
883 3375 1028 3443 senibus
1078 3380 1224 3464 stando,
1257 3379 1408 3472 aliisq'ue
1429 3380 1599 3450 mollibus
1620 3377 1815 3460 exercitiis,
1840 3376 1890 3444 sic
1915 3374 2066 3444 infantia

110 1377 159 1441 Vir
173 1383 270 1448 bouus
284 1391 316 1440 et
327 1378 462 1462 prudeus
475 1398 579 1440 versus
592 1377 790 1460 reprehendat
802 1379 922 1443 inertes.

63 3496 269 3550 summarum
288 3477 524 3570 turpitudine.
560 3473 759 3568 Expendite
772 3500 922 3570 quaeso,
941 3499 1029 3544 con·
1078 3477 1304 3567 ingeniorum
1325 3501 1400 3546 non
1417 3480 1488 3548 nisi
1503 3505 1584 3550 sero
1597 3493 1760 3556 curatur,
1786 3491 1975 3570 postquam
2001 3476 2064 3544 diu
2202 3489 2212 3498 ”

64 3591 137 3650 tent
150 3576 232 3651 haec
245 3579 493 3654 mediocribus
510 3577 816 3670 praeceptoribus,
842 3579 898 3646 vel
913 3576 945 3646 si
960 3579 1026 3646 do-
1077 3601 1215 3649 summa
1229 3577 1394 3648 comitate
1409 3579 1573 3648 docueris
1587 3590 1622 3646 et
1638 3577 1891 3662 adsuefeceris,
1915 3601 1982 3646 noc
1995 3576 2066 3646 ali·
2202 3585 2213 3598 ‘

63 3679 128 3750 ciles
141 3678 294 3754 habeant
308 3681 519 3772 discipulos,
544 3694 581 3750 ει
594 3694 712 3750 tamen
732 3679 865 3749 nostris
878 3681 951 3750 iere
964 3691 1028 3748 aut
1077 3694 1132 3750 ter
1152 3678 1314 3752 tractaris
1337 3692 1443 3772 atquc
1466 3702 1550 3749 suos
1578 3679 1744 3749 alumnos
1768 3679 1969 3750 nutriculae
1990 3693 2064 3748 tra·

63 3780 179 3871 ingenia
193 3788 344 3864 desunt,
369 3796 432 3852 aut
446 3785 545 3853 deest
559 3781 725 3852 voluntas
739 3781 911 3854 discendi.
949 3779 1027 3850 Du-
1077 3785 1186 3855 ctant.
1242 3779 1286 3852 ln
1316 3793 1416 3851 tanta
1447 3779 1575 3852 inertia
1604 3781 1774 3866 istorum,
1805 3781 1954 3870 cogitate
1976 3781 2063 3874 qnid

62 3883 319 3971 plicaturautem
341 3886 463 3970 labor,
487 3907 568 3955 cum
584 3906 721 3953 summa
742 3882 778 3952 vi
800 3884 843 3951 ad
869 3882 1025 3952 ollicium
1076 3883 1189 3954 animi
1203 3883 1421 3975 praeceptori
1432 3883 1495 3968 sit,
1521 3884 1693 3952 nimirum
1708 3883 1812 3982 ‚idem
1833 3885 1930 3975 quod
1946 3880 2064 3973 lmpe-

63 3991 186 4074 rogcndi
199 4003 295 4060 sunt.
332 3985 426 4056 Nam
440 3999 482 4058 ut
498 3987 539 4055 in
553 3986 627 4054 acie
644 4007 769 4077 parum
784 3983 891 4054 loelix
909 3981 1025 4074 lmpe-
1077 3985 1207 4068 ratori,
1232 3984 1296 4079 qui
1317 3985 1451 4056 abiecta
1475 3984 1644 4054 victoriae
1667 4007 1745 4074 spe,
1771 3985 1939 4075 intelligit
1968 3979 2064 4056 hosti

63 4101 158 4175 rator,
181 4093 209 4162 si
232 4091 369 4160 milites
388 4083 517 4158 haheat
537 4087 694 4180 primum
708 4087 873 4177 ignavos,
895 4085 1026 4154 deinde
1075 4088 1243 4170 salutem,
1266 4099 1343 4156 tum
1367 4109 1467 4156 suam
1488 4100 1566 4156 tum
1591 4085 1725 4178 patriae
1746 4087 1877 4156 scelere
1890 4087 2063 4158 exercitus

65 4211 134 4280 quos
158 4219 229 4262 uon
253 4195 387 4286 pudeat
406 4191 549 4280 lugere,
575 4203 754 4280 postremo
775 4189 838 4282 qni
861 4211 935 4256 nou
958 4189 1024 4256 ob-
1074 4189 1131 4259 sui
1151 4187 1330 4280 proditam
1350 4211 1435 4260 esse.
1485 4185 1718 4259 Consumitur
1742 4189 1977 4259 acerbissimis
2000 4213 2063 4260 cu-

63 4301 254 4386 temperent,
294 4295 355 4364 secl
379 4305 539 4384 pugnent
562 4290 711 4374 iniussi,
742 4291 861 4360 locum
884 4290 1024 4379 capiant
1074 4291 1141 4372 ris,
1168 4290 1293 4358 videns
1308 4302 1381 4359 tam
1396 4289 1490 4358 male
1503 4289 1612 4360 locari
1628 4289 1855 4380 gravissimos
1868 4291 2007 4362 labores
2022 4291 2062 4360 in
2180 4373 2183 4378 Δ

63 4414 93 4460 er
108 4415 163 4466 coo
189 4397 363 4478 arbitrio,
394 4417 469 4464 non
494 4407 636 4465 servent
660 4392 820 4464 ordines.
877 4387 1022 4461 Etenim
1075 4391 1260 4463 inventute
1274 4392 1472 4462 formanda.

63 4500 136 4580 apud
150 4496 400 4593 Thucydidem
422 4495 740 4590 egregiusquidam
757 4493 954 4586 Imperator
967 4495 1024 4561 di·
1176 4493 1261 4566 Dixi
1275 4487 1446 4563 hacteuus
1461 4496 1506 4563 de
1519 4490 1716 4580 aemmnis,
1740 4515 1829 4586 quaa
1845 4492 2061 4566 inducendo

62 4595 97 4665 cit
109 4601 147 4670 ad
162 4601 250 4672 bene
266 4599 502 4694 pugnandum
518 4597 673 4693 requiri,
698 4611 740 4667 ut
754 4596 867 4666 velint
881 4595 1023 4676 milites,
1072 4609 1210 4666 tantum
1226 4595 1454 4687 perierimus,
1475 4607 1582 4666 restat
1595 4595 1704 4664 altera
1718 4595 1827 4664 oflicii
1842 4597 1955 4666 nostri
1978 4619 2060 4689 pars

62 4701 210 4792 utlugere
227 4705 378 4796 pudeat,
404 4714 445 4771 ut
464 4699 711 4791 obtemperent
727 4697 1022 4791 Imperatorihus:
1073 4699 1178 4788 longe
1200 4697 1381 4767 difficilior
1399 4696 1594 4790 superiori,
1614 4721 1697 4766 cura
1721 4697 1958 4787 regendorum
1981 4723 2061 4769 mo·

61 4795 97 4870 ita
119 4803 153 4874 in
178 4800 243 4876 hac
281 4801 490 4875 scholastica
523 4803 653 4872 militia
687 4801 896 4870 miserrimis
929 4801 1023 4870 curis
1072 4825 1165 4870 rum.
1216 4797 1316 4888 Quid
1333 4799 1384 4868 ibi
1398 4801 1484 4869 mali
1499 4821 1574 4869 non
1588 4798 1685 4869 videt
1699 4799 1929 4890 praeceptor?
1978 4797 2062 4868 Pri-

61 4921 242 4997 meceptor
263 4906 471 4990 coniicitur,
506 4929 589 4976 cum
614 4903 794 4974 docendos
819 4903 1023 4994 susceperit,
1072 4925 1171 4971 mum
1194 4915 1289 4972 aetas
1313 4902 1374 4970 illa
1400 4916 1526 4971 natura
1548 4903 1592 4970 ad
1622 4901 1750 4972 vitium
1773 4901 1983 4992 propensior
1998 4916 2062 4978 est.

62 5005 108 5094 qui
120 5009 269 5100 primum
286 5033 361 5080 uon
375 5008 528 5098 flagrant
548 5007 624 5078 ulla
639 5005 833 5098 cupiditate
850 5002 1023 5074 discendi.
1070 4999 1120 5074 Et
1133 5001 1235 5072 Plato
1251 5003 1408 5095 scripsit,
1433 5005 1569 5074 nullam
1585 5003 1726 5073 beluam
1741 5002 2061 5074 intractabiliorem

28 5163 29 5172 ,
62 5099 141 5177 Nihil
161 5113 257 5181 enim
280 5111 320 5180 in
352 5111 454 5181 omni
473 5111 546 5181 vita
567 5108 747 5200 egregium
774 5106 865 5177 ellici
897 5119 1022 5198 potest,
1071 5127 1145 5175 esse
1161 5129 1284 5198 puero.
1338 5103 1461 5200 ltaque
1479 5119 1664 5197 tantopere
1688 5105 1832 5176 sudabit
1854 5119 2062 5198 praeceptor

62 5205 116 5277 uisi
130 5213 400 5306 animusstudio
423 5211 500 5283 eius
516 5211 570 5282 rei
585 5235 692 5306 quam
706 5209 865 5294 affectat,
890 5209 1022 5294 ardeat,
1071 5208 1111 5277 in
1126 5208 1291 5297 regendis
1305 5202 1380 5292 his,
1395 5208 1457 5302 qui
1472 5208 1568 5278 domi
1583 5231 1720 5278 summa
1735 5207 1918 5297 diligentia
1932 5229 2063 5297 paron-

63 5319 88 5378 tt
98 5315 136 5382 ad
149 5339 222 5386 eam
234 5339 366 5408 magno
382 5316 538 5408 quodam
552 5327 654 5384 motu
677 5325 783 5406 atque
802 5311 939 5402 impetu
962 5333 1022 5380 ra-
1070 5324 1146 5381 tnm
1161 5312 1206 5380 ad
1220 5311 1472 5400 religionemet
1482 5312 1526 5380 ad
1537 5311 1653 5380 bonos
1665 5331 1782 5378 mores
1798 5309 1952 5381 instituti
1965 5325 2060 5397 suut,

63 5409 166 5498 piatur.
222 5414 275 5490 At
292 5417 407 5490 nostri
430 5415 583 5510 turpiter
606 5413 740 5506 frigent
770 5414 811 5482 iu
839 5413 1021 5499 discendo,
1071 5427 1114 5486 nt
1129 5413 1270 5484 leonem
1287 5426 1350 5485 aut
1364 5435 1489 5482 ursum
1505 5409 1858 5504 experiaturlacilius
1870 5435 1972 5505 posse
1995 5435 2062 5504 gu-

1840 5720 1949 5782 Ᾰ
