4688 5826
85 263 170 360 :no
762 255 1466 345 occnonoommerc
1722 291 1725 302 ·
1869 285 1877 299 ·
2066 266 2141 344 co

87 461 165 530 ‚uae
179 434 443 518 mesebon
457 449 493 515 et
507 451 627 512 mons
644 455 686 511 se
705 437 909 514 sententiee'
921 461 1005 510 eom
1018 445 1095 508 ttu-
1145 425 1358 519 bominem,
1381 433 1514 506 'nibus
1539 447 1604 506 est.
1618 436 1858 526 detestabilis,
1894 453 2019 533 wnepote
2047 463 2140 536 que

94 537 167 608 diis
186 561 385 630 congruere
408 539 541 613 debent
559 551 689 617 eontra
706 539 932 626 ebrietaem,
965 563 1036 634 qua
1054 539 1094 610 in
1146 545 1296 606 naturae
1310 534 1386 628 ipsi
1405 547 1525 608 tamen
1546 538 1738 610 eoulormis
1759 551 1794 612 et
1818 558 2054 614 consentanee
2074 555 2138 616 est.

84 635 164 729 ,bac
182 642 328 736 quidem
351 640 425 728 vita
445 635 539 712 nihil
561 639 701 717 loedius
716 663 791 714 esse
806 655 940 734 potest,
971 643 1094 712 dicen-
1145 631 1197 708 At
1219 635 1287 708 isti
1304 631 1467 708 homines
1487 641 1607 730 lugere
1629 663 1776 732 prorsus
1796 665 1834 712 se
1857 643 1944 736 ipsi,
1970 658 2004 716 et
2019 639 2140 715 bomi-

94 745 183 815 dum
206 743 273 829 sit,
302 737 397 814 nihil
418 743 564 827 dubito,
596 742 685 836 quin
707 743 792 816 satis
814 767 946 838 ecquos
970 757 1005 816 et
1031 745 1096 815 be'-
1146 761 1230 808 nem
1262 763 1305 810 ex
1336 733 1483 812 homine
1515 753 1699 828 exuentes,
1746 757 1909 816 naturam
1943 741 2138 819 humanam

96 845 421 936 nignosauditores
437 844 504 916 sim
522 837 721 918 habiturus.
772 840 820 916 Et
833 869 894 916 me
909 859 1094 918 coutume-
1146 838 1263 912 odisse
1284 841 1468 924 videntur,
1503 843 1575 913 imo
1599 866 1683 914 vero
1705 867 1787 916 eum
1809 869 1849 916 ea
1873 848 2140 939 belligerantur,

96 947 145 1018 lia
170 969 234 1018 ros
261 947 399 1018 afficere
430 947 642 1032 iudicarem,
674 947 706 1018 si
731 947 831 1018 velut
857 947 1024 1020 dubitans
1050 951 1094 1018 de
1146 954 1389 1033 eterpugnata
1405 944 1499 1035 ipsa,
1523 945 1647 1031 altam,
1672 971 1713 1016 ac
1729 945 1841 1018 nimio
1858 949 2059 1044 plusquam
2075 951 2140 1020 be·

98 1063 214 1122 vestra
229 1049 269 1122 in
285 1045 352 1120 bae
364 1071 470 1120 eausa
484 1049 751 1135 benevolentis,
776 1051 881 1140 longa
905 1051 1095 1141 praelatio..
1146 1042 1283 1114 luinam
1297 1045 1470 1132 induunt,
1496 1062 1535 1118 ut
1551 1060 1644 1118 recte
1659 1047 1795 1120 dictum
1811 1049 1874 1121 sit:
1902 1047 2059 1122 Omnem
2073 1074 2139 1122 na·

94 1147 342 1225 neeammibi
360 1152 622 1222 conciliandam
642 1163 833 1244 putarem.¹
867 1149 1095 1245 Quapropter
1146 1159 1262 1216 turam
1287 1169 1377 1240 quae
1399 1171 1420 1217 a
1439 1171 1501 1218 sua
1524 1149 1640 1242 specie
1662 1152 1868 1242 degeneret,
1892 1153 1931 1222 in
1946 1154 2060 1226 multo
2076 1154 2139 1223 de·
2172 1165 2175 1174 “

96 1249 165 1326 bec
180 1253 325 1347 quidem
340 1269 441 1345 parte
454 1253 602 1336 omissa,
630 1277 744 1324 unum
761 1275 825 1323 vos
839 1255 1029 1344 precabor,
1054 1267 1095 1325 ut
1146 1247 1312 1319 letiorem
1329 1249 1444 1336 abire,
1470 1275 1576 1344 quam
1591 1250 1621 1322 si
1637 1275 1713 1322 eam
1732 1266 1895 1326 naturum
1910 1255 2140 1346 ingenuisset.

95 1356 124 1431 si
150 1356 271 1426 minus
294 1378 401 1450 quem
422 1379 488 1446 pro
510 1355 694 1426 atrocitate
722 1377 762 1426 ec
789 1355 957 1428 foeditate
987 1351 1095 1428 buius
1145 1344 1297 1420 Etcum
1321 1343 1559 1437 horrendum,
1591 1369 1667 1424 tom
1695 1377 1780 1425 vero
1810 1355 1917 1428 etiam
1938 1357 2140 1428 miserabile

94 1457 223 1549 flegitii
243 1457 363 1530 &mm
381 1471 414 1528 et
437 1471 582 1549 propter
603 1455 882 1528 imbecillitatem
898 1459 1090 1528 onerieue,
1147 1462 1221 1536 est,
1241 1475 1282 1522 er
1298 1453 1718 1526 omnibusanimantibus
1739 1481 1852 1529 unum
1869 1452 2051 1530 hominem
2066 1473 2140 1532 tem
2222 1527 2229 1540 ,

96 1560 283 1641 cumbam,
324 1560 362 1630 id
396 1583 461 1652 pro
494 1571 609 1632 vestra
642 1559 821 1652 aequitate
854 1561 959 1632 eetati
987 1583 1096 1645 meae,
1147 1552 1253 1643 longe
1269 1543 1610 1642 abeaexcellentie‚
1636 1559 1680 1628 ed
1697 1583 1803 1652 quam
1825 1559 1998 1633 divinitus
2014 1561 2140 1632 condi-

96 1685 206 1756 qugm
227 1661 398 1752 gravibus
418 1660 637 1749 argumentis
662 1651 858 1732 tractandis
887 1655 1005 1732 adhue
1026 1660 1089 1730 im.
1148 1667 1205 1724 tus
1222 1667 1292 1740 edi,
1316 1657 1540 1747 degenerare,
1591 1657 1691 1747 Quill
1707 1661 1802 1730 enlm
1821 1684 1895 1734 ΜΕ
1908 1677 1970 1736 eut
1990 1661 2141 1753 tossllal'l

95 1777 274 1838 maturam
288 1787 363 1836 esse
378 1764 524 1844 videtis,
550 1775 586 1836 et
609 1761 776 1836 tenuitati
798 1762 936 1852 ingenii
960 1765 1097 1834 condo-
1149 1769 1281 1847 potest,
1304 1779 1378 1828 oon
1394 1759 1464 1828 iem
1479 1761 1595 1830 dicam
1606 1756 1839 1849 humanitati,
1862 1768 1922 1834 sed
1939 1765 2006 1858 ipsi
2021 1763 2140 1840 omni·

96 1867 203 1938 netis.
254 1863 363 1957 Quod
386 1887 443 1936 me
458 1865 602 1960 quidem
619 1863 757 1937 evobis
773 1887 849 1936 non
870 1865 1014 1936 difficile
1028 1866 1097 1934 im·
1149 1883 1197 1928 uo
1213 1871 1361 1929 naturae
1383 1861 1495 1952 magis
1516 1864 1722 1950 adversum,
1747 1866 1943 1959 quamsuis
1958 1866 2142 1952 membris,

93 1983 321 2062 pemtumm
338 1969 642 2062 spondetsumma
658 1959 861 2040 humanitas
876 1981 991 2038 vestra
1008 1963 1095 2038 mihi
1148 1959 1348 2032 'valetudini
1376 1963 1537 2058 vlltteqtte
1561 1965 1746 2057 propriae,
1785 1968 1882 2038 ullt'o
1906 1982 1939 2040 el
1964 1969 2064 2040 nttlla'
2095 1969 2141 2040 tle

95 2095 174 2142 nou
190 2071 324 2161 ignota,
686 2057 693 2077 '
1149 2085 1251 2132 censa
1275 2062 1348 2132 vim
1370 2064 1522 2136 afferre?
1571 2065 1699 2138 Solent
1720 2063 1788 2138 boc
1810 2093 2070 2165 nonnunquam
2087 2071 2142 2142 la·

202 2167 346 2244 Onsissa
367 2171 478 2260 igitur
499 2166 663 2259 longiore
685 2169 921 2262 praefatione,
953 2171 998 2240 ad
1021 2191 1096 2240 rem
1149 2185 1246 2247 cere,
1277 2167 1340 2258 qui
1361 2181 1479 2237 mente
1500 2167 1593 2260 eapti
1618 2182 1726 2264 atque
1746 2170 1785 2240 in
1809 2171 2070 2258 interemrti,
2094 2195 2142 2244 ne

97 2275 220 2367 potius
241 2274 353 2366 ipsam
374 2273 594 2344 accedamus,
651 2267 707 2342 De
730 2271 936 2344 temulentia
957 2267 1047 2344 mihi
1063 2283 1096 2342 ct
1148 2265 1283 2356 seipsos
1311 2267 1474 2354 laedent,
1515 2269 1668 2341 vinculis
1697 2267 1943 2345 cohercentor.
2007 2269 2060 2346 Al
2082 2272 2155 2364 llll,

98 2377 271 2450 ebrietate
290 2375 331 2444 in
352 2372 550 2468 praesentia
574 2373 690 2446 oratio
712 2373 796 2460 erit,
834 2375 1097 2457 Adulescentes,
1150 2361 1339 2453 heluam,
1364 2370 1427 2464 qul
1441 2365 1559 2442 adhuc
1580 2370 1711 2444 mentis
1732 2397 1773 2472 ec
1788 2375 1937 2446 rationis
1951 2389 2144 2469 compotu,

98 2482 145 2550 de
158 2503 230 2574 qua
244 2501 327 2570 ego,
351 2477 412 2548 sed
425 2475 497 2549 alio
516 2476 671 2570 quodam
685 2477 793 2548 modo
808 2476 927 2546 dicere
943 2499 1098 2568 possum,
1149 2471 1180 2538 sl
1197 2467 1276 2540 Diis
1294 2471 1424 2562 placet,
1450 2473 1564 2543 videri
1581 2475 1783 2566 postulant,
1808 2477 1961 2548 simodo
1977 2491 2082 2564 sunl,
2107 2490 2144 2549 el

99 2583 201 2677 qood
231 2583 276 2650 de
304 2579 437 2652 virtute
468 2573 572 2648 Plato
604 2576 714 2662 dixit,
756 2577 984 2648 incredibiles
1018 2601 1095 2648 eam
1151 2593 1224 2640 noo
1239 2575 1353 2643 multo
1368 2575 1524 2664 graviori
1541 2597 1669 2666 genere
1690 2579 1822 2650 luroris
1843 2579 2041 2670 agitantm,
2075 2573 2144 2650 bo·

98 2705 241 2756 amores
259 2683 299 2752 in
312 2672 663 2764 eoimisbominnm,
685 2677 715 2749 si
723 2679 845 2750 oculis
862 2679 996 2770 percipi
1015 2700 1097 2772 pos-
1150 2673 1267 2744 stilem
1288 2675 1328 2745 in
1349 2677 1495 2748 modum
1518 2677 1677 2770 sibiipsi
1699 2703 1828 2751 manus
1848 2681 2022 2768 offerrent,
2052 2680 2092 2752 in
2106 2703 2145 2754 se

98 2799 172 2872 ,α’
203 2783 441 2856 unitatum,
497 2781 554 2852 122
577 2780 804 2866 ebrietatem,
835 2782 867 2852 ,t
889 2781 966 2852 eiu,
984 2779 1100 2874 turpi.
1150 2775 1246 2865 ipsos
1274 2777 1486 2863 saevientes,
1520 2779 1839 2877 infestissimosque
1865 2785 2028 2870 morbos,
2061 2807 2145 2856 cru-
2188 2867 2191 2874 ¹

98 2891 211 2976 tudo,
236 2897 368 2979 quanta
389 2896 460 2966 est,
489 2905 510 2954 a
534 2881 641 2954 nobis
661 2894 883 2968 cerneretur,
910 2907 951 2955 ac
972 2883 1098 2954 sinon
1151 2877 1281 2956 rietus,
1304 2895 1411 2972 atque
1426 2881 1591 2962 exitium,
1616 2882 1713 2954 ultro
1733 2907 1773 2954 ae
1788 2885 1946 2956 volentes
1962 2886 2145 2956 videntes-

97 2990 200 3064 oculi
211 2987 325 3060 nostri
337 3009 413 3058 rem
426 2998 497 3058 nm
511 2984 654 3056 loedam
664 2985 921 3056 consuetudine
936 2987 1103 3080 quadum,
1151 3001 1220 3072 que
1236 2979 1306 3048 sibi
1322 2999 1514 3056 accersunt.
1555 2981 1596 3053 ld
1612 2983 1660 3056 its
1675 3007 1748 3056 esse
1761 2987 1967 3079 quotidiana
1983 2985 2145 3081 exemplo

99 3085 281 3188 qnanihil
298 3090 337 3160 in
360 3089 468 3160 rebus
482 3087 587 3158 malis
599 3085 787 3158 nocentius
808 3101 878 3172 est,
902 3111 1012 3180 prope
1028 3087 1099 3156 iam
1152 3079 1260 3150 nintis
1281 3083 1393 3154 multa
1422 3097 1619 3172 testantur,
1649 3099 1683 3157 ct
1708 3111 1765 3158 res
1785 3087 1947 3183 loquitur
1974 3089 2069 3182 ipsa,
2103 3101 2146 3161 ut

99 3198 197 3266 ferre
213 3191 437 3276 didicissent,
462 3182 559 3259 bend
577 3187 687 3260 dubie
705 3187 952 3279 gravissimum
974 3189 1098 3260 odium
1150 3179 1336 3277 nunquam
1356 3187 1474 3257 verius
1494 3207 1600 3282 quam
1624 3183 1693 3259 hoe
1714 3205 1872 3281 tempore
1891 3191 1962 3262 diei
1979 3191 2146 3285 potuerit,

99 3299 160 3370 sui
183 3297 276 3388 apud
298 3316 422 3366 omnes
441 3291 650 3384 perituram.
699 3288 815 3362 Nemo
827 3291 924 3360 enim
942 3303 1012 3376 est,
1037 3291 1100 3385 qui
1151 3285 1271 3376 plures
1286 3289 1430 3377 crapola
1447 3314 1553 3382 qrmm
1573 3290 1691 3379 gladio
1712 3293 1941 3378 occumbere,
1965 3293 2039 3365 imo
2059 3317 2144 3366 vero

98 3423 182 3472 non
203 3409 279 3468 toto
298 3417 449 3488 corpore
468 3407 577 3486 atque
599 3391 722 3464 animo
747 3387 1027 3476 cohaeresceret,
1058 3417 1099 3462 ac
1152 3389 1271 3479 plures
1293 3392 1436 3480 crapula
1461 3393 1594 3484 seipsos
1614 3394 1805 3464 cnrdelitcr
1826 3395 2005 3480 occidere,
2035 3417 2145 3489 quam

97 3503 201 3574 velut
215 3501 261 3570 ed
275 3497 478 3570 ominosum
491 3509 526 3566 et
540 3494 735 3566 infaustum
744 3494 888 3586 aliquod
896 3508 1099 3566 monstrum
1151 3489 1227 3560 ullo
1252 3490 1323 3560 alio
1347 3513 1474 3580 genere
1495 3493 1621 3564 mortis
1647 3507 1710 3566 aut
1731 3519 1884 3586 menum*
1905 3491 2145 3568 bumanorum

99 3613 266 3698 paveret,
289 3600 428 3694 quoties
442 3597 484 3668 in
502 3595 592 3666 ebrii
609 3594 759 3668 alieuius
773 3589 931 3666 bominis
951 3619 1092 3688 conspe·
1152 3591 1277 3692 perire.
1337 3591 1427 3662 Nom
1451 3597 1545 3688 quod
1571 3589 1657 3664 baec
1682 3598 1729 3670 sit
1760 3599 1960 3670 communis
1984 3599 2083 3670 labes
2104 3619 2145 3668 ac

99 3721 202 3780 ctmn
212 3702 413 3786 incidisset,
438 3699 470 3770 si
483 3721 560 3768 non
577 3697 688 3770 veluti
699 3697 825 3768 morbo
838 3699 991 3791 quodum
1004 3697 1099 3769 oculi
1151 3693 1255 3764 ruina
1270 3693 1434 3766 sanitatis
1450 3697 1561 3768 enimi
1579 3697 1710 3788 pariter
1731 3723 1772 3768 ac
1784 3699 1964 3789 eorporis,
1985 3701 2080 3794 quod
2098 3699 2146 3770 ad

99 3807 219 3880 nostri
242 3799 398 3879 hebetati
420 3801 653 3885 caecutirent,
678 3811 714 3870 et
732 3811 869 3870 mentes
889 3803 932 3870 ad
956 3823 1098 3871 sensum
1151 3799 1451 3887 corrumpendum
1471 3825 1511 3869 ac
1535 3802 1770 3890 lrettgendom
1800 3801 1957 3891 vigorem
1981 3802 2144 3875 omnium

97 3923 223 3984 tanne
241 3905 421 3978 foeditatis
443 3902 701 3974 consuetudine
724 3902 799 3992 ipsa
827 3899 896 3970 iam
913 3902 1100 3974 occalluis-
1153 3899 1413 3984 membrorum,
1446 3903 1491 3970 ad
1515 3903 1659 3970 exitium
1683 3927 1723 3972 ac
1744 3918 1894 3974 mortem
1916 3905 2017 3974 nulla
2033 3903 2146 3994 magis

100 4025 194 4086 sent·
251 4007 292 4082 Si
307 4008 403 4079 enim
420 4029 503 4078 cum
517 4003 660 4098 qoid'io
674 4017 800 4074 natura
815 4023 934 4076 reram
957 4027 978 4074 a
1002 4027 1099 4074 com-
1151 4001 1433 4092 compendiaria,
1464 4027 1531 4074 nec
1552 4004 1696 4073 brevior
1715 4003 1761 4076 sit
1785 4006 1861 4090 via,
1893 4029 1969 4075 non
1986 4005 2146 4096 longum,

102 4113 208 4186 muni
223 4113 301 4203 lege
323 4133 364 4182 ac
384 4108 513 4199 ordine
534 4108 735 4178 deerratum
760 4105 940 4190 videmus,
970 4101 1099 4176 exbor-
1152 4127 1268 4195 neque
1290 4103 1435 4190 difficile
1465 4106 1531 4176 erit
1552 4108 1748 4175 ostendere.
1807 4103 1924 4196 Quem
1948 4105 2045 4178 enim
2073 4131 2145 4180 un-

101 4241 184 4290 rere
194 4227 301 4309 atque
321 4235 363 4284 ea
376 4222 535 4282 monstra
550 4206 750 4278 abominari
772 4207 945 4289 solemus,
977 4219 1100 4300 utpote
1151 4227 1258 4298 quam
1274 4205 1414 4274 vidistis
1429 4206 1608 4277 ebriosum
1623 4201 1824 4294 bominem,
1848 4209 1907 4280 coi
1923 4233 1999 4280 non
2014 4211 2052 4280 in
2069 4234 2145 4280 me-

102 4341 187 4393 eum
200 4341 244 4390 ex
259 4318 350 4387 bove
364 4312 527 4404 bicipites
551 4311 700 4394 vitulos,
731 4334 773 4380 ex
798 4333 860 4380 sue
882 4333 1004 4378 canem
1022 4311 1100 4380 edi-
1152 4305 1211 4376 dia
1236 4307 1380 4376 iuventa
1401 4331 1530 4399 eorpus
1552 4310 1652 4378 omni
1677 4333 1805 4401 genere
1828 4313 2035 4382 nnttrborum
2058 4335 2145 4382 con-

101 4437 202 4506 tum,
226 4432 290 4490 ant
301 4416 439 4512 aliquid
453 4412 695 4484 inusitatume
715 4425 808 4484 terra
821 4425 964 4496 natum,
990 4411 1046 4480 vel
1060 4412 1099 4480 in
1150 4409 1283 4479 lectum
1306 4433 1348 4478 ac
1371 4409 1612 4496 debilitatum,
1646 4435 1771 4482 setosus
1795 4435 1920 4484 omnes
1944 4413 2146 4490 labefactati

102 4523 204 4598 coelo
235 4533 460 4612 conspecmm
488 4514 707 4606 accepimus,
747 4537 822 4583 non
857 4514 977 4584 minus
1006 4527 1099 4584 certe
1152 4510 1381 4604 corruptique
1394 4511 1567 4583 luissent?
1607 4509 1864 4607 Occupatillos
1881 4515 2020 4586 senium
2036 4529 2178 4587 etoc·=

101 4621 624 4699 abominabileetobseoenum
646 4627 850 4708 portentum
865 4615 1099 4686 indicandum
1152 4635 1251 4682 casus
1278 4613 1389 4698 vitae,
1426 4615 1512 4682 dom
1541 4609 1658 4686 adbuc
1685 4631 1769 4688 sont
1790 4617 1955 4703 iuvenes,
1988 4619 2146 4710 dumque

102 4741 173 4814 est,
194 4749 277 4797 cum
291 4717 454 4794 homines
464 4716 795 4792 excellentissimam
808 4710 910 4787 illain
925 4731 1100 4798 naturam,
1149 4739 1259 4808 qoam
1282 4714 1434 4784 maxime
1454 4715 1590 4786 viribus
1616 4719 1746 4808 pariter
1769 4719 1929 4809 corporis
1945 4734 2051 4814 atque
2065 4720 2146 4790 ani-

102 4851 195 4926 qnae
208 4827 255 4898 ad
270 4825 419 4917 gloriam
432 4819 522 4902 Dei,
546 4823 592 4890 ad
614 4818 938 4903 immortalitatem,
961 4822 1007 4890 ad
1025 4819 1097 4888 vir·
1151 4816 1203 4886 rui
1226 4815 1343 4906 vigere
1366 4839 1407 4886 ac
1431 4819 1549 4888 valere
1570 4819 1758 4893 debebant.
1809 4819 1934 4915 Neque
1949 4822 1985 4892 id
2002 4822 2147 4906 mirum,

100 4945 215 5004 tutem
234 4941 340 5024 etque
352 4921 622 5018 temperantiam
635 4922 778 4996 condita
797 4933 870 5006 est,
894 4919 957 4991 illa
973 4921 1100 4990 imme-
1151 4918 1252 4990 nulla
1276 4917 1373 4990 euim
1394 4943 1476 5011 pars
1490 4935 1542 4990 est
1562 4923 1740 5012 corporis,
1765 4924 2030 5016 nequeenim,
2055 4947 2146 5018 quae

102 5035 141 5106 ni
156 5029 331 5104 belnendi
347 5053 389 5102 ec
401 5026 613 5121 perpotandi
631 5023 889 5096 consuetudine
909 5023 961 5095 ita
976 5048 1018 5093 ex
1032 5016 1100 5094 bo-
1123 4993 1127 5076 l
1150 5045 1227 5091 non
1243 5020 1308 5090 ista
1323 5020 1470 5090 immani
1487 5027 1696 5115 perpotandi
1712 5051 1752 5094 ae
1772 5019 1941 5094 heluondi
1956 5039 2146 5097 eonsuetu-

104 5133 264 5208 minibus
276 5133 314 5202 in
335 5131 428 5204 ieras
449 5125 839 5200 bestiastranslormari
854 5125 1035 5209 videmus,
1058 5138 1100 5212 ut
1123 5079 1127 5185 l
1151 5123 1237 5194 dine
1263 5123 1469 5212 gravissime
1496 5125 1669 5196 laedatur.
1738 5122 1968 5198 Stomachum
1991 5129 2169 5219 primum

104 5251 244 5332 praeter
265 5233 340 5306 oris
360 5233 575 5303 lineamenta
600 5229 640 5300 in
658 5227 731 5299 illis
748 5222 896 5298 bomani
912 5222 1007 5296 nibil
1022 5249 1099 5296 am·
1123 5212 1127 5294 ἶ
1150 5241 1187 5296 et
1205 5249 1309 5318 epar,
1342 5251 1503 5320 quaeque
1518 5227 1586 5297 alia
1604 5231 1762 5300 membra
1780 5229 1973 5300 nutritioni
1990 5246 2147 5304 caetero·

104 5339 199 5434 plins
221 5357 411 5430 agnoscere
431 5331 556 5428 possis·
613 5329 664 5404 At
684 5329 772 5426 qnid
793 5332 839 5402 de
858 5329 980 5402 bestiis
1005 5327 1099 5412 dico,
1123 5329 1126 5395 ἒ
1150 5352 1233 5423 rum
1248 5328 1420 5400 destinata
1445 5342 1548 5416 sunt,
1578 5355 1720 5403 necesse
1743 5345 1814 5416 est,
1840 5332 1909 5404 isto
1934 5335 2146 5426 poculorum

104 5464 255 5538 quarum
276 5439 349 5513 rite
369 5449 454 5512 utut
474 5448 544 5522 est,
569 5434 683 5506 multo
702 5445 816 5520 cette,
840 5456 947 5528 quam
967 5426 1097 5504 borum
1122 5439 1126 5500 ζ
1152 5429 1316 5524 proluvio
1341 5430 1389 5504 ita
1410 5433 1591 5504 debilitari
1617 5447 1722 5529 atque
1743 5435 1943 5538 eorrumpi,
1969 5451 2010 5508 ut
2030 5461 2148 5532 neque
