4616 5816
83 261 144 334 au
599 251 757 328 usco.
801 249 875 326 nn
908 199 1191 326 nucour'o
1226 239 1537 318 unaucurt

81 433 216 524 cipetum
233 451 360 518 magna
378 452 420 496 ex
443 433 546 519 parte
564 428 825 498 transtulerunt
845 429 888 496 ad
905 423 1058 518 Episco-

81 556 144 626 pus,
165 554 314 625 quorum
330 531 392 600 diu
409 530 555 601 fuerunt
570 530 737 622 aequiora
755 529 915 620 imperia,
938 543 972 598 et
988 528 1057 596 mi-

79 657 135 706 nus
157 633 346 724 periculosa
372 633 538 704 libertati.
593 632 678 701 Pars
703 633 857 720 regionis
883 645 916 701 et
941 629 1057 720 Burg-

78 737 192 828 graviis
204 733 525 824 Noribergensibus
539 758 662 826 parere
676 735 805 825 coepit,
831 733 995 819 invitata,
1018 747 1058 803 ut

78 838 208 926 opinor,
235 849 276 908 ει
307 837 495 906 nobilitate
521 851 554 906 et
583 837 713 908 virtute
744 836 913 907 familiae.
964 834 1055 905 Nam

77 940 273 1028 Burggravii
291 937 427 1008 Guelfis
450 937 520 1008 orti
538 951 639 1021 sunt,
665 963 733 1031 qua
750 939 808 1006 vix
830 951 881 1007 est
904 938 977 1007 ulla
996 962 1056 1005 ve-

77 1043 192 1112 tustior
207 1041 243 1110 in
261 1039 454 1110 Germania
480 1040 669 1124 nobilitas,
694 1040 834 1132 fuitque
858 1064 921 1130 par
946 1039 1055 1108 nobi-

76 1143 156 1213 litati
177 1143 304 1214 virtus:
332 1166 469 1234 possem
493 1143 589 1210 enim
615 1165 891 1210 commemorare
915 1143 1056 1223 multos,

77 1245 192 1336 quires
209 1244 379 1312 maximas
397 1259 589 1334 gesserunt,
615 1246 675 1312 sed
695 1257 873 1334 praetereo
890 1259 1054 1314 caeteros.

75 1344 200 1416 filberti
214 1346 389 1416 fortitudo
405 1359 439 1416 ει
453 1347 627 1416 foeliciter
645 1347 682 1414 in
705 1347 845 1436 praeliis
865 1359 961 1415 tanta
978 1346 1056 1430 fuit,

75 1459 108 1518 ut
126 1445 328 1518 Germanici
344 1436 497 1518 Achillis
520 1449 731 1538 cognomine
749 1449 954 1521 celebretur.

164 1579 234 1650 Nec
252 1603 337 1650 vero
359 1581 509 1652 extincta
532 1581 671 1651 serratio
693 1582 824 1652 uostris
849 1577 1054 1652 hominibus

76 1683 178 1753 studia
200 1683 363 1765 virtutis,
399 1684 504 1752 etiam
526 1683 555 1750 si
577 1685 646 1754 fata
676 1685 864 1776 imperium
889 1681 1054 1774 Europae

75 1787 112 1853 ad
138 1785 221 1853 alias
264 1799 385 1873 gentes
422 1785 693 1857 transtulerunt.
754 1783 845 1855 Nam
878 1788 1053 1880 equitatus

75 1885 271 1970 Francicus,
298 1886 422 1976 peritia
441 1887 491 1954 rei
510 1887 694 1966 militaris,
720 1889 926 1978 disciplina,
953 1889 1054 1958 forti-

75 1989 201 2071 tudine,
226 2011 356 2076 genere
380 2011 579 2072 armorum,
606 2014 679 2057 nou
705 1991 796 2058 cedit
819 1991 966 2083 reliquis
990 2015 1054 2059 na-

74 2090 215 2158 tionibus
241 2087 489 2178 Germanicis,
516 2114 605 2182 quae
633 2092 792 2184 equitatu
815 2093 959 2182 pollent.
1013 2091 1053 2162 ln

74 2190 262 2259 civitatibus
289 2213 372 2260 vero
399 2191 528 2260 iudicia
555 2193 689 2282 legibus
715 2207 748 2262 et
767 2193 844 2262 iure
865 2195 1053 2263 constituta

74 2305 154 2380 sont,
175 2315 262 2382 gens
277 2293 350 2381 ipsa
367 2317 445 2361 curn
463 2309 588 2364 natura
608 2310 702 2364 amat
716 2297 918 2380 candorem,
936 2297 1054 2380 fidem,

73 2390 254 2479 iusticiam,
287 2394 553 2478 liberalitatem,
586 2411 660 2466 tum
690 2421 774 2468 vero
800 2399 991 2468 domestica
1020 2413 1054 2468 et

74 2493 198 2583 publica
222 2495 414 2588 disciplina
438 2499 481 2564 ad
502 2496 666 2568 virtutem
692 2513 726 2568 et
747 2500 865 2568 omnia
886 2496 1048 2572 humani-

75 2595 139 2663 tatis
155 2597 269 2666 officia
286 2599 460 2666 assuefieri
479 2601 577 2668 solet.
630 2599 793 2694 Cumque
818 2601 960 2692 ingenia
982 2603 1054 2671 sint

14 2711 15 2796 J
75 2697 204 2766 minime
221 2701 360 2784 fucata,
386 2700 452 2768 vix·
467 2701 627 2772 invenias
653 2703 739 2772 alibi
768 2703 940 2774 firmiores
965 2705 1053 2773 ami-

14 2831 16 2870 t
75 2798 169 2867 sitias.

14 3017 15 3026 ἵ
159 2931 237 3008 Eoi
263 2950 381 3006 autem
405 2937 442 3005 in
461 2951 558 3007 tanta
575 2939 803 3030 corruptione
827 2939 1051 3030 publicorum

14 3059 16 3076 ¹
73 3061 198 3107 morum
217 3038 353 3130 ubique
372 3039 564 3128 plurimum
582 3055 632 3110 est
645 3041 827 3126 vitiorum,
853 3056 971 3112 tamen
990 3041 1051 3110 ubi

14 3135 15 3142 '
72 3137 176 3208 minor
190 3152 242 3208 est
262 3140 420 3226 ignavia,
447 3145 664 3212 consuetudo
688 3144 821 3213 laboris
840 3145 950 3213 mttlta
968 3145 1051 3212 vitia

72 3255 167 3324 arcet,
200 3254 236 3311 et
260 3241 374 3310 adfert
403 3237 610 3312 hominibus
632 3246 825 3330 duriciem,
865 3261 904 3316 ut
935 3247 1053 3314 minus

72 3355 223 3430 appetant
258 3342 478 3412 inconcessas
505 3345 702 3436 voluptates
736 3365 770 3416 et
801 3349 934 3421 luxum.
988 3349 1053 3417 Est

14 3479 15 3486 .
72 3455 173 3510 autem
188 3459 340 3534 utraque
357 3443 484 3528 Maeni
504 3446 579 3536 ripa
598 3450 790 3519 admodum
813 3451 910 3519 ferax
930 3464 961 3519 et
976 3451 1053 3518 cul-

72 3556 115 3626 ta,
141 3569 250 3637 quare
276 3543 405 3614 Franci
431 3547 665 3636 agriculturae
686 3551 797 3620 dediti
821 3567 916 3626 sunt.
974 3551 1051 3620 Hoc

74 3643 176 3714 durati
203 3649 328 3716 labore
358 3648 479 3717 luxum
511 3669 764 3739 aspernantur,
798 3679 837 3722 ac
860 3677 985 3744 magna
1011 3679 1051 3721 ex

14 3825 15 3836 ,
72 3761 156 3833 parte
170 3763 239 3834 est,
268 3763 307 3819 ut
325 3749 385 3818 ille
404 3751 535 3843 inquit:

159 3883 289 3956 Nostra
307 3910 453 3974 operum
472 3888 617 3976 patiens,
645 3913 825 3981 parcoque
841 3901 975 3958 assueta
994 3887 1052 3955 iu-

72 3997 194 4060 ventus.
249 3987 426 4057 Nonnulli
452 4001 485 4056 et
512 4005 744 4060 mercaturam
778 4006 957 4071 exercent,
990 3989 1048 4057 sed

71 4088 168 4175 magis
192 4090 320 4158 crebro
335 4091 618 4176 oeconomicam,
640 4117 729 4186 quae
746 4093 838 4162 vitae
856 4089 1064 4184 necessaria!

73 4201 115 4256 εει
131 4203 162 4259 ει
175 4193 280 4281 plena
296 4186 538 4264 humanitatis.
591 4192 688 4280 Quid
710 4207 759 4260 est
777 4195 872 4261 enim
888 4193 1051 4264 laudabi-

73 4285 148 4372 lius,
172 4307 205 4362 et
222 4294 317 4362 vitae
332 4293 475 4377 utilius,
501 4319 606 4386 quam
624 4296 795 4364 devinciri
818 4297 911 4365 iuter
925 4320 960 4364 se
986 4291 1051 4363 lto·

73 4390 173 4458 mines
202 4403 328 4464 mutua
361 4419 479 4463 rerum
510 4397 782 4465 necessariarum
812 4399 1050 4467 cummunica-

72 4490 180 4562 tioue'?
213 4494 333 4566 Huius
348 4497 399 4565 rei
416 4498 553 4588 copiam
569 4499 635 4566 soli
658 4499 819 4568 fertilitas
840 4501 1050 4588 suppeditat,

72 4598 154 4682 quod
170 4597 341 4669 frumenti
357 4613 495 4668 tantum
512 4601 633 4688 gignit,
660 4615 699 4668 ut
716 4603 841 4670 vicinis
860 4604 963 4672 etiam
982 4603 1048 4670 im·

72 4699 264 4783 partiamus.
302 4697 436 4770 Vinum
452 4715 569 4771 autem
585 4703 730 4770 uberius
745 4708 836 4792 apud
855 4728 920 4773 nos
936 4705 1050 4772 nasci-

73 4807 130 4882 tur,
150 4825 260 4892 quare
278 4805 400 4892 procul
419 4803 455 4871 in
475 4803 636 4892 regiones
651 4805 863 4895 longinquas
878 4802 1050 4878 evehitur.

72 4893 131 4968 Pro
154 4897 222 4972 hoc
246 4905 352 4972 salem
379 4919 412 4974 et
437 4907 577 4986 metalla
601 4908 714 4975 nostri
736 4901 920 4980 revehunt.
970 4905 1048 4976 Etsi

73 5015 175 5072 autem
194 5031 304 5075 venae
319 5009 396 5076 auri
412 5021 516 5100 atque
530 5010 664 5096 argenti
680 5011 773 5100 apud
789 5031 854 5076 nos
870 5011 1048 5079 interdum

74 5097 312 5192 inveniuntur,
351 5123 470 5178 tamen
498 5111 612 5179 nostri
642 5113 797 5180 conteuti
826 5112 1050 5199 agricultura,

74 5225 135 5273 non
152 5210 355 5281 scrutantur
371 5235 439 5283 eas.
476 5210 624 5281 Ferrum
642 5227 779 5284 tantum
795 5229 924 5282 eruunt
940 5228 975 5282 et
989 5239 1048 5282 er·

74 5325 239 5398 coquunt,
275 5315 370 5407 qood
397 5313 508 5402 magis
535 5315 772 5386 necessarium
804 5329 855 5386 est
886 5317 928 5385 ad
956 5316 1049 5386 vitae

74 5427 162 5498 urus,
188 5429 223 5486 et
247 5414 422 5508 copiosius
445 5415 559 5506 gignit
579 5430 699 5488 nostre
722 5415 830 5508 regio.
881 5415 1049 5490 Extrema

1109 442 1169 488 ora
1186 412 1371 487 horridior
1388 431 1456 500 est,
1483 417 1601 510 itaque
1616 416 1796 510 pleiisque
1812 415 1900 488 locis
1915 441 1953 490 re
1979 440 2108 508 pecua-

1109 522 1161 589 ria
1184 532 1430 590 sustentantur
1450 515 1625 592 homines.
1677 518 1874 608 Noriberga
1891 543 1995 602 vero,
2024 545 2107 592 nam

1108 618 1200 692 hanc
1215 646 1360 715 quoque
1384 622 1422 690 in
1445 647 1506 692 ora
1522 619 1692 692 Franciae
1714 635 1809 693 recte
1824 622 1992 691 collocari
2009 623 2107 692 arhi-

1107 739 1194 808 tror,
1223 724 1327 794 floret
1344 749 1423 794 cum
1438 724 1685 794 excellentium
1702 724 1879 794 artificum
1895 725 2107 818 frequentia,

1108 844 1183 897 tum
1197 839 1411 910 mercatura,
1437 851 1527 919 quae
1551 851 1624 896 non
1642 827 1814 897 absimilis
1831 839 1881 896 est
1900 828 2106 898 oeconomi-

1107 954 1183 998 cae:
1219 925 1338 999 evehit
1359 929 1453 997 enim
1479 930 1653 1000 artificum
1681 953 1806 1019 opera,
1841 954 1906 998 nec
1931 931 2008 998 siue
2038 926 2105 1001 h'ac

1106 1030 1351 1119 negociatione
1376 1045 1602 1121 suppeterent
1624 1033 1797 1102 artificum
1823 1031 1973 1101 officinis
2005 1056 2104 1102 sum·

1109 1149 1199 1224 ptus.
1253 1131 1374 1221 Quare
1397 1148 1431 1202 et
1456 1129 1521 1202 hoc
1545 1157 1656 1222 genus
1681 1147 1898 1204 mercaturae
1920 1132 2104 1205 aPlatone

1107 1239 1289 1306 laudatum
1318 1250 1352 1305 et
1377 1238 1563 1307 autoritate
1588 1237 1706 1325 legum
1730 1236 1767 1304 in
1790 1233 1946 1326 Digestis
1969 1238 2105 1325 gravis-

1106 1339 1194 1406 sime
1231 1340 1498 1429 comprobatum
1537 1352 1598 1410 est.
1653 1337 1696 1406 lu
1731 1361 1814 1427 agro
1848 1337 2103 1427 Bambergensi

1107 1441 1194 1509 mira
1220 1455 1271 1511 est
1287 1435 1472 1510 hortorum
1499 1443 1693 1510 amoenitas
1713 1454 1747 1511 et
1761 1441 1941 1526 fertilltas,
1968 1441 2006 1508 in
2023 1439 2103 1534 qui·

1107 1545 1172 1614 bus
1201 1542 1231 1612 sl
1254 1567 1345 1626 nort,
1378 1555 1417 1612 ut
1444 1543 1480 1610 in
1507 1539 1651 1614 Alcinoi
1688 1537 1801 1614 hortis
1835 1543 1965 1634 punica
1998 1543 2103 1624 mala,

1106 1643 1161 1714 fici
1197 1659 1231 1714 et
1263 1646 1359 1714 oleae
1381 1661 1596 1730 rrarscuntur,
1631 1660 1749 1716 tamen
1776 1645 1901 1735 ingens
1924 1659 1976 1718 est
2000 1645 2102 1738 copia

1107 1746 1301 1816 multorum
1318 1748 1517 1830 fructuum,
1544 1749 1606 1840 qui
1623 1749 1715 1818 vitae
1730 1762 1814 1817 sunt
1827 1749 1944 1820 utiles.
1995 1743 2043 1818 Et
2061 1763 2101 1819 ut

1106 1864 1260 1918 caeteros
1288 1850 1468 1933 omittam,
1501 1851 1691 1920 latissimos
1721 1873 1864 1940 canapos
1893 1845 2101 1948 γλυκυρίζα

1107 1963 1271 2042 occupat,
1304 1953 1404 2020 cuius
1428 1975 1575 2040 magnus
1602 1967 1652 2022 est
1675 1975 1759 2021 usus
1782 1953 1821 2020 in
1838 1952 1961 2022 multis
1984 1975 2100 2021 reme-

1105 2051 1185 2122 diis.
1239 2050 1399 2145 Cumque
1416 2067 1538 2142 gentes
1553 2053 1697 2145 propius
1713 2053 1756 2121 ad
1774 2053 1910 2124 Arcton
1927 2055 2099 2124 acceden-

1104 2167 1175 2231 tes,
1217 2168 1359 2244 propter
1388 2156 1517 2244 frigora
1544 2170 1579 2226 et
1607 2155 1914 2244 intemperantiam
1945 2151 2102 2228 habeant

1107 2255 1300 2324 crebriores
1321 2271 1450 2337 tusses,
1473 2272 1507 2326 et
1530 2258 1806 2342 destillationes,
1833 2271 1866 2326 et
1887 2257 2100 2348 pulmonum

1106 2359 1350 2439 incommoda,
1378 2359 1507 2450 quibus
1524 2361 1686 2429 medetur
1707 2359 1857 2428 maxime
1879 2355 2100 2457 γλυκυρίζα,

1106 2459 1257 2529 assultum
1278 2462 1408 2529 debent
1425 2461 1533 2528 vicini
1551 2475 1691 2531 nostrae
1707 2460 1857 2550 regioni,
1881 2485 1971 2555 quae
1986 2486 2101 2532 remc-

1105 2562 1204 2630 dium
1220 2561 1269 2629 eis
1288 2563 1609 2653 praesentissimum
1635 2563 1847 2656 suppeditat.
1898 2558 1964 2634 Est
1986 2577 2020 2634 et
2042 2587 2100 2634 ars

1104 2687 1143 2732 ac
1166 2663 1256 2732 ratio
1272 2665 1412 2733 colendi
1435 2665 1541 2754 digua
1565 2665 1820 2749 admiratione,
1845 2689 1935 2758 quae
1952 2661 2101 2736 adhibe-

1105 2765 1226 2835 turin
1252 2757 1443 2864 plantanda
1468 2780 1502 2836 et
1525 2769 1749 2857 propaganda
1773 2762 1995 2865 γλυκυρίζαε
2024 2793 2101 2839 cer-

1106 2881 1155 2936 tat
1175 2867 1271 2936 enirn
1287 2892 1343 2938 ars
1362 2893 1442 2938 curn
1460 2882 1586 2938 natura
1601 2869 1748 2938 mirifica
1764 2869 2014 2940 aemulatione.

1204 3017 1385 3090 Hactenus
1399 3023 1442 3090 de
1458 3019 1572 3112 gentis
1588 3021 1739 3110 ingeniis
1753 3045 1793 3091 ac
1806 3021 1979 3110 moribus,
2006 3037 2039 3094 et
2056 3027 2105 3094 de·

1105 3122 1170 3191 soli
1193 3124 1350 3193 bonitate
1371 3123 1527 3194 breviter
1546 3124 1641 3206 dixi,
1669 3148 1757 3217 quae
1779 3119 1966 3220 Physicam
1993 3123 2100 3196 babet

1105 3233 1243 3294 causam
1266 3249 1340 3293 non
1365 3229 1562 3322 obscuram.
1615 3223 1664 3296 Ut
1688 3226 1783 3294 enim
1811 3242 1968 3298 caeterae
1984 3229 2101 3319 regio·

1104 3351 1184 3412 nes,
1211 3351 1300 3420 quae
1316 3341 1485 3421 tanquam
1501 3327 1610 3395 valles
1627 3329 1903 3418 praecinguntur
1917 3331 2099 3400 montibus

1104 3453 1142 3498 ac
1171 3430 1280 3520 iugis,
1313 3431 1439 3498 melius
1468 3430 1663 3518 irrigantur
1687 3431 1858 3500 defluenti
1878 3455 1920 3500 ex
1950 3432 2098 3502 saltibus

1107 3533 1227 3622 pingui
1254 3528 1422 3616 humore,
1455 3531 1502 3599 ita
1531 3547 1564 3600 et
1589 3529 1735 3600 Francia
1762 3531 1798 3600 fit
1817 3533 1981 3616 uberior,
2012 3557 2097 3624 pro-

1105 3635 1216 3704 cincta
1238 3628 1322 3700 hinc
1346 3634 1436 3702 saltu
1453 3631 1667 3724 'l‘uringico,
1696 3631 1800 3702 istinc
1824 3634 1916 3702 saltu
1933 3632 2097 3708 Suevico.

1105 3733 1150 3804 Et
1175 3737 1309 3824 rigatur
1331 3735 1541 3806 fluminibus
1565 3735 1750 3805 ambitiose
1770 3759 1847 3806 eam
1874 3737 2098 3828 pervaganti·

1106 3841 1190 3924 bus,
1218 3837 1369 3924 Moeno,
1396 3838 1561 3924 Tubero,
1585 3837 1694 3923 Laso,
1719 3835 1906 3928 Regnicio.

1201 3983 1376 4058 Nonnihil
1395 4001 1426 4056 et
1442 3987 1607 4058 coelestes
1623 4012 1747 4058 causae
1762 3988 1932 4060 adiuvant
1946 3989 2013 4060 soli
2029 3992 2096 4060 bo·

1104 4089 1251 4158 nitatem
1280 4103 1313 4158 et
1338 4085 1523 4158 hominurn
1539 4089 1692 4178 ingenia.
1756 4087 1847 4159 Cum
1866 4093 1959 4160 enirn
1976 4090 2097 4162 Ptole-

1104 4212 1224 4260 maeus
1246 4193 1430 4264 universae
1446 4189 1660 4260 Germaniae
1676 4192 1843 4261 attribuat
1861 4195 2015 4285 primum
2031 4195 2097 4265 tri-

1103 4316 1247 4383 gonum,
1263 4294 1428 4363 videlicet
1445 4293 1613 4376 Arietem,
1634 4292 1790 4363 Leonem
1805 4309 1838 4364 et
1854 4294 2096 4386 Sagittarium,

1103 4421 1143 4464 ac
1164 4397 1334 4486 adiungat
1358 4391 1712 4477 οικοὸεσποτοῦντας
1735 4394 1854 4465 lovem
1874 4411 1907 4470 ει
1930 4397 2098 4484 Martem,¹

1103 4493 1232 4566 horum
1247 4501 1300 4568 vis
1315 4498 1464 4567 maxima
1480 4501 1582 4566 estin
1600 4499 1714 4566 media
1734 4497 1940 4574 Germania.
1979 4500 2095 4570 Fran-

1102 4599 1154 4669 cia
1174 4613 1291 4670 autem
1316 4603 1388 4670 sere
1409 4601 1597 4669 umbilicus
1623 4616 1672 4670 est
1698 4599 1921 4696 Germaniae.
1973 4601 2094 4692 Quare

1102 4717 1136 4772 et
1159 4703 1273 4773 solum
1292 4705 1410 4772 minus
1427 4717 1477 4773 est
1495 4698 1704 4789 horridum,
1730 4728 1811 4774 cum
1833 4729 1852 4772 a
1873 4703 1973 4795 love,
2003 4721 2036 4775 et
2054 4718 2095 4774 ut

1102 4807 1253 4895 oppositi
1276 4805 1446 4894 trianguli
1468 4819 1594 4875 natura
1612 4805 1698 4888 fert,
1724 4830 1742 4874 a
1761 4804 1899 4876 Venere
1920 4822 2094 4898 tempere·

1102 4921 1170 4978 tur.
1222 4905 1270 4978 Ει
1294 4909 1410 4977 studia
1429 4901 1826 4998 moresque-hominum
1847 4933 1920 4977 non
1944 4911 2093 4978 obscure

1102 5009 1288 5079 imitantur
1307 5008 1399 5078 lovis
1423 5023 1457 5078 et
1479 5008 1606 5079 Martis
1628 5023 1808 5079 naturam:
1837 5025 1918 5080 scrut
1941 5010 2093 5080 enimin

1101 5113 1341 5200 gubernandis
1357 5111 1558 5182 civitatibus
1577 5136 1673 5181 acres
1687 5127 1720 5182 et
1733 5111 1921 5196 industrii,
1943 5114 2036 5204 leges
2059 5127 2094 5185 et

1101 5215 1343 5307 disciplinam,
1368 5215 1486 5307 siqua
1510 5213 1627 5303 natio,
1654 5214 1767 5282 nostri
1790 5215 1940 5283 maxime
1963 5229 2094 5302 amant,

1100 5316 1277 5405 ignaviam
1297 5317 1456 5386 iudicant
1474 5340 1546 5386 esse
1567 5316 1827 5406 turpissimam,
1853 5341 1962 5410 quare
1985 5318 2093 5388 nobi-

1099 5418 1144 5488 lis
1165 5421 1331 5491 iuventus
1353 5417 1503 5490 militiae
1526 5418 1653 5508 cupida
1676 5431 1744 5502 est,
1775 5431 1809 5488 et
1830 5420 1960 5511 passim
1980 5433 2091 5490 castra

1966 217 1968 223 ’
2038 241 2115 314 aaa
