4704 5826
129 233 220 312 966.
604 225 772 310 noct.
795 218 1241 306 ottrntootttoo
1273 219 1428 300 DUCE
1461 221 1585 306 SAX.
1615 221 1701 314 lib,
2098 237 2174 320 oto

128 427 212 480 enm
227 401 337 476 simili
354 403 541 500 preconio,
565 414 607 476 ut
620 395 856 476 Telemachus
874 397 1057 476 allectam
1072 401 1147 482 di..
1180 396 1333 490 probare
1358 421 1497 470 necesse
1519 411 1582 476 est.
1639 399 1802 500 Suntque
1824 403 1953 500 passini
1966 409 2072 484 multi
2086 411 2174 486 boni

128 507 309 580 mittitur:
1180 511 1214 572 et
1233 497 1329 570 docti
1344 498 1432 585 viri,
1456 501 1517 595 qui
1540 501 1713 587 latentur,
1739 529 1776 578 se
1793 521 1886 580 artes
1900 509 1993 582 vitae
2010 514 2115 584 utiles
2132 514 2172 586 in

285 613 356 679 Non
371 635 478 700 expers
490 615 610 680 clrmtis
624 615 682 676 eris
696 615 849 676 cedatne,
860 615 916 684 nti.
1179 595 1249 672 hoc
1269 599 1492 674 literatorum
1515 619 1692 677 conventu
1713 607 1896 692 didicisse,
1928 613 1991 683 alii
2006 609 2173 688 Philoso-

234 710 306 785 sed
321 711 478 804 optimus
492 733 598 781 senes
621 722 704 780 ante
719 708 874 781 reditum
888 705 989 780 ducis
1001 702 1129 776 Fride·
1179 697 1321 794 pbism‚
1346 701 1409 772 alii
1425 701 1519 774 luris
1538 707 1756 795 doctrinam,
1780 711 1842 780 alii
1858 725 1969 785 artem
1985 717 2169 792 medicam.

128 811 199 886 rici
219 835 259 884 ex
284 807 351 884 hac
372 811 445 882 vita
465 811 624 886 decessit.
674 807 744 880 Hie
759 810 949 882 inserenda
964 819 1054 879 esset
1070 800 1129 875 hi·
1178 803 1232 876 De
1253 801 1432 876 Ecclesiae
1463 807 1624 880 doctrina
1646 823 1765 902 postea
1796 813 1923 890 dicam.
1980 814 2071 888 Nam
2091 831 2172 912 post

128 913 241 990 storia
259 911 554 1008 peregrinationis
576 910 738 1003 longior,
771 935 878 1005 quarn
896 905 1128 982 honorifices
1178 906 1321 976 exordia
1336 899 1477 977 scholae
1490 907 1624 980 bellum
1640 909 1988 994 Venetnmsecntnm
2005 930 2072 1006 est,
2097 945 2170 1016 quo

129 1029 257 1090 amatu
281 1013 416 1086 Veneto
440 1013 643 1086 Fridericus
664 1012 913 1105 acceptante,
939 1033 1030 1108 quae
1047 1009 1127 1081 sue-
1178 1019 1335 1098 tempore
1359 1031 1472 1079 annos
1496 1007 1675 1104 aliquota
1698 1015 1810 1105 patria
1826 1013 2030 1090 Fridericns
2044 1022 2172 1110 abluit,

127 1119 206 1190 rint
230 1117 323 1190 vitae
345 1116 515 1210 pericula.
571 1113 663 1186 Nam
687 1117 759 1185 dus
775 1111 948 1186 bavariae
963 1107 1127 1185 Christo·
1178 1131 1257 1180 cum
1275 1121 1409 1202 partem
1425 1111 1606 1202 copiarum
1624 1113 1664 1184 in
1679 1115 1834 1188 exercitu
1848 1115 2087 1192 Maximiliani
2101 1125 2172 1194 dn·

126 1215 267 1314 phorns
289 1219 329 1288 in
352 1243 394 1290 eo
416 1218 544 1290 itinere
575 1216 703 1288 morbo
730 1215 906 1288 extinctus
926 1225 989 1288 est·
1054 1213 1127 1286 Sed
1176 1222 1281 1282 ceret.
1332 1209 1417 1281 Fuit
1433 1235 1474 1282 ea
1496 1211 1624 1284 militia
1640 1215 1744 1308 plena
1764 1217 1928 1290 laborum
1945 1223 2171 1314 etpericulo·

129 1323 177 1394 ad
196 1321 264 1392 alia
283 1343 452 1414 propero,
1176 1335 1276 1398 rum,
1299 1335 1375 1382 non
1392 1313 1506 1382 solnm
1520 1314 1557 1383 in
1573 1318 1713 1404 castris,
1738 1319 1920 1391 sedetiam
1938 1321 1976 1392 in
1993 1323 2170 1398 delibera·

233 1420 368 1493 Verum
388 1416 475 1493 baec
498 1419 682 1511 diligentia
702 1417 873 1511 singulari
898 1419 1005 1492 laude
1018 1416 1125 1507 dignm
1177 1411 1352 1498 tionibus,
1381 1414 1420 1482 in
1443 1416 1591 1508 qulbus,
1623 1433 1663 1491 ut
1685 1433 1769 1491 sunt
1783 1421 1822 1490 in
1841 1421 1933 1492 aulis
1948 1423 2117 1498 factiones
2134 1443 2169 1500 et

129 1537 200 1608 est,
226 1524 322 1618 qnod
338 1523 496 1594 nonsibi
521 1536 660 1596 tantum
678 1520 778 1590 illam
802 1521 957 1613 regionis
977 1533 1012 1591 et
1029 1519 1127 1590 loco·
1176 1515 1387 1602 certamina,
1412 1516 1578 1588 malevoli
1594 1519 1701 1590 variis
1718 1523 1833 1592 modis
1849 1523 1881 1593 ei
1899 1524 2058 1600 insidiati
2074 1545 2169 1607 sunt.

127 1649 211 1697 rum
232 1625 505 1719 inspectionem,
538 1624 599 1694 sed
623 1622 769 1694 caeteris
789 1624 896 1694 etism
920 1624 959 1694 iu
975 1623 1126 1704 lectione
1175 1615 1340 1706 Legimus
1362 1616 1430 1710 ipsi
1451 1643 1559 1689 manu
1580 1616 1754 1694 Friderici
1785 1637 1953 1696 annotata
1978 1628 2090 1722 capita
2111 1653 2170 1702 re-

128 1723 300 1797 bistoriae
316 1727 482 1819 prodesse
494 1724 628 1807 voluit,
660 1721 819 1794 Tabulas
835 1725 1012 1815 eleganter
1025 1721 1125 1816 pingi
1176 1718 1428 1810 sponsionum,
1453 1717 1491 1788 io
1508 1721 1637 1815 quibus
1659 1724 1835 1797 refutabat
1850 1726 2045 1799 calumnias
2061 1755 2169 1804 vene-

129 1838 284 1914 eoravtt,
308 1827 349 1897 in
364 1827 495 1922 quibus
512 1827 575 1896 illa
590 1837 750 1896 veterum
760 1826 974 1918 oppidorum
986 1819 1127 1922 ipsium
1176 1834 1294 1914 naus,
1319 1819 1448 1912 quibos
1464 1818 1702 1896 Maximiliani
1721 1827 1880 1898 animum
1898 1829 2064 1902 adversus
2086 1855 2169 1906 enm

129 1927 320 2001 distributa
352 1941 453 2014 snut,
486 1941 528 2006 et
555 1929 697 1998 additae
726 1925 976 2019 inscriptiones
1005 1949 1126 1998 rernm
1177 1921 1367 1992 incendere
1396 1923 1541 2016 quidam
1564 1926 1681 1998 conati
1708 1927 1859 2004 fuerant.
1919 1927 1961 2000 ln
1984 1927 2040 2002 his
2062 1937 2169 2008 tantis

127 2051 358 2120 magnarum,
405 2053 496 2127 quae
526 2029 565 2097 in
597 2028 746 2118 singtdis
779 2028 868 2098 locis
900 2041 997 2102 actae
1029 2041 1125 2104 sunt.
1177 2023 1342 2116 periculis
1365 2047 1444 2094 cum
1465 2025 1510 2094 dc
1532 2027 1639 2098 rebus
1664 2029 1825 2101 maximis
1849 2029 2169 2110 instillataeessent

129 2129 230 2202 Hm
242 2131 312 2202 fuit
331 2119 417 2202 olim
437 2130 636 2225 ”plenium
655 2131 894 2216 consuetudo,
916 2153 957 2202 εχ
971 2128 1127 2222 peregri.
1177 2121 1424 2196 Maximillam
1449 2127 1713 2200 crtldeiisoimae
1741 2131 1994 2226 Suspici0n08,'
2010 2139 2169 2227 pruden-

129 2231 339 2304 nationibus
356 2233 514 2318 adferre,
539 2255 613 2302 non
630 2233 777 2322 liguram
793 2245 924 2302 novam
936 2231 1041 2325 pilei,
1064 2243 1127 2304 aut
1177 2224 1263 2297 tiam
1292 2225 1403 2319 ipsius
1432 2241 1467 2298 et
1495 2229 1731 2321 integritatem
1763 2255 1804 2304 ac
1830 2235 2108 2310 moderationem
2133 2255 2169 2312 et

129 2335 278 2420 emmae,
310 2335 372 2404 sed
400 2335 585 2424 regionum
612 2333 790 2426 picturas,
822 2345 857 2404 et
883 2347 1127 2418 monumenta,
1175 2324 1443 2399 Maximillanus
1480 2329 1556 2422 ipse
1595 2345 1631 2404 ct
1669 2334 1798 2406 caeteri
1830 2337 1976 2408 detectis
2011 2339 2170 2430 insidiis,

130 2437 179 2506 ad
194 2433 432 2526 cognitionem
448 2431 677 2507 historiarum
690 2433 894 2525 profutura,
920 2449 955 2507 et
969 2435 1125 2531 remedia
1175 2452 1388 2522 magnopere
1422 2431 1674 2523 probaverunt.
1739 2433 1819 2509 Etsi
1849 2451 1967 2510 autem
1993 2443 2168 2516 sauciatus

129 2538 351 2608 morborum.
402 2533 628 2608 Taliamnlts
646 2533 1125 2618 FrideriensesPalaestina,
1176 2543 1252 2603 erat
1272 2529 1513 2602 Maximiliani
1542 2535 1702 2618 animus,
1736 2548 1855 2608 tamen
1877 2553 2045 2612 nontam
2069 2546 2168 2616 rodis

128 2635 269 2732 Cypro,
287 2634 454 2721 Rhodo,
487 2633 676 2723 Methone,
705 2633 882 2732 Corcyra,
913 2651 948 2710 et
971 2662 1013 2710 ex
1036 2637 1125 2710 urbe
1176 2646 1251 2704 erat
1267 2633 1466 2704 communis
1489 2635 1602 2723 vitae,
1627 2652 1666 2709 ut
1683 2637 1862 2729 ignoraret
1878 2655 1992 2734 pestes
2008 2668 2169 2720 comann-

133 2736 271 2812 Veneta
287 2739 418 2813 attulit.
1176 2756 1239 2803 neo
1262 2757 1335 2804 ease
1357 2734 1394 2804 in
1412 2737 1511 2806 omni
1533 2739 1811 2828 gubernatione,
1845 2742 2018 2813 invidiam
2045 2761 2080 2818 et
2109 2771 2168 2818 ca-

233 2837 319 2914 Post
338 2841 492 2914 reditum
511 2851 629 2912 secuta
647 2838 786 2912 suntin
808 2837 1001 2912 Germania
1019 2840 1126 2925 bella,
1175 2834 1350 2928 lemnias,
1376 2848 1412 2907 et
1426 2835 1561 2908 viderat
1575 2837 1650 2931 ipse
1665 2843 1777 2913 multa
1793 2843 1968 2936 exempla,
1996 2859 2031 2919 et
2043 2849 2168 2920 andie-

129 2939 357 3016 lielseticum
378 2956 414 3014 et
430 2939 660 3028 Bavaricnm,
691 2941 731 3014 in
762 2942 893 3036 quibus
917 2965 989 3012 non
1012 2942 1126 3014 deluit
1175 2947 1367 3009 ratvetera.
1419 2935 1642 3010 Palamedem
1651 2941 1806 3014 artificiis
1815 2941 1950 3039 Ulyssis
1960 2971 2166 3040 oppressum

130 3047 210 3136 ipse
231 3044 374 3138 quidem
396 3042 656 3115 Maximiliano.
713 3041 784 3118 Sed
808 3058 926 3118 tamen
945 3043 1126 3115 belloBa·
1175 3060 1289 3130 esse„
1303 3034 1579 3112 Themistoclem
1607 3043 1743 3134 optime
1764 3045 1929 3116 meritum
1952 3071 1973 3118 a
1999 3049 2168 3129 Leobote.

128 3138 251 3216 ¹wigo
274 3158 419 3238 propter
444 3145 635 3218 electorum
657 3144 946 3216 coniunctionem
969 3143 1050 3238 plus
1063 3167 1122 3216 cu.
1176 3137 1324 3229 Legertti
1337 3140 1441 3212 eiiam
1457 3141 1589 3222 dicium
1607 3143 1825 3217 Salomonis:
1855 3144 2043 3224 calumnia
2061 3152 2168 3224 eiiam

130 3267 194 3318 rae
210 3259 246 3318 et
269 3247 432 3317 laborum
446 3246 624 3323 ‚sustinuit
648 3245 686 3316 in
705 3245 868 3317 lenienda
887 3243 1126 3316 Maximiliani
1174 3243 1351 3334 sapientes
1373 3243 1511 3330 turbat,
1537 3258 1573 3316 et
1590 3245 1722 3338 frangit
1741 3248 1853 3320 robur
1875 3251 2004 3326 cordis.
2060 3249 2109 3326 Et
2128 3269 2168 3326 ut

131 3349 206 3431 ira,
236 3361 271 3418 et
290 3371 334 3418 eo
356 3347 537 3442 utcunque
557 3348 715 3438 placato,
745 3345 873 3418 unicus
895 3345 1125 3418 inconvento
1176 3355 1249 3414 erat
1280 3343 1410 3425 iustos,
1452 3369 1589 3418 memor
1616 3361 1691 3419 erat
1716 3349 1820 3435 dicti,
1861 3346 1999 3444 ὁμοίως
2022 3349 2167 3450 ἀμφοῖν

128 3448 340 3524 Coloniensi
362 3473 467 3520 aussrs
486 3461 537 3520 est
559 3447 763 3520 Palatinum
775 3449 820 3518 ad
838 3447 1125 3521 Maximiliannm
1175 3440 1399 3539 ἀκροᾶσθαι.
1470 3442 1517 3518 Et
1540 3449 1701 3521 audierat
1742 3447 1987 3524 Alexandrum
2020 3455 2168 3528 alteram

132 3553 327 3632 adducere,
358 3561 399 3620 ut
431 3541 579 3642 supplex
607 3573 729 3642 pacem
753 3561 905 3642 peteret,
934 3573 1004 3644 qua
1027 3551 1066 3619 in
1086 3573 1126 3622 re
1174 3567 1295 3617 aurem
1314 3547 1515 3634 obstruere,
1540 3574 1620 3619 cum
1638 3551 1811 3645 quispiam
1838 3555 1963 3624 absens
1978 3535 2167 3628 accdsaba-

132 3647 304 3724 nonnihil
331 3651 522 3722 offendisse
548 3651 772 3744 imperatoris
796 3651 956 3722 animum
984 3649 1125 3722 diceba·
1174 3659 1243 3719 tur.
1303 3645 1424 3738 Quare
1447 3649 1636 3740 diligenter
1664 3652 1851 3746 inquisivit
1883 3657 2021 3747 negocii
2042 3660 2168 3746 fontes,

132 3768 212 3839 tur,
241 3753 338 3848 quod
358 3747 452 3824 hosti
467 3751 577 3846 ipsius
598 3777 673 3824 non
688 3749 929 3824 vehementius
954 3752 1057 3824 irasci
1071 3752 1126 3822 vi·
1175 3761 1209 3819 et
1230 3749 1369 3839 cognita
1391 3750 1544 3822 vanitate
1559 3752 1836 3836 calumniarum,
1861 3757 1996 3830 maiore
2011 3759 2167 3832 benevo-

132 3857 193 3928 s'us
208 3869 309 3928 esset.
351 3853 421 3926 Sed
438 3849 880 3926 luithoncstissimscausa
896 3852 1126 3924 consillil'ri-
1175 3851 1284 3922 lentia
1300 3849 1521 3924 Fridericum
1541 3855 1818 3946 complexosest.

131 3955 254 4030 derici.
301 3952 507 4044 Cogitabat,
539 3955 695 4049 quaesit
720 3957 910 4026 electorum
933 3956 1126 4028 necessitu—
1275 3947 1368 4023 Cum
1390 3967 1506 4024 autem
1526 3957 1672 4056 domum
1688 3981 1849 4028 reversus
1866 3973 1975 4048 esset,
2003 3963 2166 4036 canonici

133 4062 201 4140 do,
234 4079 299 4128 nec
321 4057 435 4127 voluit
454 4056 594 4149 penitus
612 4056 797 4130 dilacerari
816 4057 915 4128 illam
930 4056 1126 4130 vetustissi-
1175 4051 1384 4144 Moguntini
1399 4049 1587 4130 lirsordiae
1608 4079 1754 4148 magnos
1769 4061 1941 4133 tumultus
1957 4057 2166 4154 excitarunt,

131 4185 228 4235 mam
245 4159 405 4230 electoris
418 4159 609 4243 ditionem,
632 4171 667 4230 et
680 4158 852 4230 familiam
867 4158 1124 4230 nobilissimam
1175 4155 1238 4252 qui
1266 4154 1337 4228 nisi
1365 4157 1553 4248 prudentia
1585 4171 1619 4230 et
1646 4162 1889 4232 moderatione
1914 4159 2088 4237 Friderici
2110 4191 2167 4238 re-

132 4261 261 4336 deleri,
299 4259 440 4332 Deinde
453 4255 521 4332 hoc
535 4259 691 4330 officium
705 4259 847 4350 tegendi
863 4259 967 4330 amici
982 4261 1030 4332 ita
1047 4283 1126 4332 mo-
1175 4256 1287 4353 pressi
1317 4269 1449 4344 meent,
1490 4259 1614 4351 ingens
1641 4261 1775 4334 bellum
1806 4263 1845 4337 in
1874 4259 1930 4336 his
1959 4267 2166 4357 regionibns

131 4368 276 4434 demtus
296 4375 364 4448 eat,
385 4385 443 4434 ‚ne
467 4363 512 4432 de
534 4360 673 4430 domini
698 4362 887 4434 autoritate
909 4359 1044 4456 aliquid
1062 4363 1126 4431 de·
1175 4357 1367 4433 exarsisset.
1418 4357 1509 4432 Cum
1524 4375 1612 4433 esset
1625 4387 1746 4436 amans
1768 4365 1942 4453 iustitiae,
1962 4371 2166 4459 modestiae,

133 4477 353 4556 terperetor,
386 4463 580 4556 supplicem
613 4485 688 4533 esse
718 4463 843 4534 voluit.
876 4487 880 4494 ·
911 4457 976 4534 ltu
1006 4476 1124 4534 autem
1174 4474 1211 4532 et
1224 4461 1387 4554 publicae
1407 4460 1446 4531 in
1469 4459 1662 4535 Germania
1676 4467 1961 4560 tranquillitatis,
1985 4473 2165 4542 neminem

134 4581 236 4640 vetus
247 4565 355 4636 illud:
381 4562 602 4642 Parcendum
617 4587 691 4635 esse
704 4563 872 4657 supplici:
1175 4563 1337 4634 irritabat
1356 4562 1449 4652 ipse,
1481 4577 1517 4636 et
1540 4565 1688 4638 iniurias
1711 4571 1840 4640 multas
1869 4571 2016 4648 larebat,
2068 4571 2166 4645 Cum

205 4672 279 4738 Non
293 4673 452 4738 violandus
465 4675 521 4735 erit
535 4675 684 4756 supplex,
709 4691 792 4735 sscec
809 4693 872 4736 esse
888 4685 1023 4754 potetur.
1176 4687 1260 4734 vero
1271 4663 1333 4734 alii
1348 4661 1382 4734 ei
1397 4664 1672 4754 minitabantur,
1697 4691 1736 4739 ea
1748 4682 1822 4740 erat
1838 4671 2009 4765 sapientia
2027 4689 2062 4746 et
2078 4699 2166 4757 con-,

235 4765 327 4842 Cum
350 4780 466 4838 autem
487 4768 558 4837 iam
578 4791 706 4838 ornare
719 4767 868 4860 patriam
884 4745 1053 4838 aediliciis
1068 4789 1127 4838 ce-
1175 4765 1326 4854 stantia,
1357 4777 1397 4835 ut
1419 4791 1539 4838 caecos
1560 4769 1703 4840 illorum
1728 4769 1880 4864 impetus
1899 4775 2070 4867 paulatim
2090 4791 2166 4848 arte

131 4871 262 4966 pisset,
287 4869 468 4964 ‘sciretque
494 4893 575 4940 vera
601 4883 635 4940 et
658 4869 791 4939 maiora
811 4871 1017 4940 communis
1033 4869 1126 4942 vitae
1175 4869 1369 4958 frangeret,
1404 4891 1466 4962 spe
1497 4867 1585 4940 illud
1618 4873 1735 4964 ipsum
1766 4889 1866 4946 vetus
1899 4877 2035 4950 dictum
2060 4881 2166 4948 usur&

132 4984 342 5046 ornamenta
356 4995 430 5042 esse
443 4971 626 5042 literarum
639 4986 673 5043 et
688 4970 817 5042 artium
828 4972 1127 5064 propagationem,
1176 4995 1280 5064 pons:
1308 4967 1446 5042 Multos
1460 4993 1605 5063 magnos
1629 4975 1773 5046 morbos
1796 4977 1916 5072 quiete
1936 4991 1970 5048 et
1983 4975 2166 5052 abstinen-

132 5077 246 5167 leges,
269 5086 304 5144 et
325 5073 566 5163 disciplinam:
599 5069 771 5144 Doctores
782 5061 944 5144 omnium
959 5069 1124 5145 honesta-
1174 5073 1225 5144 tis
1240 5072 1369 5147 curari.

133 5199 215 5248 rnru
238 5175 369 5247 artium
399 5197 440 5243 es
464 5171 545 5245 aliis
574 5167 776 5244 Academiis
800 5175 838 5246 in
861 5171 929 5246 hoc
952 5175 1126 5267 oppidum
1277 5173 1350 5246 Sed
1366 5176 1470 5244 venio
1486 5177 1529 5246 ad
1547 5199 1689 5248 causam
1705 5173 1893 5254 Ecclesiae.
1945 5177 2036 5254 Cum
2050 5199 2167 5257 motae

131 5277 337 5364 accersivit,
369 5289 404 5346 et
424 5269 510 5344 baec
530 5288 651 5346 nostra
671 5277 975 5366 collegia·usitatis
991 5277 1127 5366 legibus
1174 5288 1290 5348 essem
1310 5277 1567 5348 controversiae
1592 5281 1638 5349 de
1659 5280 1839 5366 doctrina,
1872 5281 2027 5374 primum
2050 5283 2168 5357 Masi-

132 5379 310 5469 instituit,
340 5401 410 5472 qua
436 5377 472 5446 in
497 5400 534 5446 re
557 5376 745 5447 consilium
763 5391 798 5448 et
815 5379 1031 5450 voluntatem
1051 5377 1127 5448 elus
1176 5377 1362 5462 mllisnos,
1388 5375 1697 5552 deindeelqsrolus,
1714 5379 1874 5456 Romani
1886 5387 2068 5480 pontifices
2081 5411 2169 5460 con-
