4614 5820
46 297 114 372 sss
152 267 157 278 '
725 297 887 372 nncn
938 295 1012 372 nn
1046 287 1372 368 annuosro.

1991 299 2067 375 590

45 473 117 543 bani
139 467 335 542 Bacchum:
367 493 429 540 vos
449 469 604 542 Romani
629 496 718 562 pene
739 473 841 544 obliti
861 487 1023 544 'veterum
1077 479 1234 538 nostram
1257 464 1542 556 disputationem.
1594 464 1808 564 Quanquam
1832 469 1966 540 oblivio
1988 495 2069 540 coe-

44 597 228 659 sacrorum,
268 573 391 642 urbem
419 574 613 643 barbaricis
644 573 774 644 ritibus
800 575 1022 668 implevistis.
1075 570 1171 640 lestis
1195 568 1376 638 doctrinae
1402 581 1480 657 post
1502 562 1627 640 Nohae
1649 571 1740 642 lilios
1762 572 1856 643 inter
1878 587 1998 664 gentes
2013 597 2069 642 se·

45 675 87 747 At
103 677 138 744 in
152 673 309 744 Ecclesia
325 687 444 744 nostra
461 689 564 746 sonat
576 690 654 744 'una
671 691 704 746 et
722 679 842 746 eadem
859 673 1022 767 Ecange-
1075 686 1154 742 cuta
1174 681 1244 755 est,
1269 683 1385 740 tamen
1409 671 1537 740 mansit
1553 666 1728 757 Ecclesia,
1754 688 1786 746 et
1803 673 1962 744 doctriua
1980 676 2066 746 sub-

45 779 79 847 lii
99 803 162 848 vox
186 801 205 848 a
223 777 348 867 primis
364 778 569 866 parentibus
592 792 759 868 perpetua
783 781 893 860 serie,
919 781 1022 850 certis
1074 774 1158 842 inde
1175 785 1287 842 certos
1301 785 1402 842 testes
1419 787 1452 844 et
1470 775 1631 844 custodes
1647 771 1784 848 habuit.
1827 775 2065 847 Gravissimas

44 879 242 952 testimoniis
258 893 465 970 propagata:
484 893 573 965 et,nt
587 880 788 950 testimonia
807 895 922 951 essent
936 881 1021 952 illu·
1074 899 1193 945 causas
1210 870 1336 944 habuit
1353 872 1435 944 Sem
1451 898 1514 943 cur
1528 878 1619 966 patri
1643 880 1815 949 crederet:
1841 873 1938 949 hunc
1961 877 2068 950 audi-.

43 984 174 1065 stricta,
200 981 290 1051 ritus
306 981 419 1050 additi
436 996 518 1051 sunt
534 982 619 1050 alias
635 974 723 1067 alii,
740 983 802 1075 qui
819 997 1018 1074 temporum
1074 979 1124 1046 vit
1141 973 1343 1060 Abraham,
1369 975 1469 1044 cuins
1485 979 1614 1066 posteri
1631 980 1848 1067 doctrinam,
1873 993 1908 1050 et
1922 1005 2065 1052 conscr-

44 1069 197 1152 aiticulos
229 1083 486 1166 discernerent,
527 1097 560 1153 et
588 1097 755 1176 tanquam
786 1087 944 1178 symbola
975 1086 1020 1154 de
1074 1093 1203 1148 varunt
1236 1090 1269 1147 et
1302 1076 1408 1146 latius
1439 1094 1653 1168 sparserunt.
1705 1081 1796 1153 Nam
1827 1078 1955 1176 loseph
1988 1107 2065 1152 eam

43 1185 188 1254 doctrina
222 1197 434 1274 spectatores
471 1187 714 1260 admonerent.
778 1183 827 1257 Et
860 1186 1020 1256 discendi
1072 1177 1255 1274 Aegyptiis
1269 1179 1426 1262 tradidit,
1453 1193 1572 1270 postea
1589 1207 1652 1273 per
1664 1181 1807 1256 Moisen
1820 1197 1986 1258 renovata
2002 1199 2065 1272 est,

44 1312 131 1356 causa
148 1285 302 1358 instituti
320 1300 403 1356 sunt
418 1287 618 1379 frequentes
634 1299 668 1356 et
690 1284 828 1357 honesti
844 1302 964 1358 coetus
980 1313 1020 1358 ac
1073 1307 1178 1375 quam
1196 1279 1317 1362 losne,
1344 1275 1495 1350 phinees
1510 1295 1544 1352 el
1558 1283 1619 1352 11ἱὶ
1633 1285 1834 1358 audierunt»
1867 1285 1916 1360 Et
1930 1287 2063 1358 consti·

43 1410 232 1483 panegyres.
285 1387 355 1458 Sed
372 1389 534 1457 doctrina
548 1389 616 1459 fuit
633 1413 704 1458 una
720 1391 911 1482 eademque
928 1413 1020 1460 sem·
1072 1395 1187 1454 tutum
1210 1396 1261 1453 est
1284 1382 1470 1472 collegium
1496 1383 1726 1458 Sacerdotum
1743 1391 1786 1460 ad
1811 1391 1977 1462 tuendam
1996 1389 2063 1459 do-

44 1515 112 1581 per,
139 1515 245 1582 qnam
268 1490 307 1558 in
328 1503 398 1560 tam
419 1491 551 1562 crebris
577 1515 695 1560 rerum
726 1485 963 1561 humanarum
986 1503 1020 1562 ct
1072 1486 1241 1568 ctrinam,
1267 1495 1302 1553 et
1316 1484 1400 1552 libri
1415 1483 1500 1554 certi
1515 1491 1751 1566 commendati
1766 1505 1859 1563 sunt.
1900 1490 2061 1564 Subinde

43 1593 186 1662 omnium
210 1593 441 1682 imperiorum
464 1591 740 1676 mutationibus,
766 1593 805 1661 in
829 1607 882 1663 tot
903 1592 1020 1678 bellis,
1071 1600 1190 1657 tamen
1214 1584 1375 1655 excitavit
1396 1583 1492 1656 Deus
1517 1587 1768 1662 instauratores
1789 1591 1990 1676 doctrinae,
2021 1605 2062 1664 ut

45 1695 298 1779 vastationibus,
320 1693 464 1762 excidiis
479 1695 584 1764 etiam
601 1718 720 1764 earum
737 1695 907 1784 gentium,
929 1717 1020 1788 quae
1072 1687 1293 1772 Samuelem,
1324 1687 1424 1756 cuius
1447 1689 1626 1761 auditores
1653 1694 1750 1762 luere
1771 1689 1932 1777 Nathan,
1967 1691 2060 1774 Gad,

45 1797 247 1884 praebebunt
272 1791 466 1886 hospitium
485 1793 680 1880 Ecclesiae,
707 1796 836 1866 deiude
857 1797 896 1866 in
912 1797 1020 1866 tantis
1071 1789 1199 1863 David.
1232 1787 1309 1856 Hos
1324 1789 1441 1860 statim
1456 1792 1907 1868 secutusAbiasSilonites:
1931 1796 2061 1866 deinde

46 1897 193 1984 periculis
208 1911 304 1966 recte
325 1897 552 1968 sentientium
576 1911 815 1969 conservatam
839 1921 912 1969 esse
935 1921 1020 1990 pro-
1071 1889 1187 1978 Elias,
1218 1887 1374 1970 Elusus,
1399 1885 1539 1973 Esaias,
1571 1891 1755 1982 Ieremias,
1779 1893 1963 1982 Ezechiel,
1987 1896 2060 1970 Da-

46 1998 121 2070 lecto
135 1999 336 2068 mirandum
354 2013 416 2069 est.

117 2133 254 2204 Deinde
271 2149 303 2203 et
319 2134 393 2224 ipsa
409 2135 595 2204 doctorum
613 2135 719 2204 series
735 2147 882 2208 testatur
896 2134 1018 2224 singu-

48 2236 107 2304 lare
123 2235 182 2306 Dei
200 2237 411 2305 beneficium
430 2259 521 2320 esse,
547 2232 653 2306 huius
670 2237 851 2306 doctrinae
876 2260 1019 2308 conser-

48 2333 216 2410 vationem.
273 2335 378 2410 Utin
400 2339 474 2406 acie
496 2339 658 2428 dispositi
675 2351 758 2408 sunt
774 2351 869 2408 certo
893 2338 1019 2407 ordine

50 2441 176 2524 milites,
201 2455 243 2511 nt
267 2441 306 2508 in
327 2440 533 2530 praeliando
557 2441 617 2508 alii
634 2442 713 2510 aliis
735 2441 943 2510 succedant:
970 2439 1018 2509 ita

50 2540 79 2607 in
93 2537 237 2612 Ecclesia
262 2541 385 2610 divino
412 2543 560 2610 consilio
583 2543 743 2612 doctores
761 2555 794 2611 et
816 2555 920 2612 testes
935 2563 1017 2610 vera

50 2644 212 2714 autoritate
237 2643 392 2734 praediti
417 2643 495 2712 aliis
525 2657 777 2716 successerunt.
828 2643 1017 2712 Viventem

51 2739 145 2812 Adam
158 2747 349 2814 audierunt
363 2744 499 2836 aliquot
515 2745 640 2814 seculis
656 2739 756 2824 Seth,
780 2741 880 2814 Enos
896 2757 930 2814 et
945 2742 1019 2812 He-

51 2841 136 2916 uoch.
186 2845 375 2916 Viventem
397 2842 496 2915 Enos
518 2847 655 2916 audivit
675 2841 799 2930 Noha,
825 2842 922 2916 hunc
938 2858 1019 2938 post

51 2945 200 3016 diluvium
222 2949 355 3042 posteri
378 2971 490 3016 annos
513 2961 687 3018 trecentos
709 2962 744 3019 et
761 2947 1018 3042 quinquaginta

52 3049 234 3136 audierunt,
268 3049 324 3120 cni
341 3045 423 3120 Sem
441 3049 535 3120 filius
560 3049 623 3141 qui
646 3050 822 3141 principes
843 3047 1019 3124 Ecclesiae

54 3163 117 3218 ante
145 3153 320 3222 dilnvium
353 3163 388 3220 et
413 3167 531 3241 postea
555 3175 685 3220 novam
707 3175 827 3220 rernm
853 3163 1017 3220 naturam

53 3252 143 3336 vidit,
166 3247 509 3324 successitAbrahse
536 3254 713 3342 magister.
765 3251 855 3322 Nam
879 3266 913 3322 et
930 3252 1019 3321 vici-

54 3373 103 3418 nas
116 3356 206 3424 sedes
224 3350 443 3438 habuerunt,
468 3368 502 3424 et
517 3367 651 3444 veteres
667 3349 888 3424 Ebraeorum
905 3349 1019 3424 histo-

54 3451 111 3521 riae
129 3457 252 3526 docent
273 3455 354 3528 Sem
378 3455 485 3525 luisse
509 3479 588 3524 eum
612 3454 839 3536 Pontificem,
872 3455 927 3524 cui
952 3479 1020 3524 no-

55 3576 119 3624 nen
142 3571 190 3628 est
212 3551 491 3631 Melchizedech.
548 3555 621 3626 Nec
644 3557 795 3626 dubium
811 3571 872 3628 ,est
896 3552 1020 3648 laphet

57 3669 194 3741 paternae
217 3659 400 3730 doctrinae
421 3659 601 3729 custodem
626 3659 688 3726 diu
712 3659 831 3729 fuisse.
885 3657 1020 3728 Mansit

56 3753 143 3838 igitur
162 3761 296 3856 aliquot
319 3759 463 3838 seculis,
496 3760 601 3827 etiam
627 3760 665 3828 in
688 3760 821 3830 dissitis
843 3760 1018 3850 gentibus.

57 3849 206 3942 Ecclesia,
232 3863 298 3934 etsi
313 3861 482 3954 paulatim
508 3855 573 3928 hos
595 3862 781 3949 magistros
797 3862 901 3932 multi
921 3863 1020 3931 dese-

58 3977 196 4048 ruerunt,
225 3964 394 4056 venitque
410 3961 564 4043 deterior
578 3977 692 4048 aetas,
723 3987 792 4058 qua
816 3965 945 4055 passim
961 3965 1020 4034 lu-

58 4077 120 4142 gere
134 4067 259 4156 pudor,
286 4089 478 4156 verumque
494 4063 661 4155 fidesque.

138 4201 228 4291 Inque
242 4209 353 4270 horum
367 4208 482 4268 subiere
499 4209 600 4266 locum
618 4205 798 4289 fraudesque
820 4205 954 4289 doIIque,

140 4305 322 4394 insidiasque
338 4321 368 4370 et
380 4314 424 4370 vis
438 4321 467 4369 et
482 4329 566 4368 arnor
578 4313 735 4370 sceleratus
751 4307 891 4368 habendi.

61 4423 167 4519 llagna
189 4453 238 4508 est
263 4435 399 4506 diaboli
427 4433 601 4524 potentia,
634 4434 835 4504 insidiantis
863 4427 1020 4504 humano

61 4536 166 4620 generi,
189 4561 313 4629 magna
329 4531 516 4605 hominum
532 4535 728 4605 infirmitas.
780 4533 865 4605 ldeo
884 4560 1022 4630 semper

61 4649 148 4705 ruunt
163 4663 271 4710 mores
286 4639 324 4708 in
339 4639 505 4720 deterius,
532 4661 571 4705 ac
588 4637 718 4706 mirum
733 4651 783 4707 est
800 4638 838 4706 in
855 4633 1020 4709 Sodomis

62 4741 174 4806 tantum
194 4741 357 4811 exarsisse
376 4741 552 4825 furorem,
585 4763 665 4807 cum
689 4731 861 4810 haberent
886 4741 1021 4810 vicinos

63 4831 193 4910 doctores
208 4841 288 4914 Sem
303 4855 337 4913 et
353 4835 547 4924 Abraham,
570 4865 608 4908 ac
624 4841 736 4908 civem
753 4837 859 4910 Loth.
905 4841 1021 4911 Testis

66 4931 120 5004 illis
144 4943 209 5014 ciat
235 4944 362 5016 diluvii
384 4942 485 5028 Sem,
511 4935 693 5011 Abraham
719 4943 925 5012 liberaverat
953 4942 1020 5013 So-

65 5033 181 5110 domeus
192 5047 375 5137 profligato
392 5041 513 5114 hostili
531 5043 694 5114 exercitu.
737 5042 806 5115 Sed
824 5068 888 5112 nec
904 5069 1019 5113 exem-

66 5135 143 5220 plum
161 5147 297 5235 diluvii,
323 5172 388 5218 nec
411 5161 524 5216 metus
548 5147 702 5215 ullarum
719 5171 930 5237 poenarum,
956 5149 1020 5216 ne'c

68 5244 205 5318 autoritas
228 5245 354 5322 horum
382 5248 558 5334 virorum,
596 5272 660 5316 nec
686 5248 852 5317 beneficia
878 5247 1019 5328 divina,

69 5360 136 5424 ‘1⁰³0
155 5371 210 5436 per
225 5347 287 5422 hos
303 5351 523 5439 contigerant
539 5349 677 5418 flectere
699 5352 743 5419 ad
763 5351 925 5418 meliores
940 5373 1019 5419 mo·

71 5457 110 5508 111
122 5437 201 5521 hanc
221 5455 708 5545 multitudinempotuerunt.
768 5449 839 5523 Sed
856 5453 961 5522 redeo
975 5453 1020 5522 ad

1071 1993 1163 2078 niel,
1195 1989 1347 2075 Esdras,
1383 1986 1594 2080 Nehemias,
1636 1993 1865 2084 Machabaei,
1903 1998 2062 2084 Simeon,

1070 2098 1219 2166 loannes
1239 2091 1395 2184 Baptista
1414 2118 1488 2163 non
1511 2095 1627 2188 longis
1643 2100 1838 2172 intervallis
1855 2101 1894 2170 in
1911 2103 2058 2170 eandem

1069 2199 1256 2268 stationem
1273 2209 1530 2278 successerunt,
1556 2194 1621 2269 hos
1633 2201 1743 2273 secuti
1758 2199 1934 2288 Christus,
1959 2201 2059 2297 Apo-

1070 2299 1151 2370 stoli
1183 2309 1217 2368 et
1249 2293 1378 2366 horum
1403 2297 1568 2389 discipuli
1591 2297 1827 2394 Evangelium
1854 2317 2060 2397 sparserunt

1071 2401 1163 2470 inter
1179 2411 1317 2490 gentes,
1342 2400 1478 2487 magnis
1495 2405 1755 2476 certaminibus.

1097 2491 1105 2514 '
1172 2499 1288 2572 Multa
1313 2514 1416 2585 sunt,
1449 2527 1537 2596 quae
1560 2505 1690 2576 bonam
1713 2519 1865 2578 mentem
1886 2509 2060 2578 delectare

1073 2618 1229 2694 possunt,
1255 2602 1284 2670 si
1300 2602 1424 2670 seriem
1441 2605 1638 2678 consideret
1653 2611 1838 2680 doctorum
1855 2623 2057 2680 nostrorum

1070 2707 1155 2774 inde
1181 2727 1294 2798 usque
1317 2703 1362 2772 ab
1378 2707 1491 2774 Adam
1517 2709 1560 2776 ad
1584 2706 1836 2801 Apostolorum
1853 2711 2058 2800 discipulos.

1070 2805 1230 2876 Primum
1264 2805 1479 2898 conspicitur
1508 2807 1576 2878 Dei
1604 2813 1826 2902 providentia
1854 2813 1893 2882 in
1926 2815 2058 2884 tuenda

1070 2909 1247 2987 doctrina,
1273 2907 1357 3000 qni,
1382 2908 1446 2980 etsi
1470 2931 1596 3000 magna
1619 2915 1656 2982 in
1674 2911 1781 2986 lsraiil
1804 2928 1838 2985 et
1854 2914 1959 2999 luda,
1985 2912 2059 2986 Re-

1070 3033 1152 3100 gum
1166 3035 1208 3079 ac
1222 3007 1470 3092 sacerdotum,
1499 3025 1576 3082 tum
1591 3015 1815 3106 negligentia,
1841 3030 1917 3087 tum
1932 3017 2058 3108 impie·

1069 3126 1122 3184 tas
1145 3112 1231 3192 fuit,
1261 3125 1296 3182 et
1315 3132 1462 3201 magnae
1482 3113 1598 3186 clades
1623 3132 1784 3210 acceptae
1808 3131 1908 3205 sunt,
1940 3131 2059 3188 tamen
2107 3195 2110 3200 ,

1071 3213 1278 3285 excellentes
1300 3214 1551 3302 gubernatores
1570 3217 1639 3308 piis
1652 3222 1804 3312 quadam
1820 3220 1988 3292 continua
2006 3242 2060 3289 se-

1070 3315 1123 3385 rie
1136 3315 1247 3385 dedit.
1289 3311 1368 3384 Hoc
1384 3317 1491 3384 modo
1506 3339 1618 3412 usque
1637 3321 1682 3390 sd
1694 3321 1820 3392 mnndi
1838 3322 1942 3392 linem
1959 3322 2060 3390 Deus

1071 3413 1264 3502 Ecclesiam
1282 3417 1541 3504 gubernaturus
1564 3433 1633 3506 est,
1655 3422 1777 3516 inqua
1792 3423 1857 3492 etsi
1873 3411 1995 3505 erunt',
2020 3436 2060 3494 ut

1072 3519 1142 3588 iam
1176 3518 1333 3608 exempla
1359 3517 1492 3586 Ariana
1519 3519 1694 3608 vidimus,
1732 3523 1850 3614 magni
1876 3524 2061 3607 tumultus,

1072 3634 1192 3690 tamen
1208 3620 1305 3692 Deus
1322 3617 1461 3710 aliquos
1484 3621 1635 3690 subinde
1650 3623 1852 3696 defensores
1871 3637 1906 3695 et
1924 3625 2060 3696 instau-

1071 3733 1204 3791 ratores
1219 3742 1320 3788 verae
1334 3720 1514 3790 doctrinae
1532 3725 1708 3800 excitabit.
1753 3723 1892 3796 Deinde
1907 3726 1991 3821 quid
2009 3739 2062 3798 est

1072 3821 1279 3905 iucundius,
1311 3845 1416 3915 quam
1443 3821 1565 3894 videre
1586 3827 1690 3896 talem
1712 3826 1883 3900 Senatum
1903 3851 2060 3899 summo-

1072 3947 1152 3994 rum
1169 3923 1350 4008 virorum,
1376 3923 1438 4016 qni
1455 3919 1632 3996 Ecclesiae
1647 3929 1754 4000 duces
1769 3930 1924 4014 luerunt,
1948 3944 1982 4001 et
1996 3954 2061 3999 an-

1072 4025 1307 4096 tecelluerunt
1322 4025 1386 4095 toti
1401 4027 1522 4114 generi
1538 4023 1695 4100 humano
1710 4030 1892 4122 sapientia,
1917 4031 2063 4118 iustitia,
2119 4067 2122 4074 ·

1073 4127 1253 4210 doctrina,
1286 4128 1530 4216 magnitudine
1550 4131 1677 4216 animi,
1709 4133 1891 4204 sanctitate
1909 4157 2063 4220 morum,

1073 4227 1185 4316 gloria
1208 4251 1326 4296 rerum
1357 4243 1550 4318 gestarum,
1589 4232 1744 4327 denique
1767 4257 1830 4327 per
1852 4257 1942 4328 qnos
1965 4237 2062 4306 viros

1073 4327 1169 4399 Deus
1190 4353 1227 4399 se
1249 4323 1407 4398 humano
1428 4333 1548 4420 generi
1570 4334 1754 4426 patefecit?
1805 4333 1912 4426 Quod
1928 4351 2063 4427 specta-

1072 4433 1194 4503 culum
1208 4432 1355 4521 cogitari
1378 4433 1570 4505 iucundius
1588 4449 1721 4527 potest,
1746 4461 1851 4532 quam
1868 4437 1989 4509 videre
2008 4453 2063 4512 ta-

1072 4534 1143 4604 lem
1157 4533 1320 4603 coetum?
1475 4545 1479 4554 '

1175 4631 1292 4724 Quam
1319 4649 1358 4736 tp
1379 4631 1467 4704 mihi
1489 4637 1613 4706 seriem
1634 4635 1845 4734 Symmachc
1866 4655 2064 4715 vestrorum

1074 4738 1259 4807 doctorum
1280 4737 1428 4807 recitare
1451 4739 1572 4829 potes?
1611 4737 1772 4812 Minoem
1787 4743 1883 4814 dices
1899 4741 1994 4816 Iovis
2009 4745 2065 4814 ia-

1072 4839 1275 4908 miliaritate
1291 4851 1325 4909 et
1341 4839 1520 4932 colloquio
1539 4865 1642 4912 usum
1659 4867 1771 4914 annos
1788 4866 1928 4918 novem.
1985 4843 2064 4916 Nu·
2164 4861 2181 4876 ·’

1072 4964 1165 5010 mam
1180 4940 1286 5010 etiam
1302 4942 1499 5011 recensebis
1514 4938 1661 5034 Egeriae
1678 4945 1826 5018 monitis
1844 4945 1937 5036 leges
1958 4961 1993 5018 et
2007 4971 2064 5017 ce-

1072 5041 1250 5111 remonias
1266 5057 1535 5134 proponentem.
1584 5041 1662 5115 Etsi
1685 5061 1769 5118 sunt
1785 5048 1938 5118 absurda
1955 5073 2064 5141 quae-

1072 5145 1152 5213 dam
1169 5143 1207 5211 in
1216 5140 1363 5216 Graecis
1376 5145 1524 5234 legibus,
1545 5148 1748 5237 praesertim
1766 5150 1810 5218 de
1825 5151 2015 5221 connubiis
2029 5165 2065 5222 et
2157 5175 2166 5186 ·

1070 5245 1253 5345 sodalitiis,
1269 5260 1387 5317 tamen
1402 5248 1581 5318 adsentior
1595 5249 1702 5320 fuisse
1714 5249 1901 5344 aliquoties
1917 5275 2064 5344 magnos

1071 5349 1337 5436 gubernatores,
1362 5349 1423 5442 qui
1439 5349 1558 5419 civiles
1575 5375 1690 5421 mores
1705 5355 1997 5438 emendaverunt,
2024 5379 2065 5424 ac

1071 5449 1295 5542 disciplinam
1312 5449 1357 5520 ad
1374 5465 1520 5524 naturae
1536 5443 1647 5542 leges,
1674 5449 1846 5546 qua'ntum
1870 5469 2066 5548 potuerunt
