4614 5820
96 211 98 218 ¹
196 222 273 300 dil
762 209 926 292 HECL.
973 211 1048 290 nt:
1080 213 1326 292 BASlblO
1358 213 1670 346 nrtscuPO.
1797 277 1801 284 .
2171 220 2239 296 eto

164 391 637 475 convicaneorum,
663 399 698 460 e't
715 387 882 482 scriptam
898 389 1047 486 reliquit
1062 389 1204 462 conlea-
1255 403 1333 477 tur,
1356 389 1616 485 aliquantisper
1633 415 1653 462 a
1671 391 1835 486 populo'
1822 416 1862 472 ιιι
1878 393 2063 486 praedium
2079 415 2179 466 sunm
2195 417 2243 464 se-

206 500 344 572 sionem
376 517 458 568 suae
485 491 568 564 fidei
597 493 641 561 de
668 493 784 564 tribus
808 493 970 585 personis
991 491 1203 585 divinitatis,
1256 493 1418 565 cedebat.
1444 493 1532 564 alias
1553 519 1638 566 vero
1659 496 1829 588 prodiens
1850 497 1988 568 alienae
2010 496 2156 568 utilitati
2178 521 2244 568 eer-

208 603 355 692 dignam
385 595 574 682 memoria,
607 617 698 690 quae
728 590 836 666 hodie
867 607 972 672 extat.
1022 593 1141 668 Huius
1169 617 1205 666 se
1257 597 1360 668 siret.
1409 593 1569 668 Haecita
1580 599 1672 670 lacta
1688 621 1776 684 esse,
1797 587 2127 672 narratEusebius.
2176 595 2245 672 Etsi

210 702 373 776 doctrina
397 700 575 770 imbutum
600 699 646 768 ab
670 697 855 770 infantia'
845 699 963 792 inquit
983 699 1076 792 ipse,
1108 699 1205 793 quod
1258 713 1375 770 autem
1398 698 1438 768 iu
1459 698 1619 792 epistolia
1642 698 1800 772 Basilius
1821 701 2042 774 monasticen
2064 703 2246 774 immodice

211 803 388 878 nutricem
419 797 585 872 habuerit
608 799 795 872 mulierem
820 801 1114 872 studiosissimam
1140 803 1207 872 do-
1259 801 1457 894 praedicat,
1492 815 1532 874 ut
1553 825 1658 874 suum
1682 803 1813 898 cuique
1833 803 2037 878 institutum
2061 805 2248 886 blanditur,

211 909 346 982 ctrinae
371 903 550 994 Gregorii.
613 900 689 974 Nec
717 903 842 995 procul
864 903 1013 976 distata
1037 901 1206 976 Caesarea
1258 917 1479 975 tamencum
1502 927 1634 979 munus
1656 907 1809 978 docendi
1825 931 1898 976 non
1918 909 2141 1000 deposuerit,
2165 910 2248 978 etde

213 1005 510 1098 scdesGregorii,
534 1003 1055 1078 milliaribusnostrissortasse
1070 1006 1208 1097 viginti.
1260 1006 1395 1078 iustitia
1416 1005 1498 1076 fidei
1522 1007 1610 1078 alibi
1631 1009 1810 1101 praeclare
1834 1010 2034 1102 scripserit,
2064 1011 2249 1084 modestius

214 1111 343 1186 Narrat
364 1124 481 1180 autern
498 1131 534 1180 se
550 1121 692 1180 recreet
708 1109 844 1198 integre
860 1123 1020 1201 percepta
1040 1107 1207 1199 Gregorii
1260 1109 1409 1180 sensisse
1431 1133 1512 1180 euna
1534 1110 1715 1192 existimo,
1737 1135 1843 1206 quam
1865 1127 1986 1205 postea
2002 1109 2088 1184 haec
2104 1113 2249 1184 recentia

213 1215 407 1298 sententia,
432 1211 586 1282 voluisse
605 1223 640 1281 et
655 1223 870 1282 caeterarum
888 1208 1125 1282 Ecclesiamm
1144 1214 1209 1281 do·
1260 1211 1421 1284 examina
1439 1207 1696 1284 monachorum
1714 1229 1911 1288 senserunt.

214 1318 367 1392 ctrinam
396 1315 440 1384 ad
464 1337 542 1384 earn
564 1314 738 1387 conferre.
798 1311 887 1384 Tale
908 1315 1098 1386 studium'
1088 1313 1210 1434 mqui-
1362 1313 1437 1385 Nec
1465 1314 1529 1384 diu
1557 1315 1665 1387 tuit
1654 1341 1693 1386 ιιι
1717 1312 1772 1386 iris
1793 1315 1955 1404 latebris,
1988 1319 2050 1388 sed
2074 1317 2250 1412 aliquanto

214 1421 345 1494 rendae
363 1415 522 1488 veritatis
538 1431 635 1488 tunc
639 1417 676 1486 iu
692 1415 815 1486 multis
829 1417 950 1502 luit,
939 1441 979 1486 ιιι
996 1441 1067 1511 qtro
1084 1431 1118 1488 et
1132 1417 1210 1510 pie·
1262 1429 1341 1508 post
1361 1439 1442 1487 cnm
1461 1413 1588 1488 Ariani
1610 1419 1727 1510 palam
1750 1433 1996 1514 grassarentur
2010 1420 2050 1490 in
2066 1422 2158 1492 urbe
2173 1415 2250 1490 Cac-

214 1537 322 1598 tatem
352 1535 385 1591 et
412 1519 621 1592 modestiam
646 1519 792 1590 laudare
814 1519 993 1594 convenit.
1051 1517 1109 1590 Pii
1133 1543 1209 1589 non
1262 1542 1380 1606 sarea,
1405 1529 1439 1590 et
1455 1513 1688 1614 Episcopus
1676 1545 1752 1616 rpse
1773 1525 2033 1612 antagonistam
2058 1521 2134 1594 illis
2150 1545 2251 1612 oppo-

214 1625 333 1698 anbito
358 1622 664 1716 pronunciabant,
691 1623 751 1692 sed
774 1623 969 1713 peritorum
986 1621 1118 1692 iudicia
1135 1635 1210 1694 toto
1263 1571 1422 1692 nendrim
1439 1644 1513 1691 esse
1531 1637 1707 1706 censeret,
1735 1625 1937 1696 valentem
1927 1625 2072 1718 ingenio
2088 1625 2251 1696 eruditio·

213 1730 301 1800 orbe
315 1739 488 1796 terrarum
505 1723 786 1798 sciscitabantur.
837 1721 891 1795 lta
907 1723 1210 1814 vagatusestlre-
1264 1747 1327 1810 ne,
1357 1723 1583 1818 eloquentia,
1616 1726 1824 1813 autoritate,
1858 1727 1968 1799 mittit
1992 1729 2143 1800 adeum
2169 1729 2252 1816 lega·

216 1852 346 1913 nacns,
372 1827 434 1922 qui
451 1851 526 1898 non
543 1827 658 1898 solum
677 1825 851 1898 Asiaticas
867 1839 901 1896 et
918 1823 1071 1898 Graecos
1088 1823 1210 1897 Eccle-
1263 1840 1339 1896 tum
1357 1823 1573 1918 Gregorium
1588 1825 1871 1916 Nazianzennm,
1898 1857 1961 1926 qur
1950 1831 2166 1902 reduceret
2181 1851 2250 1898 eum

216 1935 304 2020 sias,
329 1931 390 2001 sed
414 1930 521 2002 etiam
540 1927 697 2002 Gallicas
718 1925 1115 2000 etGermanicascitat:
1142 1953 1210 2022 qua
1264 1953 1305 1998 ex
1319 1929 1566 2000 solitudinem
1584 1953 1694 2000 acrem
1710 1947 1744 2004 et
1759 1932 1893 2025 patriae
1911 1934 2055 2024 praelia
2108 1929 2252 2004 Difficile

216 2061 257 2108 ex
280 2058 319 2104 re
341 2045 503 2125 apparet,
526 2031 631 2103 initio
653 2031 833 2121 collegia
822 2057 860 2100 ιιι
879 2027 1045 2102 Ecclesiis
1065 2033 1211 2102 summis
1265 2044 1339 2102 crat
1363 2025 1547 2102 hominem
1570 2033 1714 2104 doctum
1732 2057 1774 2104 ex
1792 2035 1852 2104 illa
1868 2035 2072 2106 dulcissima
2086 2031 2254 2128 tranquil·

216 2137 324 2210 luisse
344 2130 604 2229 pulcherrimos
625 2148 763 2220 coetus,
795 2133 929 2204 similes
952 2129 1210 2228 Prophetarum
1265 2133 1363 2204 litate
1391 2133 1634 2204 studiorum
1623 2160 1661 2206 ιιι
1689 2137 1821 2208 atrocia
1852 2137 2046 2209 certamina
2078 2139 2254 2206 abducere.

178 2253 182 2266 '
217 2234 368 2320 scholis,
416 2237 489 2306 imo
514 2237 727 2358 'angelornm
757 2237 979 2327 agminibus,
1029 2237 1213 2307 doctrinae
1263 2233 1855 2328 Neceiignotaerantomniailla
1867 2265 1994 2334 quae
2010 2235 2253 2332 sapientissimi

217 2343 400 2427 mastodes,
424 2340 587 2410 omnium
609 2341 781 2410 virtutum
800 2339 926 2410 officiis
943 2364 1019 2410 cam
1034 2354 1214 2410 ornantes.
1266 2334 1429 2408 homines
1459 2351 1494 2409 et
1524 2361 1593 2410 usu
1616 2339 1720 2432 periti
1742 2343 1787 2412 dc
1809 2343 1978 2432 [rugiendo
2001 2341 2253 2432 gubernatione

217 2444 323 2518 Nunc
351 2443 420 2512 loci
450 2433 658 2562 dignitatem
690 2437 853 2512 homines
883 2441 1020 2512 arnissis
1043 2442 1156 2512 literis
1180 2455 1213 2512 et
1266 2439 1519 2516 disseruerunt.
1581 2439 1797 2514 Meminerat
1819 2439 2099 2516 Demosthenem
2127 2437 2299 2526 dixisse

218 2547 336 2620 studio
351 2545 491 2639 pietatis
505 2545 685 2626 iactitant,
710 2567 821 2635 magas
834 2541 1142 2616 Centaurorum
1113 2543 1214 2614 sami·
1266 2568 1296 2611 ιι
1285 2541 1505 2615 retexenda
1529 2543 1601 2616 vita
1627 2559 1733 2630 esset,
1759 2559 1794 2616 et
1819 2549 1910 2618 duae
1933 2547 2012 2618 viae
2035 2547 2106 2618 sibi
2132 2565 2299 2638 propo·

217 2652 287 2737 les,
312 2671 419 2742 quam
435 2649 669 2718 sacerdotum.
1267 2659 1455 2716 nerentur:
1482 2647 1590 2718 altera
1608 2661 1702 2719 recta
1720 2651 1853 2720 ducens
1871 2649 1914 2719 ad
1934 2671 2095 2720 summos
2112 2643 2255 2719 bonores

321 2749 515 2843 Postquam
539 2765 656 2822 autem
675 2747 830 2820 Basilius
847 2743 914 2820 hac
929 2748 1214 2842 peregrinatione
1267 2749 1305 2818 in
1327 2745 1546 2842 Republica,
1580 2750 1689 2820 altera
1714 2765 1807 2822 recta
1833 2754 1878 2821 ad
1904 2766 2073 2822 mortem:
2107 2775 2145 2823 se
2166 2773 2254 2821 com-

218 2853 399 2938 absoluta,
435 2849 641 2924 Caesaream
675 2852 799 2938 rediit,
832 2877 873 2922 ac
905 2875 1006 2942 saepe
1035 2851 1214 2945 specimen
1267 2851 1503 2922 moneiactum
1525 2853 1568 2922 de
1586 2853 1773 2946 periculis,
1798 2852 1917 2948 potius
1934 2855 2255 2946 ingressurumcssc

218 2953 432 3030 eruditionis
449 2955 630 3048 praebuit,
657 2969 801 3025 vocatus
817 2968 868 3025 est
883 2954 929 3024 ab
945 2951 1122 3047 Episcopo
1139 2949 1215 3024 Eu·
1268 2977 1350 3022 mox
1377 2953 1475 3024 illam
1506 2955 1620 3041 viam,
1653 2979 1743 3050 quae
1764 2958 1809 3026 ad
1832 2969 1983 3028 mortem
2007 2957 2128 3042 ducit,
2160 2975 2255 3050 quam

220 3059 319 3132 sebio
344 3058 388 3128 ad
413 3081 543 3128 munus
566 3058 717 3127 docendi
741 3057 779 3125 in
795 3053 968 3126 Ecclesia:
994 3057 1133 3150 luitque
1149 3057 1215 3124 ali·
1269 3055 1426 3130 alteram.
1480 3053 1549 3126 Sed
1572 3057 1702 3128 sciebat
1721 3055 1893 3142 Basilius,
1919 3059 2025 3129 nobis
2045 3060 2085 3129 iri
2110 3055 2255 3129 Ecclesia

220 3159 381 3257 quandiu
401 3159 513 3231 lector
534 3173 568 3230 et
586 3159 760 3252 interpres
778 3181 958 3230 sacrorum
977 3159 1215 3240 voluminum,
1269 3153 1360 3228 hanc
1391 3157 1558 3228 militiam
1587 3163 1838 3254 propugnandi
1868 3113 2056 3254 Evangelii
2092 3159 2255 3230 divinitus

219 3264 316 3359 quod
335 3285 468 3332 munus
484 3263 601 3332 srmrle
618 3275 693 3332 erat
707 3257 951 3346 scholastico
947 3277 1001 3333 ut
1018 3287 1116 3332 nunc
1133 3275 1218 3332 sunt
1269 3261 1471 3332 mandatam
1495 3285 1587 3348 esse,
1613 3277 1647 3333 et
1668 3263 1844 3353 cogitabat
1865 3265 1986 3334 omnia
2008 3264 2158 3358 quaein
2174 3258 2256 3332 hanc

219 3367 259 3438 in
284 3360 416 3436 scholas
430 3365 590 3436 lectores
640 3361 732 3436 Cum
757 3377 873 3435 autem
892 3365 986 3436 tuter
999 3361 1216 3458 Episcopum
1268 3363 1478 3434 sententiam
1502 3365 1560 3456 pie
1578 3365 1748 3435 dicuntur
1764 3379 1886 3438 contra
1903 3380 2002 3438 vetus
2018 3367 2154 3438 dictum
2171 3355 2254 3436 adds

220 3481 256 3542 et
275 3465 449 3538 Basilium
473 3468 634 3538 simultas
655 3481 731 3538 orta
754 3480 863 3551 esset,
894 3463 1106 3559 Episcopi
1087 3467 1217 3536 ιοΙιιιι-
1267 3461 1422 3560 βιώσας.
1483 3465 1622 3537 Prodiit
1650 3468 1744 3538 lilius
1766 3464 1835 3538 Dei
1862 3493 1936 3538 non
1961 3469 2078 3538 solum
2104 3493 2145 3537 ex
2168 3481 2256 3538 tran·

221 3583 293 3644 tate
316 3571 511 3642 exulcerata
529 3570 717 3640 calomniis
733 3565 1009 3655 monachorum,
1035 3595 1096 3664 qtn
1087 3567 1217 3638 'Basi-
1270 3569 1448 3664 quillitate
1470 3593 1550 3654 sua,
1576 3571 1635 3638 sed
1655 3569 1759 3640 etiam
1777 3595 1818 3640 ex
1833 3571 1893 3639 illa
1910 3583 2053 3640 aeterna
2072 3569 2205 3662 gloria,
2227 3579 2255 3635 et

220 3675 271 3746 lio
295 3672 413 3742 inlesti
438 3689 555 3758 erant,
583 3687 767 3764 propterea
790 3673 884 3766 quod
905 3699 1026 3742 eornm
1048 3674 1215 3760 ignavum
1272 3670 1309 3740 in
1330 3693 1404 3741 sese
1426 3671 1642 3742 tristissimas
1665 3695 1796 3765 poenas
1818 3672 2003 3748 derivavit.
2056 3671 2178 3763 Quare
2199 3691 2255 3739 nec

222 3775 340 3848 ocium
365 3787 400 3848 et
423 3773 598 3846 inscitiam
622 3775 790 3846 detestari
813 3776 958 3846 soleret:
982 3771 1041 3844 hic
1063 3773 1218 3844 Basilius
1271 3797 1336 3843 nos
1357 3775 1401 3842 de
1417 3787 1538 3844 nostro
1554 3774 1651 3860 ocio,
1676 3777 1719 3844 de
1735 3776 1906 3846 suavitate
1921 3776 2034 3862 vitae,
2060 3777 2105 3845 de
2120 3771 2256 3854 deliciis,

221 3877 429 3951 Caesaream
459 3891 494 3949 et
524 3876 665 3947 lectoris
693 3877 841 3966 gradum
864 3877 1010 3966 plenum
1034 3875 1218 3966 dignitatis
1272 3877 1331 3946 sed
1357 3879 1402 3945 de
1427 3878 1594 3948 mandato
1618 3875 1684 3948 Dei
1709 3880 1920 3970 cogitemus,
1956 3877 2056 3949 etad
2080 3902 2156 3947 earn
2180 3897 2254 3944 nor·

222 3979 387 4074 reliquit,
423 4004 469 4053 ne
498 3975 584 4050 haee
613 3979 808 4050 lactionum
833 3979 934 4050 initia
958 3979 1072 4048 maius
1094 3979 1219 4048 incen-
1273 4001 1364 4046 mam
1394 3979 1541 4049 consilia
1573 3980 1778 4070 dirigamus.
1838 3975 1916 4051 Etsi
1942 3979 2053 4071 igitur
2076 3977 2255 4050 dulcedine

223 4081 325 4156 dium
347 4081 549 4158 excitarent.
602 4081 690 4152 Nam
712 4081 777 4152 ubi
801 4082 909 4152 semel
932 4083 1117 4154 distractae
1136 4093 1219 4151 sunt
1274 4081 1467 4172 praesentis
1488 4081 1574 4168 ocii,
1599 4096 1634 4152 et
1653 4084 1823 4153 memoria
1840 4083 2073 4168 iniuriarum,
2100 4105 2186 4177 quas
2200 4101 2254 4148 an-

223 4185 424 4256 voluntates
446 4183 599 4275 partium
622 4184 706 4254 odio
724 4186 887 4273 dogmata
905 4185 1220 4257 facilemutantur.
1273 4198 1326 4254 tea
1361 4185 1407 4253 ab
1433 4179 1611 4276 Episcopo
1639 4197 1837 4277 acceperat,
1876 4187 2107 4271 movebatur,
2147 4199 2252 4255 tamen
2296 4241 2297 4260 ,

223 4283 273 4360 Et
296 4311 392 4356 nunc
416 4283 544 4357 Ariani
566 4301 779 4377 grassantes,
804 4287 1008 4357 occasiones
1032 4288 1220 4379 captabant
1272 4285 1414 4379 utrique
1427 4285 1478 4356 r'ei
1494 4283 1847 4378 praetulitEcclesiae
1861 4288 2120 4358 necessitatem.
2168 4284 2252 4358 Scie—
2296 4289 2297 4372 ξ

225 4389 354 4460 veneni
372 4391 427 4459 sni
444 4389 631 4482 spargendi
646 4391 683 4458 in
696 4385 851 4459 Ecclesia
861 4386 1091 4460 Caesariensi.
1123 4387 1220 4459 Lau·
1273 4391 1333 4460 bat
1346 4387 1384 4458 in
1398 4387 1556 4460 Ecclesia
1569 4404 1707 4480 gratnm
1723 4390 1878 4460 officinm
1894 4413 1967 4460 esse
1980 4387 2078 4470 Deo,
2105 4383 2157 4484 μὴ
2171 4411 2252 4479 μιί,ι
2296 4425 2297 4495 p

226 4495 274 4564 do
296 4490 420 4562 Basilii
445 4491 652 4576 consilium,
683 4491 764 4586 qui,
791 4515 836 4560 ne
858 4493 1012 4562 atrocius
1032 4492 1219 4561 dissidium
1273 4493 1453 4564 σικακιῖνι
1481 4515 1548 4562 nec
1569 4515 1688 4582 pacem
1711 4493 1820 4562 ullam
1844 4493 2051 4564 diuturnam
2074 4491 2113 4560 in
2136 4491 2251 4582 guber-

226 4596 402 4682 oriretur,
433 4596 556 4666 cedere
577 4594 735 4665 invidiae
759 4593 904 4681 maluit,
931 4619 995 4665 nec
1019 4609 1158 4679 tamen,
1181 4608 1221 4666 ut
1273 4594 1418 4665 natione
1440 4617 1513 4666 esse
1537 4617 1659 4687 posse,
1686 4594 1753 4663 nisi
1777 4595 1917 4687 aliquae
1931 4593 2147 4665 offensiones
2162 4591 2251 4662 dissi-

227 4698 508 4788 multipotens,
541 4709 660 4790 postea
688 4721 725 4766 se
747 4697 785 4764 in
806 4697 1060 4768 monasterium
1082 4696 1222 4768 ociosus
1275 4697 1476 4784 mulentnr,
1508 4719 1548 4768 ac
1568 4697 1715 4772 lenitate
1737 4699 1846 4766 animi
1871 4699 2083 4769 obruantur.
2143 4693 2250 4788 ltaque

227 4799 377 4872 abdidit.
437 4797 534 4870 Vixit
561 4800 622 4869 ille
645 4799 790 4895 quidem
814 4825 894 4870 cum
919 4801 1056 4896 aliquot
1079 4799 1219 4870 audito·
1274 4821 1435 4870 reversus
1466 4801 1621 4892 primum
1653 4799 1824 4893 obsequio
1850 4815 1884 4871 et
1905 4799 2079 4870 suavitate
2101 4801 2147 4870 ita
2172 4795 2250 4868 senis

228 4905 329 4975 ribus
350 4903 389 4972 in
414 4923 569 4989 secessu,
589 4905 649 4997 qui
673 4903 825 4974 distabat
847 4925 866 4972 a
888 4901 1056 4975 Caesarea
1081 4901 1223 4972 circiter
1274 4897 1439 4994 Episcopi
1463 4903 1622 4973 animum
1641 4903 1707 4973 sibi
1726 4902 1903 4987 devinxit,
1927 4917 1969 4972 ut
1983 4903 2167 4972 concordia
2182 4919 2249 4966 vere

229 5007 373 5096 triginta
399 5005 563 5084 miliaria.
630 5005 699 5078 Sed
723 5003 867 5076 interim
893 5007 1027 5078 vicinas
1046 5003 1223 5077 Ecclesiae
1274 5019 1378 5076 etex
1407 5005 1528 5074 animo
1558 5018 1668 5091 sarta,
1701 5013 1885 5098 nunquam
1915 5006 2046 5076 deinde
2074 5001 2249 5074 dissilierit·
2295 5055 2296 5074 .

228 5107 267 5178 in
291 5105 409 5180 Ponto
432 5131 534 5200 saepe
555 5109 695 5192 adibat,
722 5103 784 5177 bas
809 5109 974 5190 docebat,
1000 5109 1223 5196 emendabat,
1274 5103 1507 5179 Adversarios
1529 5131 1613 5178 vero
1635 5107 1818 5178 doctrinae
1832 5107 2058 5200 incorruptae
2074 5121 2167 5178 tanta
2183 5127 2249 5194 gra·
2295 5117 2296 5194 ζ

229 5210 411 5280 muniebat
435 5214 601 5280 adversus
626 5212 763 5282 furores
780 5206 932 5280 Arianos
954 5224 988 5282 et
1012 5212 1111 5280 alios.
1162 5209 1223 5284 Sic
1274 5210 1383 5282 vitate
1411 5209 1595 5296 resartavit,
1629 5224 1671 5282 nt
1692 5224 1727 5282 et
1749 5205 1927 5282 Ecclesiae
1948 5234 2153 5282 consensum
2177 5203 2247 5276 reti·

230 5319 393 5399 tempora
420 5313 657 5402 partiebatur,
688 5325 728 5382 ut
755 5312 843 5380 alias
865 5333 963 5381 suam
985 5313 1221 5384 eruditionem
1273 5326 1392 5400 neret,
1419 5327 1454 5384 et
1475 5313 1579 5406 lupos
1601 5313 1684 5384 illos
1706 5313 1806 5386 brevi
1824 5337 1843 5384 a
1862 5313 1972 5386 caulis
1987 5335 2131 5406 prorsus
2144 5305 2248 5402 depel-

231 5411 424 5480 domestica
445 5413 677 5483 meditatione
700 5413 825 5498 aleret,
851 5434 942 5506 quae
962 5435 1007 5482 ne
1031 5414 1222 5505 impedire·
1273 5417 1380 5488 leret·
1527 5425 1531 5432 '
