4616 5816
81 237 154 318 aas
659 195 844 316 :naon
881 233 956 314 nn
989 229 1134 312 vrrs
1165 197 1511 312 suousrtnt.
2041 233 2116 310 aaa

77 413 243 508 Utraque
264 384 342 486 arte
364 435 454 506 opus
475 425 527 484 est
550 410 695 499 civito,
720 415 783 508 qni
800 427 936 507 praeest
950 407 1073 483 Eccle-
1226 402 1388 478 Ornatus
1401 379 1679 495 estAugustinus
1693 405 1872 483 miraculis
1888 408 2110 506 quibusdam,

74 517 166 601 siae,
193 517 304 588 utsit
327 517 370 586 ad
392 514 592 586 docendum
605 515 774 596 idoneus,
799 541 839 586 ac
858 518 1016 608 prudens
1033 513 1072 582 in
1122 509 1256 602 expulit
1281 509 1495 588 Daemones,
1522 521 1560 594 ,et
1583 511 1753 600 quosdam
1775 524 1934 601 aegrotos
1961 515 2109 589 sanavit.

72 617 279 691 indicandis
301 617 472 708 negociis,
503 617 543 688 in
566 618 731 688 cavendis
747 618 891 687 insidiis
906 618 1071 686 adversa·
1120 611 1195 682 Sed.
1216 605 1301 681 haec
1323 624 1406 680 sunt
1426 610 1531 697 longe
1547 611 1799 699 praestantiora
1817 613 2004 698 miracula,
2029 639 2110 685 suc-

72 720 233 804 riorum,
259 719 297 788 in
313 721 445 790 tuenda
461 719 720 813 tranquillitate
736 715 925 791 Ecclesiae.
974 715 1071 786 Haec
1120 735 1235 782 cessus
1257 712 1294 782 in
1315 710 1588 802 gubernatione,
1621 725 1655 780 ει
1674 708 1757 782 hacc
1780 713 1904 784 iudicii
1920 717 2107 796 rectitudo,
2227 732 2232 745 '

72 845 154 890 corn
187 817 401 912 praestiterit
428 821 665 911 Augustinus,
705 821 807 890 lateri
839 841 979 889 necesse
1009 831 1071 902 εει,
1119 827 1152 884 et
1168 813 1248 884 fidei
1263 812 1475 897 constantia,
1501 815 1596 904 quod
1610 813 1700 884 vidit
1715 812 1816 883 Pauli
1833 817 2042 888 sententiam
2063 821 2108 889 de

57 924 167 992 bene
196 923 363 992 meritum
398 944 471 992 esse
501 925 546 992 de
573 918 732 992 Ecclesia
760 917 912 1006 Christi3
951 920 1069 990 lucent
1119 915 1211 1003 lege,
1237 917 1282 983 de
1306 927 1465 1004 peccato,
1491 915 1535 982 de
1556 913 1692 984 iusticia
1711 915 1809 1000 fidei,
1832 930 1865 986 et
1879 939 2007 1007 magno
2026 921 2106 990 ani·
2138 963 2160 982 -

71 1023 170 1092 enim
195 1024 272 1092 eius
292 1023 396 1107 fides,
430 1023 648 1107 constantia,
681 1023 887 1114 prudentia,
917 1021 1068 1111 vigilan·
1119 1016 1169 1082 mi
1191 1017 1318 1084 robore
1347 1029 1469 1084 contra
1492 1027 1647 1104 receptas
1669 1017 1912 1105 persuasiones
1936 1021 2107 1096 defendit.

71 1125 141 1208 tia,
178 1125 218 1192 in
252 1123 324 1194 illis
356 1125 571 1196 turbulentis
592 1125 748 1214 negociis
777 1124 962 1208 omnibus,
993 1123 1068 1192 eius
1119 1115 1234 1186 Tanta
1254 1117 1368 1186 fuerat
1392 1117 1521 1205 caligo,
1544 1128 1584 1185 ut
1599 1139 1663 1184 nec
1677 1118 1851 1188 sermonis
1870 1141 1981 1209 genus
1995 1121 2033 1190 in
2051 1145 2106 1194 sa-

69 1213 269 1316 temporis.¹
1118 1217 1185 1286 cris
1214 1217 1327 1288 literis
1361 1217 1627 1306 intelligeretur.
1695 1215 1791 1288 Haec
1820 1219 1897 1310 ipsa
1923 1224 2105 1308 vocabula,

176 1323 247 1396 Sed
264 1327 389 1399 incidit
406 1341 490 1400 tunc
505 1311 678 1422 quaedam
702 1349 824 1413 causa,
848 1327 971 1420 inqua
991 1347 1068 1394 ma·
1118 1343 1208 1411 quae
1224 1332 1308 1390 sunt
1322 1318 1509 1411 praecipua
1532 1319 1570 1385 in
1588 1313 1763 1404 Ecclesia,
1789 1343 1877 1412 quas
1893 1343 1948 1392 res
1963 1327 2106 1415 proprie

69 1428 167 1496 xime
191 1429 324 1500 eminet
346 1429 421 1499 'eius
436 1429 590 1499 eruditio
609 1429 821 1522 spiritualis,
846 1443 882 1498 et
896 1430 939 1497 ad
960 1449 1066 1520 quam
1116 1420 1370 1510 significarent,
1414 1419 1661 1508 ignorabatur,
1713 1417 1805 1506 Lex,
1853 1417 2107 1514 Evangelium,

68 1529 212 1622 reliqua
243 1531 433 1600 certamina
456 1531 625 1603 uidentur
652 1531 751 1624 quasi
772 1531 944 1624 quaedam
966 1529 1068 1598 rudi·
1117 1535 1317 1612 peccatum,
1352 1522 1482 1611 gratia,
1520 1519 1623 1604 fides,
1652 1520 1772 1606 litera,
1805 1521 1990 1617 spiritus.¹
2029 1524 2107 1598 Hae

69 1643 194 1698 menta
224 1630 345 1701 fuisse.
405 1629 448 1699 ln
477 1627 543 1701 hac
572 1633 745 1724 peculiare
769 1631 978 1701 beneficium
1000 1626 1066 1698 Dei
1117 1635 1242 1694 tantae·
1264 1623 1429 1692 tenebrae
1462 1621 1628 1713 depulsae
1654 1635 1738 1692 sunt
1763 1617 1956 1712 Augustini
1982 1627 2106 1719 opera,

69 1731 309 1821 conspicitur,
334 1734 429 1825 quod
444 1757 508 1823 per
528 1731 766 1823 Augustinum
781 1731 876 1802 Deus
890 1727 1068 1800 Ecclesiae
1117 1723 1179 1816 qui
1202 1723 1345 1817 quidem
1369 1724 1448 1793 illas
1469 1733 1583 1792 tantas
1604 1744 1660 1791 res
1682 1725 1878 1814 perspicere
1899 1741 1933 1796 et
1948 1729 2106 1801 iudicare

72 1832 261 1924 praestitit.
313 1831 397 1904 Fuit
411 1833 584 1927 quispiam
597 1833 777 1925 Pelagius,
804 1826 1067 1922 Philosophiae,
1117 1825 1390 1916 nonpotuisset‚
1416 1824 1487 1894 nisi
1501 1822 1661 1894 exercitia
1676 1825 1868 1915 peculiaria
1882 1829 2027 1918 spiritus
2044 1835 2107 1902 de-

71 1948 111 2004 ut
127 1933 299 2019 arbitror,
313 1935 504 2018 studiosus,
517 1936 675 2028 quidum
686 1929 1067 2004 accommodareGhri-
1116 1939 1296 2016 gustasset.
1347 1923 1568 1996 Cumautem
1587 1925 1738 1995 maxime
1755 1950 1844 2020 opus
1858 1927 1905 2000 sit
1918 1925 2106 2020 Ecclesiae,

71 2037 226 2104 stianam
269 2036 467 2106 doctrinam
508 2039 554 2105 ad
587 2031 857 2127 Philosophiam
900 2047 1066 2118 conatur,
1118 2051 1200 2097 vera
1234 2027 1379 2098 illorum
1412 2028 1572 2097 locorum
1608 2027 1858 2120 explicatione,
1907 2025 2006 2104 de'cet
2038 2059 2104 2105 nos

70 2145 188 2206 astute
214 2138 371 2226 corrupit
405 2138 498 2227 piam
527 2139 738 2210 doctrinam.
797 2134 928 2206 Docuit
955 2135 1065 2223 legem
1117 2153 1240 2198 omnes
1265 2151 1454 2220 agnoscere
1478 2126 1546 2199 Dei
1579 2127 1808 2217 beneficium,
1841 2131 1941 2204 cuius
1969 2135 2104 2207 donum

70 2237 137 2307 Dei
173 2259 277 2326 posse
308 2239 465 2328 impleri:
504 2239 652 2326 gratiam
686 2236 891 2328 Evangelii,
927 2249 1065 2306 tantum
1117 2243 1209 2311 erat,
1243 2231 1424 2302 doctrinae
1445 2229 1640 2302 renovatio.
1702 2227 1861 2305 Debetur
1884 2248 1919 2305 et
1938 2235 2005 2328 ipsi
2028 2235 2106 2308 Au-

71 2361 146 2407 esse
163 2337 251 2426 legis
268 2339 520 2428 cognitionem:
546 2353 706 2408 naturam
722 2335 880 2408 hominis
893 2339 1065 2428 integram
1115 2331 1256 2421 gustino
1282 2332 1411 2421 gratia,
1442 2333 1504 2427 qui
1526 2330 1639 2404 literis
1659 2337 1841 2408 mandavit
1858 2361 1975 2408 veram
1995 2339 2105 2410 inter-

72 2463 146 2508 esse
165 2463 206 2506 ac
225 2441 301 2508 sine
319 2454 474 2534 peccato:
501 2436 664 2510 homines
682 2441 791 2510 iustos
807 2455 840 2510 et
855 2443 975 2512 beatos
994 2461 1066 2510 esse
1116 2434 1349 2527 pretationem
1367 2449 1408 2506 ut
1428 2435 1665 2527 posteritatem
1686 2438 1902 2511 admoneret.
1963 2439 2045 2510 Dixi
2062 2446 2106 2512 de

71 2542 160 2630 legis
182 2541 409 2632 impletione,
445 2555 480 2612 et
498 2536 566 2612 hac
581 2543 707 2612 mereri
725 2542 968 2614 remissionem
985 2567 1065 2636 pec·
1116 2537 1304 2630 praecipuo
1329 2534 1524 2628 Augustini
1549 2537 1696 2624 merito,
1736 2541 1795 2609 sed
1826 2539 1970 2612 brevius
1999 2567 2106 2636 quam

72 2657 245 2714 catorum.
296 2641 411 2730 Haec,
438 2643 1066 2738 quiavidebaturEvaugeliumpul·
1117 2641 1323 2730 magnitudo
1344 2640 1395 2708 rei
1422 2637 1634 2731 postulabat.
1696 2638 1805 2730 Quod
1829 2655 1947 2713 autem
1970 2643 2008 2711 in
2033 2658 2105 2715 tam

70 2739 159 2814 chre
183 2766 377 2832 congruere
399 2769 478 2816 cum
501 2742 734 2838 Philosophia
751 2763 784 2819 et
806 2747 939 2818 iudicio
957 2748 1065 2816 ratio·
1116 2741 1321 2810 difficilibus
1356 2741 1657 2833 disputationibus
1694 2741 1873 2814 interdum
1913 2743 2106 2836 improprie

71 2848 147 2928 uis,
181 2867 311 2934 magno
344 2871 423 2916 cum
453 2847 579 2938 plausu
606 2849 870 2940 excipiebantur
891 2849 929 2916 in
954 2847 1066 2933 ltalia,
1115 2854 1176 2913 aut
1212 2842 1435 2912 incommode
1474 2843 1652 2934 loquitur,
1692 2845 1795 2914 venia
1825 2845 1858 2914 ei
1889 2847 2005 2916 danda
2038 2862 2105 2918 est:

73 2945 195 3016 Gallia
215 2960 249 3017 et
265 2945 396 3021 Africa.
429 2947 643 3021 Posidonius
659 2967 792 3036 narrat,
818 2949 1087 3045 Innocentium
1116 2943 1335 3036 'lfemporum
1364 2945 1429 3014 ista
1453 2956 1564 3013 erant.
1621 2941 1711 3012 Nam
1734 2958 1826 3014 aetas
1845 2945 1907 3015 illa
1929 2949 2040 3039 magis
2061 2951 2106 3020 ad

70 3047 280 3120 Romanum
304 3045 521 3140 Episcopum
543 3051 648 3122 initio
677 3052 782 3122 etiam
804 3076 878 3120 non
901 3053 1064 3145 iniquum
1116 3045 1398 3115 declamatoriam
1420 3044 1592 3114 rationem
1611 3044 1772 3132 dicendi,
1804 3073 1909 3142 quam
1933 3051 1977 3117 ad
2003 3075 2105 3120 accu—
2228 3099 2229 3104 κ

70 3151 180 3218 fuisse
206 3147 359 3236 Pelagio.
397 3149 512 3222 Sunt
544 3153 639 3221 enim
671 3177 711 3222 ex
734 3178 775 3223 eo
800 3176 945 3242 genere,
978 3175 1066 3245 (prae
1115 3160 1209 3216 ratas
1223 3146 1480 3237 disputationes
1496 3148 1684 3216 assuefacta
1706 3161 1797 3233 erat,
1823 3164 1857 3221 et
1872 3149 2014 3220 difficile
2030 3167 2104 3224 erat

1 3329 2 3334 ἵ
72 3262 177 3320 uocat
199 3245 516 3336 Paulusmaavd,
549 3277 638 3345 quae
661 3253 898 3323 blandiuntur
923 3253 1066 3325 rationi.
1114 3272 1157 3316 ex
1171 3248 1278 3318 tantis
1302 3249 1455 3319 tenebris
1478 3247 1642 3318 materias
1658 3248 1738 3319 illas
1760 3253 1931 3325 evolvere.
1982 3251 2106 3324 Rebus

73 3351 142 3422 Sed
169 3375 264 3420 unus
286 3350 506 3440 Augustinus
528 3377 602 3422 non
626 3356 740 3425 solum
764 3355 855 3424 vidit
877 3355 963 3447 quid
980 3367 1066 3423 esset
1116 3372 1200 3418 vero
1214 3344 1310 3417 haud
1327 3349 1435 3419 dubie
1450 3373 1595 3442 prorsus
1615 3353 1795 3440 congruit,
1822 3377 1901 3422 cum
1919 3357 2106 3440 sententia,
2207 3353 2213 3358 ’

1 3447 2 3450 '
73 3453 272 3534 mali,·,sed
298 3453 402 3521 etiam
426 3477 553 3544 magno
579 3457 695 3525 studio
728 3457 880 3524 refutare
910 3479 1064 3524 errorem
1117 3475 1206 3546 quae
1223 3449 1291 3520 Dei
1303 3452 1471 3520 beneficio
1492 3473 1615 3522 narsus
1638 3451 1755 3523 illuxit
1772 3452 1811 3522 in
1828 3448 1893 3522 hac
1909 3450 2046 3539 schola,
2073 3471 2107 3528 et

75 3554 201 3644 coepit.
254 3549 577 3648 Coe'gitSynodos,
608 3557 719 3625 edidit
744 3555 895 3647 plurima
925 3557 1065 3644 scripta,
1117 3553 1261 3647 quidem
1291 3553 1367 3642 ipso
1395 3565 1627 3626 monstrante.
1688 3549 1828 3623 Omitto
1857 3578 1962 3646 quam
1995 3557 2106 3629 multa

74 3657 111 3724 in
127 3655 261 3747 quibus
276 3677 366 3744 pene
382 3656 552 3745 sepultam
570 3658 766 3726 doctrinam
782 3658 825 3725 de
840 3657 950 3746 gratia
960 3652 1067 3724 Chri·
1117 3655 1310 3746 prudenter
1330 3668 1364 3723 et
1377 3655 1498 3723 dextre
1516 3653 1736 3744 responderit
1752 3655 1795 3723 de
1811 3655 1918 3724 variis
1935 3657 2106 3745 negociis:

75 3759 119 3826 sti
136 3756 343 3834 renovavit,
378 3779 416 3822 ac
431 3758 586 3829 restituit
600 3759 698 3826 illam
713 3757 924 3850 peculiarem
943 3755 1067 3826 Eccle-
1116 3749 1363 3844 Reprehentlit
1390 3753 1648 3846 superstitiosas
1670 3755 1856 3846 opiniones
1876 3759 1920 3826 de
1944 3759 2108 3830 traditio-

75 3860 145 3926 siae
162 3857 389 3946 sapientiam,
413 3859 456 3926 de
475 3857 612 3928 iusticia
625 3859 725 3943 fidei,
752 3860 907 3948 ignotam
922 3860 1067 3932 mundo.
1117 3857 1223 3926 nibus
1252 3851 1435 3942 humanis,
1475 3867 1596 3926 monet
1626 3879 1700 3925 non
1720 3879 1800 3926 'esse
1823 3858 1938 3927 cultus
1961 3858 2044 3942 Dei,
2074 3875 2108 3929 et

75 3956 129 4028 De
158 3971 303 4048 peccato
328 3957 477 4046 originis
499 3959 626 4029 clarius
652 3960 809 4051 scripsit,
847 3985 954 4054 quarn
986 3973 1067 4030 ante
1117 3960 1194 4029 sine
1216 3971 1356 4048 peccato
1381 3959 1495 4030 omitti
1519 3980 1629 4050 posse.
1680 3951 1845 4047 ¹Apparet
1865 3972 2107 4053 tuncquoque

76 4061 193 4150 ipsum
210 4059 397 4148 scriptores
411 4083 544 4131 omnes.
596 4055 770 4151 Origenes
791 4061 971 4132 invexerat
987 4086 1067 4152 per-
1118 4059 1297 4130 dubitasse
1313 4061 1462 4144 multos,
1488 4060 1574 4152 quid
1593 4059 1637 4126 de
1652 4057 1779 4127 militia
1803 4073 1836 4130 et
1851 4060 2014 4129 civilibus
2029 4062 2109 4130 offi-

77 4162 231 4229 niciosus
246 4159 553 4250 interpretationes
569 4157 607 4230 iri
626 4157 821 4232 Ecclesiam
836 4165 880 4230 de
895 4163 986 4249 lege:
1013 4159 1068 4231 Ex
1118 4161 1181 4234 ciis
1206 4159 1428 4228 sentiendum
1448 4173 1554 4244 esset3
1587 4159 1822 4249 interrogatus
1853 4161 1960 4252 igitur
1981 4162 2108 4253 Augu-

78 4263 151 4352 lege
169 4285 245 4329 non
262 4261 510 4346 iustificabitur
523 4263 640 4331 omnis
657 4287 752 4348 caro,
772 4263 810 4332 id
829 4276 890 4347 est,
915 4287 955 4332 ex
972 4287 1068 4332 cere·
1119 4261 1232 4330 stinus
1248 4275 1341 4330 recte
1358 4273 1392 4330 et
1408 4261 1526 4329 dextre
1541 4261 1735 4349 respondit.

80 4363 222 4436 moniis.
277 4359 382 4430 ltem:
415 4362 535 4448 litera,
559 4363 595 4431 id
617 4377 685 4449 est,
709 4357 877 4434 historica
895 4364 1068 4456 interpre·
1218 4359 1399 4433 Hactenus
1420 4375 1555 4432 tantum
1582 4374 1620 4428 ut
1643 4359 1831 4430 Ductorem
1853 4363 2015 4446 laudavi,
2042 4367 2108 4436 etsi
2220 4353 2224 4360 ⁵

80 4465 183 4549 tatio,
217 4463 361 4548 occidit3
394 4461 584 4552 Spiritus,
601 4465 720 4550 idest,
744 4465 910 4556 allegoria
929 4469 973 4536 de
990 4491 1069 4534 mo-
1118 4459 1206 4534 haec
1220 4464 1363 4556 quidem
1388 4463 1573 4555 praecipua
1588 4458 1757 4554 Episcopi
1779 4463 1855 4532 laus
1873 4479 1942 4550 est,
1969 4491 2044 4536 non
2064 4471 2108 4537 de

81 4566 200 4649 ribus,
220 4565 385 4634 vivificat.
419 4561 494 4634 Hos
511 4565 629 4658 lapsus
646 4561 913 4656 Origenistunc
929 4591 1070 4660 quoque
1120 4563 1579 4644 caeterisvirtutibusdixi‚
1606 4563 1752 4656 quaein
1771 4565 2025 4653 gubernatione
2045 4593 2109 4638 ne-

81 4689 250 4757 magnum
288 4664 486 4757 periculum
527 4683 602 4740 erat
647 4662 921 4760 reprehendere:
970 4681 1071 4738 erant
1121 4667 1288 4738 cessariae
1310 4679 1410 4749 sunt,
1442 4667 1602 4754 nondum
1627 4667 1670 4734 de
1693 4665 1840 4756 privatis
1860 4669 2036 4740 moribus:
2063 4671 2108 4739 de

83 4769 177 4838 enim
211 4761 281 4846 hae
309 4767 620 4858 interpretationes
651 4769 779 4861 passim
813 4783 989 4862 receptae,
1036 4783 1071 4840 et
1120 4769 1278 4860 utrisque
1294 4768 1500 4837 brevissime
1515 4767 1641 4840 dicam.
1680 4763 1721 4834 ln
1736 4765 1990 4856 gubernatione
2005 4793 2109 4861 prae-

83 4868 262 4938 mordicus
291 4869 513 4940 tenebantur.
577 4867 698 4960 Quare
732 4871 837 4962 plane
872 4865 1071 4963 prophetici
1121 4870 1223 4961 cipua
1238 4869 1316 4938 laus
1331 4883 1383 4939 est
1401 4869 1576 4953 iusticias,
1601 4891 1690 4960 quae
1711 4867 1768 4937 vel
1792 4871 1976 4942 severitate
1997 4871 2110 4942 utitur
2227 4862 2237 4881 ’

85 4971 227 5060 spiritus
248 4969 335 5053 fuit,
367 4993 479 5039 unum
503 4970 619 5041 virum
648 4985 682 5042 et
705 4971 825 5041 videre
842 4965 908 5040 hos
924 4995 1071 5052 errores,
1121 4993 1202 5040 cum
1224 4991 1328 5040 causa
1352 4971 1523 5060 postulat,
1555 4969 1613 5038 vel
1642 4969 1804 5053 lenitate,
1837 4995 1917 5040 cum
1948 4967 2034 5041 haec
2058 4988 2110 5044 est

1 5111 2 5121 .
88 5083 121 5139 et
132 5069 243 5142 Paulo
263 5071 410 5140 reddere
426 5071 615 5160 genuinam
631 5074 862 5158 sententiam,
887 5085 923 5144 et
943 5076 1072 5144 audere
1120 5071 1255 5142 utilior.
1305 5067 1384 5144 Etsi
1399 5084 1518 5141 autem·
1529 5065 1622 5138 nihil
1637 5070 1706 5139 fuit
1723 5071 1762 5139 in
1777 5067 1968 5162 Augustini
1984 5087 2111 5146 natura

88 5171 269 5242 aiudiciis
289 5171 511 5264 superiorum
536 5173 737 5246 dissentire:
764 5177 853 5245 sicut
872 5173 1019 5266 plurimi
1038 5174 1071 5244 ei
1120 5165 1367 5267 tyrannicum,
1398 5184 1517 5243 tamen
1538 5173 1588 5242 ita
1612 5171 1703 5240 lenis
1722 5171 1810 5251 fuit,
1845 5187 1982 5244 utnon
2005 5176 2112 5246 nimis

89 5271 308 5361 obiecerunt,
332 5297 396 5344 cur
408 5296 502 5345 unus
512 5275 655 5347 auderet
668 5275 835 5368 refragari
849 5276 1071 5368 superiomm
1123 5285 1213 5344 esset
1234 5272 1423 5363 indulgens
1444 5283 1509 5344 aut
1528 5274 1660 5356 lentus,
1693 5286 1734 5344 ut
1760 5273 1842 5344 satis
1862 5275 2052 5346 declaravit
2072 5277 2112 5346 in

92 5376 288 5461 sententiis,
312 5397 441 5466 magno
456 5398 629 5448 consensu
649 5377 875 5448 confirmatis.
1122 5373 1245 5447 multis
1268 5375 1392 5448 causis.
1450 5371 1717 5447 Calamensibus
1738 5373 1802 5472 qui
1818 5375 1982 5449 seditiose
1998 5381 2113 5470 impe-

1393 5469 1478 5555 29*
