4718 5828
139 235 193 312 ιι
592 227 774 312 osen
812 229 889 312 uu
927 229 1152 312 sruuto
1185 165 1536 308 oneratus-s
1568 224 1732 305 etun
2140 235 2190 309 ss

138 431 224 479 cum
261 405 472 501 sapientiam
504 429 604 480 suam
640 423 781 484 vocaret
811 402 1145 508 ἀμφισβητήσιμον
1194 405 1279 476 dum
1299 403 1473 496 profuerit
1494 403 1587 495 leges
1612 403 1790 480 didicisse.
1839 402 1912 477 Nec
1930 401 2189 500 Prophetarum

122 509 252 604 drop.
313 509 360 582 At
387 505 575 581 hominum
598 508 851 610 λογολισχιίας
881 515 987 584 ιιίιιιι
1011 512 1143 582 divinis
1195 505 1380 586 vaticinia,
1408 531 1472 576 nec
1488 503 1719 594 Evangelicae
1735 503 1901 578 historiae
1923 513 2011 580 adiri
2029 527 2188 600 possunt,

141 613 259 683 literis
281 627 485 684 nostronrm
512 628 713 706 temporum
737 612 914 705 Theologi
936 615 1144 708 praetulere,
1192 609 1262 680 uisi
1281 604 1388 678 huius
1404 609 1695 691 commentarios,
1720 633 1783 676 ceu
1799 633 1938 679 amnem
1962 613 2126 682 comitem
2142 618 2185 684 acl

140 715 479 810 quibusdebemus,
513 727 553 784 ut
578 711 1140 808 nihilhoctemporcsintChri-
1192 736 1306 796 mare,
1333 705 1600 794 methodieice,
1626 711 1794 803 sequaris.
1845 709 1935 781 Nam
1960 713 2184 788 cumintra-

140 817 279 887 stianae
301 816 445 900 literae,
470 815 540 886 nisi
565 817 727 887 maliciae
744 823 915 911 quaedam
938 819 1073 888 fallacis
1088 817 1143 885 lo-
1191 815 1316 884 ctauda
1342 807 1499 880 hominis
1522 827 1667 896 natura,
1701 811 1889 905 tyrannide
1913 817 2062 905 peccati,
2097 817 2184 905 legis

144 919 290 1010 quelae,
315 931 354 988 ut
371 918 431 986 ille
446 919 540 1008 apud
556 914 764 988 Ciceronem
782 919 843 989 ait.
895 916 1015 1004 Adeo,
1044 921 1139 1012 quod
1190 937 1317 1003 regno,
1350 915 1530 983 absolutae
1552 914 1694 984 virtutis
1714 913 1869 1003 origine,
1895 942 1935 986 ac
1957 920 2183 1008 propagatio-

143 1017 330 1088 doctrinae
352 1039 463 1107 genus
485 1018 659 1089 divinitus
680 1022 724 1090 ad
743 1023 987 1111 corrigendas,
1013 1021 1141 1089 confir·
1190 1040 1253 1100 ne,
1278 1017 1524 1098 sacramentis,
1557 1017 1725 1084 consistat
1748 1041 1865 1084 rerum
1882 1015 2180 1108 'l'heologicarum

142 1123 310 1203 mandas,
336 1119 640 1214 consulendosque
660 1116 847 1192 hominnm
866 1135 1001 1194 mentes
1020 1122 1142 1212 prodi·
1188 1141 1345 1200 summa,
1369 1118 1497 1186 unicus
1514 1113 1646 1188 Paulus
1671 1113 1734 1186 hus
1749 1118 1844 1187 locos
1865 1121 1977 1208 palam
1997 1125 2044 1190 ob
2059 1124 2180 1194 oculos

141 1235 222 1292 tum
247 1236 315 1304 est,
341 1220 510 1308 frivolae,
542 1219 1140 1314 addoctiamintloctaeSophista-
1189 1219 1392 1288 mortalium
1427 1219 1555 1310 posuit·
1615 1219 1796 1303 Bffvilffl's
1829 1222 2082 1312 ΐθάθῐῐψῑῑῡηῑθ
2112 1249 2180 1294 ¹1⁰-

141 1347 225 1394 rum
249 1317 313 1393 καὶ
333 1319 487 1416 βέβηλοι
506 1319 733 1418 κινοφωνίαι
754 1349 878 1416 magua
904 1351 945 1396 ex
966 1339 1141 1418 parteex-
1187 1335 1279 1390 strae
1295 1320 1462 1410 gratiam,
1486 1323 1644 1412 adeoque
1663 1315 1845 1392 Christum
1863 1321 1977 1412 ipsum
1995 1324 2179 1414 ignorare—

140 1425 291 1496 tinxere.
348 1423 412 1494 Vel
425 1425 603 1496 contemni
616 1439 770 1518 poterat,
792 1429 822 1498 si
838 1427 923 1521 quid
938 1427 1137 1518 vulgarium
1187 1445 1285 1508 mus,
1318 1423 1348 1490 si
1378 1421 1527 1492 Paulum
1558 1423 1636 1490 orbi
1662 1435 1835 1492 terrarum
1858 1419 1956 1496 Deus
1986 1425 2180 1499 invidisset.

140 1526 275 1597 artium
299 1525 509 1610 interiisset,
539 1551 663 1596 verum
685 1551 761 1598 eam
786 1529 1009 1620 disciplinam
1027 1530 1139 1599 inter·
1186 1521 1309 1617 Neque
1332 1523 1426 1593 enim
1450 1519 1631 1594 Christum
1654 1525 1813 1610 novisse,
1844 1539 1896 1596 est
1917 1521 2100 1598 historiam
2122 1553 2178 1598 re-

141 1627 281 1711 cidere,
320 1651 411 1720 quae
442 1649 513 1697 uua
542 1641 594 1698 est
629 1630 905 1719 periclitantium
935 1631 1137 1700 animorum
1187 1647 1266 1694 rum
1290 1625 1336 1698 ab
1358 1623 1435 1715 ipso
1456 1637 1631 1714 gestanrm
1655 1638 1795 1712 tenere,
1829 1629 1890 1695 sed
1913 1651 2100 1718 agnoscere
2121 1632 2179 1700 in-

142 1729 270 1798 doctus
286 1743 321 1800 et
338 1729 497 1822 asylum,
529 1729 689 1800 adllictae
710 1732 943 1803 ctrnscientiae
958 1733 1138 1818 solatium,
1186 1726 1302 1816 geutia
1328 1727 1516 1808 beneficia,
1549 1750 1639 1820 quae
1656 1749 1718 1816 per
1734 1728 1849 1820 ipsum
1866 1727 1904 1797 in
1923 1732 2044 1799 orbem
2064 1746 2177 1803 terra-

142 1831 225 1924 quis
239 1853 314 1898 non
331 1831 517 1920 deploret?
558 1827 605 1900 Et
623 1827 678 1900 his
693 1833 805 1902 literis
820 1835 1138 1927 antiquatis,‚qui-
1185 1853 1265 1898 rum
1283 1823 1371 1920 Opt.
1388 1827 1484 1898 Max.
1502 1825 1597 1898 Deus
1613 1829 1756 1914 effudit,
1776 1827 1949 1922 Spiritum
1964 1833 2115 1924 scilicet,
2143 1849 2177 1906 ιι

140 1933 212 2002 bus
236 1932 322 2000 solis
346 1932 482 2001 muniri
506 1927 728 2004 Christianae
752 1957 808 2003 res
824 1937 1004 2022 solebant,
1029 1959 1135 2030 quam
1185 1929 1367 2002 absolutae
1389 1930 1530 2000 virtutis
1550 1943 1732 2016 autorem,
1757 1943 1792 2000 et
1808 1934 2017 2004 arrabonem
2034 1937 2176 2026 gratiae,

141 2033 372 2128 tyrannidem
409 2033 449 2101 iu
483 2057 606 2104 omues
631 2030 819 2106 hominurn
854 2037 998 2108 ordines
1027 2037 1136 2108 Satan
1185 2055 1291 2125 quem
1315 2026 1464 2102 antehac
1491 2033 1668 2102 nesciebat
1689 2033 1897 2109 mortalitas.
1955 2034 2099 2106 Frustra
2118 2041 2175 2108 di-

142 2147 302 2205 exerceat
327 2133 506 2215 saeviens,
538 2136 643 2206 etiam
672 2137 789 2206 dicere
817 2131 957 2212 horreo.
1008 2136 1135 2226 Quon-
1185 2133 1280 2202 vinis
1309 2134 1447 2224 legibus
1475 2134 1635 2204 animum
1663 2135 1866 2220 devoveris,
1899 2137 1967 2206 nisi
1993 2133 2175 2210 Christum

142 2237 225 2306 dam
242 2239 439 2328 prudenter
453 2237 492 2305 in
507 2237 796 2308 administrandis
812 2240 1015 2310 civitatibus
1036 2263 1137 2310 cave-
1186 2257 1279 2320 esse,
1303 2233 1415 2306 Paulo
1440 2236 1626 2325 magistro,
1658 2237 1746 2306 scias
1765 2259 1869 2322 eum,
1900 2263 1920 2308 a
1943 2263 2014 2334 quo
2031 2241 2176 2331 spiritus
2198 2265 2204 2277 ·

141 2339 268 2423 batur,
296 2361 342 2406 ne
364 2338 527 2429 publicae
549 2339 640 2429 leges
664 2341 930 2428 ignorarentur,
960 2341 1030 2410 nisi
1056 2343 1136 2434 quis
1185 2337 1358 2428 petendus
1372 2337 1418 2408 sit
1432 2359 1554 2408 amans
1567 2361 1689 2408 eorum
1707 2361 1797 2432 quae
1812 2339 1888 2429 lege
1904 2339 2091 2412 iubentur}
2111 2345 2175 2412 de-

140 2461 270 2524 aeueas
292 2441 411 2508 decem
432 2439 592 2510 virorum
613 2443 713 2511 urbis
734 2439 872 2513 Ilornae
895 2444 1049 2526 tabulas,
1075 2456 1135 2514 aut
1186 2440 1271 2507 inde
1292 2452 1326 2510 et
1349 2440 1430 2532 qui,
1461 2439 1491 2508 si
1509 2439 1593 2531 quid
1618 2452 1757 2530 praeter
1771 2439 1901 2530 legem,
1927 2455 1966 2512 ut
1984 2443 2175 2514 imbecilli-

138 2541 279 2628 ligneas
302 2535 574 2610 Atheniensium
597 2541 732 2624 ἄξονας
755 2546 876 2617 nescit.
934 2541 982 2614 Et
996 2545 1136 2635 sapien·
1185 2555 1238 2610 tas
1258 2535 1432 2625 humana,
1462 2542 1672 2634 deliqueris,
1704 2541 1871 2630 ignoscat.
1929 2541 2073 2614 Frustra
2090 2547 2174 2615 item

140 2643 301 2713 tissimus
317 2639 395 2714 tter
412 2639 553 2728 Minos,
585 2642 698 2728 lovis,
725 2647 924 2732 utienurt,
949 2639 1133 2742 ὀαριστύς,
1184 2639 1435 2732 Evangelicam
1462 2637 1647 2712 historiam
1679 2644 1863 2727 didiceris,
1901 2645 1971 2713 nisi
2007 2641 2174 2718 historiae

139 2745 337 2838 quotannis
350 2743 442 2830 leges
457 2767 537 2814 suas
553 2746 625 2813 aeri
641 2746 833 2839 insculptas
848 2761 902 2817 ter
916 2748 1135 2818 circumferri
1184 2766 1309 2835 scopos
1339 2757 1375 2814 et
1403 2767 1527 2828 usum,
1560 2743 1622 2814 illo
1655 2757 1890 2830 monstrante,
1921 2747 2173 2824 observaveris.

140 2869 363 2942 peromnem
380 2841 521 2915 Cretam
539 2845 670 2932 voluit,
696 2873 741 2918 ne
763 2873 836 2918 non
852 2863 1014 2920 essentet
1027 2851 1133 2939 vulgo
1186 2845 1258 2918 Ubi
1282 2847 1326 2914 de
1347 2846 1434 2936 legis
1454 2845 1701 2934 abrogatione,
1733 2849 1778 2916 de
1799 2861 1960 2938 peccato,
1993 2851 2037 2918 de
2059 2875 2173 2937 carne,

141 2947 362 3017 notissimae.
422 2945 521 3035 Quid
550 2973 763 3036 memorem,
805 2965 976 3046 quantum
1008 2975 1135 3043 operae
1185 2947 1230 3018 de
1254 2947 1402 3038 spiritu,
1435 2949 1478 3016 de
1504 2947 1587 3016 liliis
1608 2947 1828 3038 adoptionis,
1862 2951 1906 3017 de
1923 2951 2102 3039 libertate,
2129 2955 2173 3022 de

138 3043 353 3139 Philosophi
377 3049 550 3136 dogmatis
582 3073 665 3120 suae
690 3054 838 3146 quisque
865 3053 1028 3123 iectionis
1058 3055 1134 3120 edi·
1184 3049 1353 3121 servitute
1374 3049 1533 3130 disserit,
1566 3049 1876 3142 quidaliud-agit,
1901 3069 2083 3144 quamsit,
2109 3079 2173 3124 ceu

138 3151 281 3221 scandis
296 3151 528 3240 impendant?
577 3149 714 3224 Pudeat
732 3149 974 3236 Christianos,
1003 3156 1133 3248 quibus
1183 3145 1353 3222 methodo
1370 3152 1541 3244 quadam,
1565 3152 1751 3220 universae
1763 3154 1955 3244 scripturae
1971 3154 2090 3222 lumen
2107 3158 2173 3224 ad-

139 3251 229 3323 solis
254 3264 289 3321 et
308 3249 376 3322 Dei
398 3265 432 3322 et
454 3250 591 3339 Patris,
626 3267 660 3324 et
678 3254 947 3326 Servatorissui
966 3257 1133 3328 salutaria
1153 3201 1158 3376 ξ
1182 3251 1296 3327 ferat?
1333 3248 1474 3322 Omitto
1490 3276 1579 3345 quae
1596 3255 1778 3347 mysteria,
1802 3279 1908 3348 quam
1923 3256 2087 3324 sublimia
2107 3261 2173 3328 do-

137 3353 271 3447 placita
292 3354 366 3422 lere
386 3352 607 3442 ignorantur.
665 3353 714 3427 Et
736 3357 798 3451 qui
825 3371 876 3428 tot
895 3357 1004 3448 Regis
1018 3359 1133 3430 nostri
1184 3367 1278 3440 ceat,
1302 3355 1365 3424 ubi
1379 3358 1534 3444 coeperis
1548 3355 1584 3423 iu
1602 3379 1680 3424 eum
1697 3353 1863 3426 attentius
1879 3357 2000 3426 oculos
2013 3359 2172 3448 deligere.

137 3455 346 3550 insignibus
358 3455 463 3524 nobis
477 3457 670 3548 placemus,
692 3459 832 3548 lavacro
841 3456 1131 3558 παλιγγενεσίας,
1153 3419 1157 3566 i
1183 3458 1277 3532 Satis
1291 3457 1450 3547 amplum
1471 3457 1565 3526 enim
1582 3457 1734 3528 inactum
1751 3459 1891 3542 leceris,
1915 3460 1943 3526 si
1963 3459 2018 3528 vel
2039 3483 2058 3529 a
2075 3461 2172 3529 limi-

137 3559 229 3628 item
260 3579 359 3626 sacro
391 3579 501 3648 pane,
536 3558 629 3628 illud
657 3560 772 3651 ipsum
802 3563 1031 3651 negligimus,
1070 3585 1133 3654 per
1182 3584 1230 3630 ne
1255 3558 1473 3630 salutaveris.
1529 3556 1620 3627 Nam
1649 3560 1745 3650 quod
1784 3561 1827 3627 ad
1856 3559 2115 3630 confirmandas
2137 3576 2172 3633 et

137 3661 239 3752 qnod
280 3681 392 3727 tanum
428 3657 589 3750 proxime
620 3663 663 3730 ad
699 3661 816 3752 ipsum
848 3664 966 3732 accedi
1006 3677 1132 3755 potest.
1183 3661 1417 3752 consolandas
1450 3658 1681 3730 conscientias
1720 3659 1862 3742 attinet,
1908 3685 2012 3730 nemo
2048 3661 2171 3750 Paulo,

136 3760 327 3854 Siquidem
342 3759 463 3828 sermo'
474 3761 616 3836 maximi
633 3761 749 3832 Patris
763 3761 925 3834 Christus
941 3777 1002 3836 est.
1049 3763 1131 3834 Non
1182 3787 1259 3833 mea
1281 3762 1425 3855 quidem
1448 3761 1640 3846 sententia,
1671 3763 1923 3854 praeferendus
1945 3777 2007 3834 est.
2063 3762 2172 3834 Sum-

138 3863 209 3932 alia
233 3862 371 3930 ratione
390 3856 572 3931 Christum
603 3865 731 3934 certius
762 3867 994 3956 expresserint
1021 3867 1131 3936 animi
1182 3889 1239 3934 ma
1259 3887 1343 3934 cura
1367 3876 1459 3948 esto,
1483 3877 1524 3934 ut
1547 3863 1585 3930 in
1602 3857 1669 3932 hoc
1690 3864 1821 3947 discas,
1847 3889 1917 3957 quo
1931 3857 2061 3934 habeas
2078 3865 2171 3936 vitae

137 3965 276 4044 nostri,
308 3987 413 4056 quam
444 3985 561 4033 sacrae
593 3967 775 4036 doctrinae
810 3969 947 4050 studio,
988 3969 1027 4036 in
1061 3993 1130 4061 qua
1181 3967 1332 4036 sormam
1347 3989 1387 4034 ac
1406 3965 1575 4052 regulam.
1602 3963 1771 4034 Etenim
1786 3965 1816 4033 si
1834 3967 2050 4056 disceptandi
2076 3983 2109 4038 et
2123 3953 2171 4037 li-

137 4067 240 4137 illius
266 4065 363 4134 velut
395 4066 434 4133 in
463 4066 607 4156 speculo
638 4069 771 4138 relucet
797 4069 922 4158 imago.
977 4066 1130 4138 Carnem
1182 4067 1316 4158 tigandi
1333 4067 1443 4156 gratia
1462 4066 1647 4149 didiceris,
1671 4067 1752 4134 vide
1773 4091 1878 4159 quam
1893 4068 2001 4136 facias
2016 4081 2169 4139 atrocem

136 4181 305 4240 aeternus
326 4163 393 4235 Dei
417 4189 530 4236 ιιιιιιο
553 4167 690 4252 induit,
718 4183 813 4240 utet
838 4171 1132 4260 nossiguilicaret
1182 4168 1401 4239 sanctissimo
1430 4167 1507 4237 viro
1538 4167 1727 4252 iniuriam,
1760 4168 1823 4260 qui
1858 4170 1952 4260 pacis
1981 4171 2171 4257 adsertore,

135 4269 254 4340 divini
269 4268 441 4337 sermonis
455 4269 664 4340 commercio
675 4266 949 4343 ἅποθεοῦσθαι.
981 4271 1018 4340 ld
1034 4274 1130 4364 quod
1181 4293 1354 4363 praecone
1368 4265 1521 4352 Christi,
1545 4269 1606 4362 qui
1624 4269 1719 4338 solus
1732 4293 1813 4338 vera
1830 4295 1895 4361 pax
1913 4284 1983 4352 est,
2007 4286 2080 4344 tam
2095 4273 2171 4344 soe-

138 4371 280 4462 elegans
295 4369 459 4462 quidam,
484 4384 519 4440 et
533 4371 614 4462 pius
626 4375 801 4443 nascentis
815 4369 992 4443 Ecclesiae
1008 4369 1132 4444 Theo·
1181 4376 1227 4442 de
1255 4372 1420 4442 abuteris.
1475 4368 1566 4440 Nam
1590 4371 1686 4464 quod
1712 4371 1854 4464 quidem
1877 4367 2091 4464 Theologica
2125 4377 2170 4445 ad

138 4474 243 4563 logns
276 4485 441 4557 testatur,
472 4473 657 4565 inquiens,
687 4497 753 4543 nos
782 4499 943 4544 sermone
973 4477 1132 4546 veritatis
1181 4497 1340 4554 scenam,
1363 4474 1409 4542 ad
1425 4473 1521 4560 vulgi
1544 4472 1704 4562 plausum
1728 4487 1955 4564 comparant,
1980 4477 2171 4566 deploran-

139 4576 279 4667 genitos
303 4595 397 4657 esse,
428 4587 469 4642 ut
500 4597 652 4645 essemus
675 4577 854 4670 primitiae
881 4589 1132 4647 creaturarum.
1181 4579 1267 4646 dum
1300 4575 1412 4663 magis
1440 4599 1545 4668 quam
1575 4574 1819 4643 insectandum
1850 4587 1911 4648 est.
1977 4573 2050 4645 lam
2073 4591 2170 4647 etex

137 4675 247 4767 Quod
274 4675 305 4744 si
326 4669 608 4745 Christianarum
631 4679 804 4748 mentium
828 4680 927 4748 aleus
943 4691 996 4747 cst
1010 4675 1132 4748 Evan-
1181 4677 1294 4748 Paulo
1318 4699 1526 4765 cognoscere
1551 4675 1691 4759 licebit,
1723 4675 1783 4768 qui
1810 4677 1944 4746 inactus
1963 4677 2068 4768 longe
2088 4679 2171 4772 pul-

138 4781 248 4872 gelica
267 4777 446 4856 doctrina,
479 4801 568 4870 quae
591 4780 753 4862 vesania,
779 4805 870 4873 quae
888 4781 1049 4872 impietas
1070 4794 1133 4866 est,
1181 4777 1378 4850 cherrimus
1400 4791 1470 4863 est,
1503 4777 1597 4847 inter
1623 4771 1861 4847 Christianam
1887 4780 2104 4866 doctrinam,
2137 4794 2172 4852 et

136 4875 329 4952 huminum
362 4879 527 4968 figmenta
552 4881 753 4970 praeferre?
810 4879 857 4952 Et
880 4883 920 4951 in
947 4883 1054 4952 sacris
1076 4884 1134 4952 vel
1181 4874 1450 4970 Philosophiam
1470 4878 1614 4971 proprie
1637 4879 1724 4973 quid
1748 4880 1906 4952 intersit:
1940 4882 2171 4974 quodutap-

137 4983 293 5054 maxime
321 4981 509 5050 necessarii
540 4985 690 5052 suntad
714 4985 940 5053 formandum
964 4986 1135 5066 animum,
1181 4984 1296 5075 prime
1323 4982 1557 5052 necessarium
1588 4993 1640 5051 est
1667 5003 1894 5070 cognoscere,
1935 4997 2110 5077 quotquot
2132 4984 2171 5052 in

137 5083 243 5156 Pauli
258 5083 517 5154 commentarii.
559 5080 648 5152 Nam
665 5109 744 5154 cum
762 5087 829 5154 alia
846 5087 1028 5156 volumina
1046 5088 1138 5177 leges
1181 5078 1439 5178 philosophicis
1462 5084 1589 5152 studiis
1605 5097 1811 5166 versantur,
1836 5085 1884 5152 ita
1901 5085 2096 5174 neglectum
2116 5088 2172 5154 vi·
2270 5123 2272 5128 ·

137 5186 404 5284 praescribant,
439 5184 507 5252 alia
523 5207 642 5255 rerum
659 5201 833 5275 gestarum
853 5183 1037 5256 historiam
1056 5213 1140 5257 uar-
1183 5191 1294 5257 deoa
1325 5179 1490 5255 scholicis
1507 5182 1725 5254 Ductoribus
1755 5185 1793 5252 in
1816 5184 2037 5257 ttuiversum:
2067 5189 2173 5282 quie

138 5305 237 5372 rent,
278 5285 412 5356 Paulus
436 5299 557 5368 noster
580 5281 779 5358 methodica
804 5291 956 5384 quadarn
980 5291 1142 5380 disputa·
1184 5285 1381 5378 Theologia
1415 5285 1520 5356 nobis
1547 5309 1621 5356 nou
1650 5286 1748 5355 aliud
1779 5287 1907 5372 iecere,
1930 5313 2047 5378 quam
2074 5293 2174 5360 illam

134 5395 147 5463 i
166 5415 237 5463 one
252 5411 318 5458 eos
340 5389 437 5458 locos
452 5389 694 5483 persequitur,
717 5392 805 5462 citra
822 5415 912 5487 quos
927 5415 1000 5462 non
1019 5395 1164 5476 admo-l
1184 5389 1357 5462 Graeciae
1374 5383 1620 5460 hircissautem
1642 5411 1769 5474 anum,
1793 5383 2074 5482 Philosophiam.
2121 5390 2176 5464 De

1606 5489 1658 5561 8*
