4718 5828
105 267 155 343 rs
366 285 370 292 ·
615 263 777 342 nucu.
810 263 886 341 nn
917 259 1193 350 anconem
1223 258 1663 356 nrooornrran.
1717 197 1720 204 ’
2109 275 2160 349 so

101 439 193 514 Deo.
254 436 306 512 Et
327 437 490 534 quamvis
511 463 615 510 verae
639 433 858 530 Theologiae
875 441 1050 512 Doctores
1070 451 1105 508 et
1156 438 1242 508 dum
1260 452 1485 528 praeceptum
1501 410 1668 528 Ilecalogi
1683 433 1751 512 hoc
1765 443 1933 532 postulat,
1961 459 2001 516 ut
2020 471 2152 521 nomen

101 541 290 634 discipuli,
315 543 388 612 sive
414 537 655 625 Patriarchas,
688 543 762 611 sive
782 541 871 612 alios
886 557 1027 613 sanctos
1046 565 1103 610 re·-
1155 535 1223 608 Dei
1246 540 1292 608 ab
1313 540 1414 608 omni
1440 553 1597 610 creatura
1627 543 1771 610 maximi
1803 547 1997 636 pendatur,
2031 565 2067 622 et
2088 555 2151 622 ad.

101 645 312 736 spiciamus,
338 640 522 713 Habelicis
547 657 716 736 perpetuo
735 643 884 724 subiecti
906 658 989 715 sunt
1008 642 1104 734 peri·
1155 655 1294 712 oretur:
1321 635 1385 710 has
1402 664 1486 710 vero
1502 637 1703 732 prophanas
1718 669 1835 732 voces,
1856 660 2025 742 tanquam
2043 677 2150 724 vene-

98 746 193 817 culis
222 745 282 839 (ut
311 744 461 816 Satanae
487 745 611 815 odium
635 769 820 840 nunquam
852 746 978 837 cessat)
1004 745 1104 814 duris
1154 758 1235 814 nata
1261 743 1393 832 spicula
1410 742 1563 814 Satanae
1586 746 1741 833 fugiant,
1768 749 1898 839 quibus
1922 743 2148 843 'l'heologiae,
2241 778 2244 786 ’

99 847 375 928 certaminibus,
397 859 432 915 et
448 847 556 916 variis
571 849 744 938 agonibus
763 849 1006 920 conflictantes
1021 871 1101 916 cum
1154 843 1216 916 aut
1238 841 1504 936 Theologorum
1527 869 1660 916 nomen
1684 847 1812 918 ironiis
1835 851 1970 922 acerbis
1994 858 2148 948 exagita-

100 949 249 1020 diabolo
284 959 319 1020 et
349 949 507 1033 mundo,
541 949 768 1042 et'quamvis
798 950 901 1043 impii
929 962 1100 1042 perpetuo
1148 959 1232 1026 tur,
1259 969 1348 1040 quae
1372 947 1510 1018 animos
1529 961 1668 1017 teneros
1690 949 1858 1036 efferare,
1883 965 1918 1023 et
1940 969 2145 1050 contemptu

101 1063 249 1122 teneant
264 1049 410 1120 titulum
425 1046 536 1135 Cain,
562 1043 630 1120 hoc
648 1064 716 1136 est,
741 1039 970 1150 possessoris,
1003 1052 1100 1144 quod
1152 1048 1335 1138 religionis
1351 1049 1389 1118 in
1404 1073 1545 1119 omnem
1562 1050 1735 1144 reliquam
1751 1065 1898 1123 aetatem
1916 1055 2086 1144 imbuere,
2111 1075 2146 1133 et

98 1176 209 1242 regna
244 1151 466 1242 possideant,
499 1165 672 1245 quaerant
703 1177 805 1241 opes,
839 1155 1006 1224 fruantur
1037 1178 1100 1222 vo·-
1152 1175 1290 1222 veneno
1312 1151 1466 1221 satanico
1493 1151 1671 1236 incautos,
1713 1166 1752 1222 ut
1776 1177 1850 1224 non
1873 1155 1976 1226 facile
2005 1160 2145 1232 eluatur

98 1254 319 1346 luptatibus,
340 1247 497 1323 habeant
511 1254 690 1343 ingentem
707 1253 875 1344 gloriam,
903 1254 1097 1349 etquidem
1133 1267 1283 1344 postea,
1305 1251 1446 1322 inficere
1461 1252 1587 1322 solent.
1620 1252 1714 1324 Satis
1732 1256 1825 1324 enim
1843 1259 1980 1347 negocii
1998 1253 2142 1346 habent,

97 1367 287 1448 praetextu
321 1354 481 1425 iustitiae
517 1354 776 1448 persequantur
805 1353 1020 1440 Ecclesiam,
1058 1371 1097 1425 ut
1150 1355 1304 1448 satisque
1319 1355 1519 1426 certaminis
1536 1350 1575 1423 hi
1594 1355 1656 1449 qui
1672 1357 1835 1448 suspiriis
1851 1373 1884 1427 et
1906 1362 2067 1433 oratione
2087 1365 2143 1434 in-

98 1456 191 1529 Cain
220 1457 260 1525 iu
285 1457 431 1526 fratrem
453 1453 570 1526 Habel
600 1457 793 1528 saeviebat:
830 1472 947 1528 tamen
975 1483 1098 1528 omnes
1151 1457 1328 1526 desinenti
1352 1460 1592 1541 contendunt,
1615 1469 1655 1528 ut
1674 1458 1713 1526 in
1730 1482 1849 1530 amore
1865 1461 2049 1552 religionis
2065 1489 2171 1549 ma..

93 1553 244 1629 honesti
272 1571 306 1629 et
335 1557 387 1650 pii
416 1552 597 1644 homines,
629 1560 816 1651 praecipue
847 1561 1096 1642 adolescentes,
1150 1573 1275 1644 neant,
1308 1572 1448 1629 tantum
1474 1560 1590 1644 abest,
1616 1571 1657 1628 ut
1684 1561 1834 1632 nonsit
1861 1565 2077 1654 periculum,
2110 1569 2140 1638 si

97 1662 345 1752 cuiuscunque
357 1659 430 1730 sint
442 1660 599 1744 ordinis,
626 1662 864 1755 quodcunque
879 1665 1021 1732 tandem
1039 1663 1095 1730 in·
1150 1661 1228 1754 quis
1253 1685 1351 1730 more
1372 1657 1508 1754 Cynico
1535 1661 1574 1728 in
1598 1659 1707 1730 risum
1740 1661 1928 1758 iocumque
1949 1681 2062 1738 vertat
2084 1693 2140 1740 res

98 1763 311 1853 gradiantur
331 1761 530 1832 studiorum
554 1763 640 1846 iter,
666 1761 739 1832 sive
758 1765 933 1834 bonarum
956 1765 1098 1849 artium,
1149 1776 1283 1848 tantas,
1309 1763 1347 1830 in
1368 1787 1519 1856 quarum
1544 1763 1650 1850 digna
1666 1763 1901 1834 admiratione
1921 1765 1980 1836 vix
2001 1773 2140 1863 magnis

83 1866 172 1958 sive
197 1863 288 1932 iuris
312 1863 540 1956 prudentiae,
569 1858 666 1932 hunc
687 1859 860 1934 honorem
887 1867 1017 1936 dehent
1032 1859 1094 1934 ha·
1149 1865 1403 1935 certaminibus
1425 1889 1462 1933 se
1486 1863 1656 1949 retinent,
1688 1866 1760 1934 imo
1784 1889 1804 1936 a
1825 1865 1899 1938 Deo
1927 1871 2138 1956 retinentur,

97 1965 297 2059 bereDeo,
328 1979 370 2036 ut
394 1964 501 2034 sacris
524 1965 637 2034 literis
664 1979 699 2035 et
725 1963 1095 2056 Theologiaestudio·
1149 1967 1212 2060 qui
1230 1991 1310 2037 vere
1325 1979 1409 2038 sunt
1424 1966 1555 2049 sancti,
1579 1988 1730 2059 vereque
1746 1968 1809 2058 pii.
1860 1969 1987 2044 Ilissi·
2087 2045 2089 2050 ⁸

98 2069 144 2137 sis
162 2065 260 2160 (sine
273 2089 345 2160 qua
360 2067 403 2135 ad
420 2067 545 2147 linem,
571 2066 611 2134 in
628 2092 733 2160 quem
757 2082 894 2138 creatus
912 2063 1095 2154 esthemo,

99 2168 282 2258 perveniri
295 2192 369 2236 non
387 2163 518 2262 potest)
536 2163 710 2238 honorem
736 2191 912 2240 summum
930 2165 1094 2244 habeant.

97 2268 143 2341 Et
158 2295 245 2354 nos,
269 2269 399 2363 quibus
413 2274 604 2338 mandatur
617 2271 797 2361 provincia
809 2274 960 2343 docendi
973 2269 1095 2370 Evan-
1524 2347 1529 2356 ,

97 2373 200 2464 getii,
228 2371 370 2441 tametsi
393 2371 608 2456 vocationis,
641 2385 676 2442 et
700 2374 751 2442 rei
774 2387 892 2444 tantae
915 2377 1094 2464 magnitu-
1170 2373 1238 2446 No.
1265 2373 1301 2446 6.
1599 2435 1628 2472 Ι,
1963 2407 2013 2452 an.
2029 2385 2122 2451 1523.

97 2478 143 2544 do
160 2471 291 2542 merito
315 2497 381 2542 nos
395 2473 566 2544 sollicitos
582 2472 736 2556 detinet,
763 2489 805 2546 ut
826 2477 864 2544 in
881 2477 1008 2546 timore
1025 2474 1093 2545 Dei
1152 2467 1324 2552 ψ
1801 2535 1803 2540 .
1955 2472 2127 2504 “’Λ”

99 2599 153 2644 res
168 2589 286 2645 tantas
310 2575 616 2659 administremus,
647 2589 765 2646 tamen
784 2578 913 2666 gratias
930 2581 1092 2667 excorde
1336 2590 1610 2678 Emomfum
1637 2595 1934 2704 eloquentiae·

98 2675 196 2746 Patri
214 2675 358 2746 coelesti
381 2699 484 2765 agere
500 2678 687 2758 debemus,
714 2678 810 2770 quod
830 2681 961 2750 relictis
976 2681 1013 2748 in
1030 2703 1092 2750 sua

97 2780 266 2848 caecitate
284 2790 339 2847 tot
353 2773 554 2869 Epicureis,
581 2791 633 2849 tot
647 2781 780 2849 acerbis
795 2775 957 2852 hostibus
971 2779 1093 2850 Evan-
1148 2823 1151 2828 ·
1213 2767 1496 2893 s‘gffi'feffiffiljlle
1513 2778 1543 2891 ¹¹¹¹
1557 2769 1661 2824 dierum
1677 2779 1716 2824 ⁰¹¹
1729 2771 1756 2824 ⁵¹¹
1770 2769 1839 2851 epp.
1855 2770 1918 2892 ἔοι·
1932 2771 1954 2834 -¹·
1967 2791 2001 2894 g·
2015 2775 2067 2830 ⁶⁴4
2080 2797 2132 2850 ἰη

1460 2850 1528 2906 prato
1541 2858 1583 2890 am
1598 2849 1852 2906 nuncupatoriam
1885 2839 1953 2898 Srm.
1995 2862 2133 2914 rynaeum.

100 2881 181 2970 gelii
213 2893 250 2949 et
271 2879 475 2969 religionis,
510 2893 563 2950 tot
586 2875 799 2974 hypocritis,
829 2897 877 2979 et
895 2879 1092 2953 Pharisaeis
1247 2909 1351 2962 naeu„
1365 2909 1436 2978 apud
1452 2907 1606 2979 crsantyt.
1621 2926 1646 2977 ρ.
1660 2909 1725 2966 toa..
1746 2907 1774 2959 in
1786 2909 1936 2962 Declamas.
1951 2909 2013 2970 ΤΛ.
2027 2916 2133 2987 pror,

98 2981 281 3073 superbis,
312 2993 365 3050 tot
392 2982 667 3052 admiratoribus
691 2985 878 3056 obstinatis
907 2980 1013 3054 huius
1037 3009 1092 3055 se·
1245 2979 1273 3032 ⁵⁰
1288 2975 1406 3034 serven.
1420 2977 1441 3032 ¹·
1458 2995 1485 3048 Ρ·
1498 2974 1576 3045 ⁵⁵4·
1595 2975 1667 3049 apud
1683 2975 1811 3095 sichard.
1825 2977 1846 3034 ¹·
1862 2995 1889 3048 P·
1905 2977 1967 3032 2⁶²·

98 3084 190 3168 culi,
218 3083 325 3154 nobis
348 3083 499 3152 infirmis
520 3098 553 3154 et
576 3085 732 3174 indignis
757 3083 940 3176 Evangelii
964 3087 1092 3173 lucem,
1142 3141 1394 3211 Necessarias
1416 3133 1687 3207 modom
1709 3135 2052 3235 ,mdiorumglem
2068 3166 2133 3216 m.-
2251 3151 2256 3162 ·

97 3201 131 3256 et
143 3187 292 3304 aliquas·
305 3199 423 3304 tamen
438 3185 610 3256 scintillas
633 3187 778 3278 spiritus
792 3183 926 3258 Christi
943 3189 1091 3274 dederit,
1142 3251 1202 3315 m
1218 3237 1371 3315 dicemu-
1409 3236 1506 3310 phil,
1524 3239 1613 3310 Mel,
1630 3241 1886 3314 Declamatio.
1923 3245 2030 3328 (Sim
2055 3251 2132 3318 Etr·

97 3282 161 3356 has
184 3301 381 3379 prrmrtras,
410 3282 506 3358 bunc
530 3289 740 3358 arrabonem
755 3291 958 3362 coelestium
976 3293 1092 3360 bono·
1371 3287 1383 3328 '
1409 3343 1571 3413 campum
1594 3341 1862 3436 eloquentiae.)
2021 3296 2029 3312 ⁸

97 3414 177 3458 rum
195 3403 231 3458 et
247 3402 409 3458 aeternae
424 3387 535 3473 vitae,
562 3391 729 3459 omnibus
751 3393 898 3482 opibus,
924 3393 1091 3463 omnibus

99 3491 228 3560 mundi
251 3492 371 3580 regnis
402 3491 516 3582 pluris
540 3491 777 3566 aestimemus.
836 3492 1000 3564 Habeant
1022 3495 1090 3564 sibi
1144 3479 1459 3583 Quemadmodum
1478 3486 1634 3560 Hesiodo
1659 3489 1774 3574 dolet,
1799 3490 1934 3560 nescire
1954 3498 2131 3588 mortales,
2263 3571 2266 3578 ,

98 3616 197 3662 suam
234 3593 448 3683 praeclaram
483 3593 757 3680 beatitudinem,
794 3608 828 3664 et
856 3596 917 3664 illa
951 3596 1091 3686 gaudia,
1143 3606 1314 3688 quantum
1339 3604 1374 3660 et
1393 3588 1515 3658 Malva
1540 3603 1574 3660 et
1597 3585 1777 3659 Albucum
1796 3592 1933 3662 adferre
1953 3603 2131 3670 commodi
2175 3646 2177 3651 ι

99 3693 160 3788 qni
175 3695 256 3764 sine
271 3691 369 3778 Deo,
394 3693 471 3762 sine
491 3695 680 3784 religione,
707 3697 901 3767 carnalium
916 3698 1088 3790 cupidita·
1141 3698 1248 3766 rebus
1270 3689 1435 3762 humanis
1460 3704 1609 3784 queant,
1636 3691 1775 3783 tametsi
1797 3694 1884 3763 viles
1909 3689 2056 3784 herbae,
2082 3701 2132 3772 ita

99 3812 173 3867 turn
197 3795 298 3865 rabie
318 3795 474 3880 incitati,
505 3792 673 3868 anhelant
695 3798 761 3888 toti
784 3802 828 3868 ad
850 3802 1034 3869 commoda
1057 3813 1090 3870 ct
1141 3823 1207 3868 nos
1224 3819 1365 3890 quoque
1387 3818 1462 3862 non
1477 3818 1573 3864 nunc
1594 3795 1748 3884 primum
1767 3795 1951 3888 querimur
1967 3797 2131 3888 ignorare
2174 3799 2185 3838 ³

99 3899 299 3990 voluptates
315 3891 422 3967 huius
436 3899 580 3983 mundi,
606 3913 642 3968 et
657 3923 740 3990 prae
754 3901 826 3970 illis
842 3915 951 3971 totam
970 3897 1089 3972 Theo·
1141 3901 1399 3981 adulescentes,
1424 3908 1595 3990 quantum
1613 3898 1787 3966 momenti
1807 3891 1961 3969 habeant
1976 3904 2019 3970 ad
2045 3905 2131 3973 soli·
2177 3907 2180 3912 ’

100 4000 250 4090 logiam,
275 4011 459 4092 totumque
475 3995 709 4090 Evangelium
724 4026 798 4070 non
814 4003 922 4072 unius
937 4003 1022 4072 assis
1037 4004 1090 4070 fa·
1144 4005 1224 4070 dam
1241 3999 1477 4068 eruditionem
1492 3999 1688 4088 parandum
1703 3999 1843 4066 dicendi
1859 4013 1962 4079 artes,
1987 4007 2130 4096 quaein

100 4101 218 4186 ciunt,
246 4125 320 4170 non
336 4097 428 4170 cassa
445 4125 534 4170 nuce
549 4113 706 4193 emptum
721 4104 791 4173 sibi
806 4105 926 4176 velint.
979 4103 1091 4192 Quic-
1142 4103 1292 4197 speciem
1307 4095 1399 4168 nihil
1417 4099 1826 4189 profitentureiusmodi,
1849 4102 1908 4196 ‘9¹¹5
1924 4105 2051 4195 vulgus
2066 4111 2131 4178 ad-

100 4201 185 4296 qnid
208 4202 275 4286 sit,
308 4203 365 4270 vel
393 4203 606 4294 experientia
635 4204 747 4292 ipsius
778 4207 906 4274 mundi
933 4219 1091 4291 testatur,
1142 4205 1305 4298 plaudat,
1341 4214 1516 4270 caeterum
1549 4200 1701 4270 utilitate
1732 4201 1835 4271 facile
1866 4227 1922 4272 res
1957 4201 2130 4280 humanas

98 4305 181 4374 illos
205 4304 337 4374 versari
354 4303 391 4372 in
413 4304 548 4374 incerto
567 4319 600 4375 et
616 4305 772 4391 lubrico,
792 4321 833 4378 ut
847 4303 1009 4378 Christus
1024 4309 1089 4378 ait:
1143 4328 1265 4376 ornnes
1281 4303 1441 4374 vicerint.
1467 4300 1695 4395 Nequeenim
1709 4327 1857 4396 usquam
1869 4305 2063 4400 quidquam
2079 4326 2131 4384 est
2201 4355 2217 4368 -

103 4403 196 4494 Quid
216 4407 361 4498 prodest
375 4407 537 4488 tandem,
570 4407 601 4475 si
615 4430 708 4476 unus
725 4403 918 4479 homuncio
936 4409 1091 4499 potiatur
1143 4409 1267 4478 intuta
1284 4424 1402 4475 rerum
1420 4403 1667 4489 universitate,
1699 4409 1795 4474 nude
1810 4408 1853 4474 ad
1870 4411 2034 4480 mortales
2054 4437 2130 4482 am-

98 4533 238 4590 rerum‚
265 4523 357 4578 terra
373 4508 533 4601 marique
554 4521 679 4600 potens
695 4509 759 4594 sit,
785 4523 968 4604 totumque
987 4512 1090 4580 deni·
1143 4511 1257 4602 pliora
1275 4508 1477 4594 commoda,
1503 4529 1608 4598 quam
1631 4530 1672 4574 er
1693 4501 1762 4576 hoc
1780 4508 1909 4576 artium
1928 4533 2055 4599 genere
2073 4539 2131 4584 re·

101 4635 168 4704 que
182 4612 360 4680 mundum
375 4633 468 4678 unus
486 4605 629 4694 habeat,
653 4609 683 4679 si
698 4612 835 4682 animae
851 4615 1020 4704 iacturam
1034 4614 1088 4682 la·
1143 4615 1260 4683 deant.
1302 4609 1369 4680 Sed
1391 4633 1470 4678 curn
1486 4632 1607 4676 aarum
1627 4608 1782 4698 precium
1799 4609 1963 4680 iuventus
1978 4615 2130 4704 ignoret,

102 4713 192 4781 ciat?
244 4707 323 4801 Ego
344 4735 427 4780 vero
453 4707 510 4780 hic
536 4706 662 4782 hortor
687 4737 809 4782 omnes
840 4715 917 4806 pios
942 4715 1090 4795 animos,
1143 4715 1200 4797 lit,
1226 4727 1265 4782 ut
1288 4712 1464 4804 plerisque
1485 4711 1668 4792 sordeant,
1693 4711 1911 4803 minimeque
1927 4715 2054 4805 dignae
2074 4719 2130 4787 iu·

100 4813 323 4905 potissimum
348 4813 604 4893 adolescentes,
645 4828 791 4905 propter
821 4839 910 4909 quos
942 4816 1091 4886 maxime
1144 4817 1325 4897 dicentur,
1350 4813 1479 4905 quibus
1494 4811 1669 4880 discendis
1684 4806 1825 4901 operam
1839 4829 1978 4884 navent.
2021 4815 2130 4888 Prae-

100 4911 164 4985 hae
195 4939 347 5008 pompae
377 4915 415 4982 in
444 4916 654 5009 gymnasiis,
696 4919 741 4986 ad
771 4919 1089 4988 commendandam
1144 4919 1278 4987 clarum
1309 4931 1360 4984 est
1383 4907 1640 5004 Philosophum
1669 4913 1756 4981 dici:
1792 4915 2035 5002 magnificum,
2069 4917 2131 4990 lu-

101 5019 308 5108 dignitatem
332 5016 515 5087 literarum
540 5030 575 5087 et
590 5017 772 5107 religionis
787 5021 1026 5106 adornantur,
1050 5033 1092 5088 ut
1143 5017 1393 5088 risconsultum
1430 5016 1571 5084 audire:
1614 5009 1812 5104 theologico
1842 5018 2003 5099 nornine,
2038 5019 2130 5093 nihil

100 5120 183 5190 inde
199 5121 247 5190 ab
264 5119 411 5190 ineunte
434 5131 545 5188 aetate
565 5121 796 5191 assuefaciant
811 5145 848 5190 se
863 5123 906 5190 ad
922 5144 1090 5191 reveren·
1143 5117 1210 5190 hoc
1234 5133 1392 5210 tempore
1417 5118 1461 5185 ad
1486 5117 1612 5206 vulgus
1640 5115 1865 5206 plausibilius
1890 5132 1956 5188 est:
1988 5121 2132 5194 dicendi

101 5223 194 5293 tiam¹
210 5237 245 5292 et
267 5243 424 5290 amorem
445 5220 645 5311 religionis,
678 5234 787 5315 utque
802 5223 845 5291 de
865 5217 1091 5293 hacsanctis-
1143 5222 1292 5307 artium,
1324 5233 1492 5313 tanquam
1515 5215 1796 5306 Megarensium,
1828 5218 1926 5332 nulla
1951 5223 2042 5294 ratio
2067 5221 2132 5296 ha-

101 5325 189 5392 sima
221 5322 440 5414 professione
474 5323 562 5415 (etsi
596 5319 772 5414 Theologi
798 5319 960 5394 homines
995 5322 1089 5419 sint)
1142 5326 1259 5395 betur.
1309 5321 1502 5413 Propterea
1525 5320 1638 5388 visum
1661 5333 1712 5389 est
1740 5314 1808 5390 hoc
1832 5319 1912 5390 loco
1940 5327 2150 5418 ostendere,¹

99 5426 282 5518 magnifice
304 5423 460 5495 sentiant
482 5438 515 5494 et
537 5423 740 5518 loquantur.
798 5423 891 5498 Nam
908 5441 942 5500 et
965 5421 1089 5500 see‘un-
1143 5447 1309 5522 quaeres
1331 5419 1483 5494 maxime
1503 5421 1609 5494 nobis
1631 5444 1752 5492 earum
1770 5422 1928 5494 studium
1953 5449 2133 5501 commen-

148 5534 333 5599 blrsarrn.
352 5531 455 5596 Orrs.
483 5531 565 5596 vor.
581 5529 647 5601 Xl.
1119 5521 1121 5526 ’
1466 5521 1491 5596 4
