4688 5826
50 257 53 264 ’
232 260 326 356 ¹286
692 284 696 290 ·
801 243 965 328 DECL
1002 243 1081 324 DE
1111 241 1337 324 STUDIO
1366 239 1740 328 LINGUARUM.
1811 175 1826 246 '⁴
2211 248 2281 328 230

127 363 132 374 Ι
257 432 327 508 rali
346 427 527 515 doctrina,
563 445 654 524 quae
681 434 717 496 at
736 415 1008 516 Philosophiam
1027 433 1069 494 ·et
1089 413 1247 515 antiqui-
1400 416 1498 492 llaec
1514 417 1677 492 doctriua
1691 417 1830 492 etiamsi
1844 429 1983 493 tantum
2004 392 2151 516 propter
2170 423 2283 496 suari·

139 525 144 535 ⁶
256 535 342 610 tatis
356 532 525 604 noticiam
540 525 709 600 continet.
762 521 977 598 Adhibenda
1000 535 1054 596 est
1070 523 1176 596 ειίιιιι
1189 521 1248 592 di·
1298 535 1406 596 tatem
1431 517 1624 615 expetenda
1648 535 1756 609 enat,
1788 535 1910 594 tamen
1930 523 2014 594 satis
2040 547 2168 614 magua
2188 549 2284 598 ιιιιιι

258 636 362 712 cendi
375 630 595 716 exercitatio,
617 629 748 724 quibus
764 629 869 699 rebus
891 625 1036 718 ingenia
1054 637 1089 696 et
1103 626 1147 696 ad
1166 645 1249 694 sua·
1299 639 1406 710 esset,
1431 647 1495 694 cur
1511 619 1647 695 Graece
1665 624 1889 700 disceremus.
1940 623 2042 714 Quae
2062 627 2159 696 euim
2179 641 2285 720 potest

257 741 402 812 ritatem
418 748 523 828 atque
538 727 794 802 humanitatem
810 731 1029 812 formantur,
1055 741 1090 798 et
1106 749 1248 798 acuun-
1300 751 1374 799 esse
1394 727 1558 818 voluptas
1578 727 1691 816 magis
1712 725 1819 818 digna
1848 729 2108 818 praestantibus
2129 729 2286 820 ingeniis,

258 853 319 916 tur
350 853 455 932 atque
484 835 727 919 instruuntur,
763 845 805 904 ut
830 831 1009 925 percipere
1039 842 1249 901 attractare
1301 853 1407 925 φιιιιι
1430 851 1470 900 ea
1493 851 1584 922 quae
1607 827 1803 921 percipitur
1828 852 1871 898 er
1900 829 1963 898 illa
1985 831 2061 921 ipsa
2090 832 2286 922 cognitione

259 957 352 1028 ”12⁵
368 941 455 1010 filiii
467 935 628 1006 foellcluss
643 933 788 1024 possint.
1299 930 1535 1004 maximarum
1550 929 1693 1000 rerum?
1725 925 1773 1002 Et
1787 930 1959 1024 qnoniam
1973 932 2174 1024 voluptates
2198 933 2286 1026 ipsae

352 1042 393 1116 si
407 1039 487 1136 quis
501 1051 617 1108 autem
631 1027 1083 1127 existimatPhtlosophiam
1100 1033 1250 1124 perfecte
1302 1035 1424 1126 aliquo
1447 1033 1614 1102 modoad
1633 1055 1748 1104 moret
1768 1033 1969 1124 pertinent,
1994 1035 2133 1106 traduci
2158 1038 2203 1106 ad
2225 1031 2286 1106 hn-

208 1149 213 1159 '
260 1144 424 1239 coguosei
439 1163 540 1234 posse
555 1140 632 1208 sine
649 1133 795 1208 Graecis
810 1137 942 1224 literis,
969 1133 1065 1208 hunc
1082 1155 1251 1225 sanelpa-
1302 1135 1507 1206 manitatem
1532 1148 1565 1207 et
1581 1135 1789 1206 suavitatem
1814 1130 1881 1204 hae
1903 1135 2136 1208 delatratione
2157 1136 2286 1208 mim„

259 1251 330 1324 tiar
353 1269 415 1318 sus
436 1241 606 1336 opinione
626 1241 769 1312 beatum
794 1261 879 1314 esse.
931 1238 1002 1312 Sed
1017 1262 1073 1309 res
1091 1237 1252 1332 loquitur
1304 1239 1470 1310 arbitror,

260 1352 348 1442 ipsa,
373 1357 546 1444 quantum
561 1342 701 1412 intersit
714 1341 807 1412 inter
823 1337 1025 1413 Aristotelis
1043 1341 1252 1430 interpretes
1407 1333 1456 1410 At
1477 1359 1561 1407 vero
1579 1361 1646 1408 uos
1663 1363 1737 1410 non
1753 1351 1891 1412 tantum
1915 1339 1960 1410 de
1975 1340 2158 1432 voluptate
2172 1341 2287 1434 dispu-

262 1451 398 1525 Graece
414 1449 616 1530 doctos,'et
637 1444 719 1514 illos
734 1443 893 1535 ineptos,
917 1443 979 1537 qui
996 1439 1079 1514 cnm
1093 1463 1150 1512 res
1173 1463 1250 1531 gra·
1305 1457 1437 1525 tamus,
1469 1441 1513 1510 de
1536 1440 1654 1512 fructu
1680 1467 1720 1512 ac
1743 1443 1947 1514 necessitate
1978 1443 2181 1536 loquimur,
2213 1445 2287 1536 qula

261 1554 422 1626 vissimas
441 1551 487 1620 ab
509 1541 595 1639 ipsis
619 1541 805 1616 autoribus
821 1546 967 1616 traditas
990 1543 1163 1636 explicare
1179 1565 1253 1611 non
1306 1547 1381 1614 sine
1397 1539 1463 1613 hac
1476 1543 1615 1612 liberali
1630 1545 1809 1626 doctrina,
1835 1568 1925 1638 quac
1948 1545 2134 1638 praecipue
2151 1543 2287 1616 Graecis

264 1665 430 1752 possent,
454 1673 590 1720 novum
605 1649 788 1740 quoddam
809 1647 992 1718 doctrinae
1013 1669 1123 1736 genus
1146 1667 1254 1736 pepe·
1307 1647 1417 1716 literis
1439 1644 1658 1732 continetur,
1687 1670 1793 1716 nemo
1814 1647 1900 1718 satis
1923 1647 2074 1717 idoneus
2100 1661 2153 1718 est
2175 1649 2230 1717 vel
2248 1647 2286 1716 ad

263 1769 401 1840 rerunt,
425 1751 571 1846 plenum
589 1748 801 1844 prodigiosis
817 1749 976 1836 somniis,
1001 1749 1096 1842 quod
1113 1748 1254 1816 nullum
1307 1763 1458 1820 caeteras
1483 1761 1575 1816 artes
1595 1749 1814 1834 tractandas,
1846 1747 1903 1816 vel
1916 1751 1972 1828 ‚ad
1990 1771 2047 1818 res
2070 1771 2215 1839 magnas
2236 1771 2288 1839 ge·

264 1861 303 1932 iu
339 1859 412 1928 vita
438 1867 499 1924 aut
533 1853 782 1922 communibus
816 1852 970 1942 negociis
1004 1873 1107 1920 usum
1134 1843 1255 1918 habet.
1308 1851 1447 1922 rendae.
1474 1846 1580 1917 ·Nou
1603 1864 1686 1922 sunt
1708 1851 1746 1918 in
1767 1846 1835 1920 hoc
1858 1851 1991 1924 omnia.
2043 1849 2113 1922 Sed
2135 1853 2288 1922 tamensi

263 1961 404 2036 Deinde
419 1953 588 2030 iniuriam
603 1948 855 2042 Philosophiae
870 1954 970 2038 iacit,
1001 1952 1161 2046 quisquis
1179 1973 1254 2020 eam
1308 1953 1394 2047 quid
1418 1949 1566 2020 omnino
1588 1953 1749 2021 doctrina
1774 1951 1832 2021 vel
1853 1952 1898 2021 ad
1917 1952 2100 2024 excitanda
2120 1955 2166 2024 ad
2185 1953 2288 2024 virtu.

182 2122 187 2138 ι
264 2079 338 2138 lim
352 2057 509 2150 ³1¹B¹¹⁸ll⁵
521 2055 651 2128 finibus
672 2055 947 2138 cltcumffllbll,
974 2069 1013 2124 ut
1029 2047 1122 2126 nihil
1143 2053 1176 2122 ei
1190 2051 1257 2122 tri-
1309 2069 1390 2139 tem,
1412 2053 1469 2121 vel
1486 2053 1529 2121 ad
1546 2054 1799 2124 conformanda
1817 2053 1959 2144 ingenia
1976 2053 2125 2146 prolicit,
2144 2077 2215 2124 non
2230 2057 2288 2124 du-

163 2173 170 2184 .
265 2169 370 2248 bunt,
395 2160 465 2230 nisi
481 2157 542 2228 illa
559 2157 718 2246 vulgaria
736 2170 937 2250 praecepta,
963 2179 1053 2249 quae
1069 2155 1109 2224 iu
1126 2149 1256 2224 scholis
1307 2155 1384 2226 bito
1411 2153 1604 2240 affirmare,
1630 2177 1706 2224 eam
1730 2157 1773 2224 ad
1800 2179 1874 2226 rem
1892 2155 2085 2247 plurimum
2103 2157 2288 2228 conducere

258 2279 309 2340 ex
333 2261 524 2340 Aristotele
547 2261 749 2330 traduntur.
810 2251 885 2348 Ego
912 2258 1152 2328 versutiam
1182 2277 1256 2326 non
1313 2253 1381 2327 hoc
1393 2255 1576 2326 doctrinae
1592 2279 1722 2347 genus,
1749 2259 1793 2328 de
1809 2281 1881 2352 quo
1898 2257 2035 2358 loquor.
2089 2255 2187 2330 lllud
2207 2273 2289 2329 certe

265 2370 381 2440 dicam
412 2367 456 2434 de
479 2358 742 2436 Mathematicis
770 2359 988 2454 disciplinis,
1019 2359 1256 2448 coguitionem
1311 2359 1429 2448 negari
1448 2381 1522 2432 noa
1537 2371 1671 2448 potest,
1696 2361 1739 2428 ad
1757 2375 1906 2429 caeteras
1920 2373 2012 2432 artes
2028 2361 2227 2430 tractandae
2240 2384 2288 2430 η.

266 2463 504 2562 antiquitatis,
529 2463 732 2554 poe'matum
751 2476 785 2532 et
807 2458 1057 2544 historiarum,
1081 2461 1138 2530 vel
1156 2481 1258 2549 prae·
1310 2459 1404 2554 quiri
1427 2455 1517 2562 hane
1539 2461 1750 2530 doctrinam.
1799 2457 1891 2530 Nam
1913 2474 1948 2530 et
1969 2457 2153 2534 Medicina
2176 2485 2289 2553 magua

267 2574 406 2666 tipum
436 2577 571 2658 pallent
599 2559 852 2655 Philosophiae
879 2585 952 2632 esse
984 2575 1111 2632 statuo.
1161 2558 1258 2630 llaec
1310 2585 1352 2631 ex
1378 2573 1474 2653 parte
1489 2555 1632 2630 ‘Graeca
1658 2576 1727 2645 est,
1760 2576 1795 2634 et
1815 2561 1892 2630 siue
1912 2556 2147 2654 Philosophia
2168 2563 2289 2656 percipi

268 2667 537 2747 enimcoutinet
550 2660 780 2735 humanitatis
795 2659 1008 2748 doctrinam,
1029 2687 1109 2734 cnm
1127 2686 1257 2754 propo·
1310 2687 1385 2734 non
1407 2675 1533 2756 potest.
1582 2657 1630 2735 Et
1650 2663 1682 2734 si
1704 2657 1741 2732 hi
1755 2663 1819 2758 qui
1840 2685 1876 2732 se
1892 2664 2106 2736 dediderunt
2122 2663 2290 2737 luriscou-

267 2769 505 2852 aesomnium
521 2766 719 2838 officiorum
736 2779 918 2860 praecepta
934 2779 1039 2860 atque
1056 2765 1225 2856 exempla.
1311 2765 1423 2849 sultis,
1447 2787 1522 2834 non
1534 2777 1673 2836 tantum
1688 2765 1787 2835 illam
1803 2765 1978 2836 sorensem
1991 2761 2220 2856 Rhetoricam
2235 2791 2290 2838 au-

285 2961 288 2968 ,
369 2868 473 2954 Nihil
498 2867 656 2948 accidere
679 2881 794 2960 potest
816 2869 855 2936 in
869 2869 941 2939 vita
965 2867 1122 2959 privata,
1147 2865 1259 2936 autin
1310 2868 1403 2938 ferre
1421 2869 1581 2952 student,
1606 2881 1648 2939 ut
1662 2891 1737 2937 eam
1753 2869 1796 2938 ad
1814 2881 1997 2962 quaestum
2013 2869 2217 2956 conferant,
2237 2871 2290 2940 sed

268 2977 410 3070 Repub.
433 2972 533 3054 cuius
553 2994 628 3048 non
648 2984 740 3054 eatet
759 2971 875 3060 imago
898 2969 1016 3064 aliqum
1038 2969 1077 3038 in
1100 2963 1259 3048 historiis
1312 2969 1510 3040 doctrinam
1539 2981 1708 3062 expetunt
1735 2969 1892 3040 laturam
1922 2969 2005 3040 usui
2029 2967 2185 3062 Reipub,
2208 2985 2239 3043 et
2257 2985 2290 3042 ut

268 3073 525 3172 sapientissime
542 3073 695 3166 scriptis.
735 3070 936 3142 Plurimum
955 3084 1084 3152 autem,
1109 3069 1260 3138 meoiu-
1312 3071 1379 3162 ipsi
1415 3071 1630 3163 loquuntur,
1675 3095 1750 3141 nou
1782 3071 1983 3142 simulatam
2016 3067 2290 3167 Philosophiam:

269 3181 382 3264 dicio,
406 3177 552 3270 prodest
573 3196 754 3246 accessuro
775 3173 820 3244 ad
838 3197 893 3242 res
914 3194 1059 3262 magnas
1077 3172 1260 3262 gerendas,
1311 3168 1369 3242 his
1395 3185 1434 3242 ut
1456 3171 1592 3262 possint
1616 3197 1696 3243 cum
1719 3175 1846 3244 decoro
1868 3173 1959 3244 tueri
1986 3195 2174 3266 personam
2193 3199 2290 3258 suam,

270 3274 404 3354 inlueri
424 3279 464 3346 in
485 3276 563 3345 illas
585 3277 755 3368 imagines
769 3275 868 3346 velut
889 3276 929 3344 in
947 3275 1132 3370 speculum
1154 3287 1189 3344 et
1206 3272 1260 3340 vi·
1311 3273 1468 3367 proiecto
1483 3274 1587 3342 etiam
1604 3275 1672 3344 alia
1688 3277 1839 3368 quadam
1855 3275 2015 3346 doctrina
2032 3299 2122 3369 opus
2141 3279 2223 3362 erit,
2245 3276 2290 3344 vi.

271 3389 354 3456 dere
374 3378 540 3458 consilia,
575 3402 615 3449 ac
632 3377 811 3448 bonorum
835 3377 1066 3448 etmalorum
1090 3373 1259 3456 consilio·
1312 3375 1457 3460 delicet,
1483 3375 1698 3466 religionum
1722 3375 1886 3462 scientia,
1917 3375 2049 3448 noticia
2074 3379 2291 3474 antiquitatis,

270 3511 351 3560 rum
367 3493 525 3555 eventus.
576 3479 761 3564 Praeterea
776 3479 887 3549 multa
901 3478 1037 3549 suntin
1053 3477 1137 3574 ipsis
1152 3499 1261 3566 nego·
1313 3477 1513 3570 eloquentia
1536 3493 1570 3549 et
1590 3479 1664 3548 illis
1684 3478 1814 3563 literis,
1842 3503 1931 3573 qnae
1953 3503 2033 3548 cum
2055 3479 2172 3553 fontes
2189 3484 2291 3572 legum

151 3651 157 3664 ,
271 3590 427 3662 clistum
449 3575 661 3675 prophanis,
686 3595 763 3652 tum
784 3579 1045 3666 ecclesiasticis,
1071 3605 1161 3673 quae
1185 3580 1261 3648 sine
1314 3573 1539 3664 contineant,
1564 3603 1638 3650 non
1655 3581 1774 3651 minus
1798 3581 1837 3650 in
1854 3580 2043 3652 consilium
2062 3578 2222 3654 adhiberi
2243 3605 2291 3652 so-

271 3685 494 3784 autiquitatls
515 3685 715 3776 cognitione
739 3707 854 3776 neque
875 3681 1044 3771 intelligi,
1069 3705 1183 3774 neque
1206 3683 1262 3749 iu·
1314 3683 1388 3750 lent
1404 3683 1448 3750 de
1466 3683 1713 3752 communibus
1731 3682 1875 3767 officiis,
1902 3704 2006 3776 quam
2024 3684 2121 3775 ipsae
2135 3686 2232 3778 leges.

271 3791 382 3866 dicari
402 3797 561 3881 possunt.
613 3783 763 3874 Quoties
777 3785 821 3854 de
837 3783 1072 3875 lmperiorum
1095 3782 1263 3852 mutatio·
1321 3829 1337 3844 c
1417 3781 1486 3852 Sed
1508 3796 1592 3853 sunt
1613 3784 1759 3878 quidam
1781 3784 1944 3868 itrveues,
1974 3785 2034 3878 qui
2059 3809 2140 3856 cum
2163 3799 2292 3880 propter

270 3895 379 3966 nibus
393 3887 583 3960 dicendum
598 3887 672 3958 est?
697 3887 834 3979 quoties
849 3885 888 3952 in
904 3881 1061 3954 Ecclesia
1078 3885 1263 3977 requiran-
1315 3882 1491 3974 ignaviam
1506 3884 1643 3974 lugiunt
1658 3885 1816 3955 discendi
1834 3886 2013 3973 laborem,
2042 3889 2161 3962 subito
2177 3892 2292 3960 inune.

273 3999 339 4070 dae
353 4005 436 4064 sunt
453 4003 611 4060 veterum
624 3987 872 4060 contentiones
889 3987 933 4056 de
953 3988 1060 4056 rebus
1078 3985 1264 4056 maximis?
1316 3997 1407 4078 punt
1439 3987 1486 4055 ad
1519 4009 1673 4056 summas
1705 3989 1958 4080 professiones,
1999 4013 2151 4082 quarum
2184 3990 2292 4063 titulos

272 4096 371 4170 Haec
396 4093 472 4165 sine
495 4087 640 4164 Graecis
663 4104 698 4161 et
717 4087 854 4161 Latinis
882 4087 996 4158 literis
1026 4087 1128 4158 nullo
1156 4089 1263 4156 modo
1318 4101 1524 4179 praetexunt
1539 4111 1622 4159 suae
1637 4089 1807 4179 ignaviae.
1855 4087 1901 4169 Hi
1920 4105 1960 4162 ut
1975 4090 2292 4164 iudiciovidegntur

274 4197 438 4289 cognosci
464 4207 621 4286 possunt.
677 4189 726 4264 Et
747 4193 891 4287 quidem
923 4189 1174 4260 ecclesiasticae
1208 4213 1264 4258 res
1317 4185 1381 4258 has
1396 4204 1487 4264 artes
1504 4191 1696 4283 aspernari,
1722 4186 1808 4262 haec
1822 4205 1943 4262 nostra
1960 4195 2076 4264 studia
2093 4197 2291 4288 vituperant.

155 4321 158 4326 ·
232 4307 247 4364 3
273 4315 413 4372 tantum
431 4293 566 4368 Graece
583 4295 732 4386 scriptae
751 4307 844 4365 sunt.
894 4289 1079 4376 Caeterum
1098 4292 1266 4361 varietate
1318 4289 1392 4380 Qui
1415 4291 1590 4386 siquidem
1615 4293 1665 4364 ita
1693 4293 1796 4372 libet,
1827 4295 1914 4364 fiant
1935 4317 2020 4365 saue
2042 4295 2191 4368 Solones
2216 4291 2292 4364 meri

277 4417 312 4474 et
334 4399 434 4494 copia
454 4421 573 4468 rerum
595 4410 701 4490 atque
722 4395 962 4485 exemplorum
990 4395 1094 4483 longe
1118 4394 1267 4464 vincunt
1317 4394 1394 4462 siae
1409 4391 1668 4479 Grammatico,
1692 4397 1769 4467 sine
1783 4391 1991 4482 Dialectica,
2016 4399 2093 4469 sine
2110 4397 2293 4490 cognitione

276 4505 516 4578 Latinostum
533 4497 682 4582 Poe'tae,
708 4511 783 4567 tum
797 4491 1122 4576 HistoriciGraeci.
1173 4493 1264 4564 Nam
1318 4495 1551 4582 religionum,
1591 4497 1666 4566 sine
1700 4497 1923 4590 eloquentia,
1957 4499 2034 4568 sine
2069 4493 2294 4592 Philosophia,

153 4643 155 4650 ,
275 4603 432 4680 Romani
447 4600 656 4671 domesticas
673 4622 727 4674 res
741 4612 879 4669 tanturn
894 4621 1021 4667 ornare
1037 4599 1266 4681 studuerunt3
1319 4597 1472 4690 denique
1490 4599 1565 4667 sine
1582 4596 1801 4669 humanitate
1817 4601 1903 4672 ulla.
1950 4597 2082 4672 Verum
2103 4599 2293 4680 hocmiror,

278 4703 460 4780 at·Graeci
474 4703 635 4773 omnium
653 4701 810 4790 gentium
832 4713 936 4792 atque
953 4697 1187 4791 lanperiorum
1208 4694 1267 4767 hi·
1320 4719 1392 4792 quo
1414 4699 1473 4771 isti
1495 4723 1556 4770 ore
1579 4701 1733 4790 aspicere
1755 4701 1873 4790 legum
1894 4701 2006 4772 libros
2024 4707 2192 4786 audeant,
2217 4723 2292 4795 qus·

279 4809 403 4882 storias
418 4804 591 4895 complexi
606 4817 700 4894 sunt,
726 4825 853 4895 easque
866 4801 914 4872 ita
931 4802 1204 4892 descripserunt,
1226 4813 1269 4869 ut
1301 4823 1399 4888 ,rum
1414 4814 1553 4870 autores
1569 4817 1714 4892 apparet
1724 4803 1906 4893 praeclare
1920 4803 2112 4878 instructos
2130 4807 2233 4878 fuisse
2246 4797 2293 4870 hit

279 4912 397 4984 verius
431 4902 729 5000 philosophantur
766 4906 805 4976 iu
840 4903 999 4994 ipsorum
1040 4904 1268 4992 negociorum
1320 4901 1404 4993 ipsis
1420 4903 1570 4986 artibus,
1596 4905 1783 4997 dequibus
1798 4905 1960 4975 dicimus.
2009 4905 2127 4995 Quam
2142 4905 2293 4977 multata

279 5029 385 5108 atque
408 5009 639 5082 consiliorum
662 5006 900 5098 expositione,
932 5027 1038 5098 quam
1064 5005 1117 5072 illi
1142 5005 1204 5096 qui
1229 5003 1269 5071 in
1321 5003 1467 5074 Graecis
1482 5021 1516 5076 et
1530 5005 1666 5078 Latinis
1682 5001 1840 5078 historiis
1856 5009 2046 5098 repetunt?
2079 5008 2191 5100 Quam
2206 5025 2293 5076 reve-

280 5113 411 5188 scholis
430 5113 526 5182 nuda
550 5124 734 5204 praecepta
753 5109 919 5188 tradunt,
945 5131 985 5175 ac
1006 5130 1087 5176 vers
1104 5101 1271 5176 Philoso-
1321 5121 1439 5178 renter
1459 5119 1645 5196 assurgunt
1661 5104 1838 5192 Homero,
1864 5109 2003 5202 quoties
2022 5111 2096 5182 ιίιιι
2120 5105 2294 5181 sententias

279 5213 400 5312 phiam
424 5238 466 5284 ex
489 5215 613 5283 umbra
635 5212 674 5281 iu
699 5211 808 5280 solem
837 5231 877 5278 ac
901 5208 1081 5298 pulverem
1105 5211 1271 5292 educunt,
1321 5208 1419 5280 velut
1435 5209 1576 5278 oracula
1592 5207 1724 5280 citant?
1763 5206 1907 5280 Alicnbi
1923 5214 2159 5302 pronunciant
2175 5227 2294 5282 errar-

279 5315 349 5390 hoc
371 5331 439 5402 est,
468 5339 570 5386 usum
593 5314 667 5384 eius
690 5313 729 5382 in
751 5311 822 5384 vita
848 5323 954 5403 atque
978 5311 1134 5399 negociis
1150 5327 1270 5382 osten·
1322 5307 1378 5378 bis
1394 5305 1655 5397 Demosthenis,
1680 5312 1813 5382 alicubi
1828 5311 1873 5382 ad
1890 5313 2037 5384 verbum
2055 5311 2295 5385 transscribanl

283 5421 387 5492 dune,
1322 5409 1483 5484 Platonis
1507 5412 1610 5486 dicta.
1670 5409 1718 5486 Et
1741 5413 1885 5510 quidem
1909 5415 2120 5490 recentiores
2142 5405 2295 5486 Doctores
