4704 5826
216 307 291 382 911
861 371 864 376 λ
949 293 1109 372 nuel.
1150 295 1226 372 DE
1257 297 1527 380 Lnutnns.
2190 310 2266 384 sta

218 479 326 552 ltem:
350 474 501 568 Propter
522 465 607 544 baec
626 469 725 542 venit
749 468 802 540 ira
815 465 882 540 Dci
899 491 1005 561 super
1028 482 1216 540 conturna·
1269 487 1322 544 tas
1345 475 1384 544 in
1402 477 1563 548 moribus
1583 493 1700 550 secuta
1719 480 1776 551 sit.
1828 477 1895 550 His
1918 479 2130 554 tristissimis
2150 505 2267 552 esern-

219 605 290 655 ces.
340 576 408 650 His
430 574 720 646 oraculisomnes
742 571 1029 657 commonefacti,
1055 571 1215 662 discipli·
1270 578 1339 668 plis
1368 579 1515 664 moniti,
1554 585 1711 652 modeste
1738 595 1774 654 ct
1803 583 1860 674 pie
1887 585 2155 654 consideremus
2186 608 2265 654 vera

219 707 304 756 uam
319 695 515 753 statuamus
530 675 760 746 necessariam
776 697 869 760 csse,
893 687 927 744 et
943 675 1071 744 timore
1087 671 1155 743 Dei
1172 673 1215 742 ad
1270 680 1475 752 discrimina
1496 683 1633 773 legum,
1663 700 1699 756 ct
1718 685 1902 758 videamus
1916 709 2006 779 quae
2027 687 2100 758 sint
2114 686 2267 771 divinae,

219 783 429 858 modestiam
444 780 584 852 animos
598 799 863 870 componamus.
902 774 981 846 Hoc
997 775 1059 868 qui
1076 775 1219 860 facient,
1270 805 1360 874 quae
1390 777 1587 872 humanas,
1618 811 1658 856 ac
1683 787 1803 857 debita
1833 789 2030 860 reverentia
2053 812 2119 860 suo
2141 789 2267 858 ordine

118 937 124 950 ·
220 884 261 960 lsi
283 885 395 978 magis
418 882 600 976 magisque
629 879 852 969 intelligent,
885 892 1058 972 quantum
1080 879 1217 948 bonum
1270 884 1420 974 singulis
1435 889 1606 958 membris
1622 889 1813 960 tribuatur.
1858 888 1941 962 Non
1959 913 2101 982 possum
2117 891 2267 960 nuncin

219 992 266 1062 sit
286 990 341 1059 lex
356 985 433 1058 Dei.
453 1009 543 1080 quac
568 995 602 1053 et
619 983 657 1052 in
674 981 839 1085 decalogo
861 993 981 1065 sonat,
1007 993 1043 1051 et
1059 979 1098 1050 in
1116 1003 1219 1049 men·
1270 999 1367 1056 tanta
1383 983 1511 1058 borum
1527 991 1770 1062 membrorum
1788 991 2023 1084 amplitudine
2040 993 2162 1062 omnis
2188 1017 2267 1082 pcc.

219 1094 317 1165 tibus
331 1085 520 1161 hominum
537 1085 649 1170 lucet,
675 1107 765 1180 quac
784 1095 900 1154 totum
918 1082 1104 1176 politicum
1119 1082 1221 1152 ordi·
1270 1088 1391 1181 sequi,
1431 1091 1491 1160 sed
1521 1093 1566 1160 de
1595 1090 1931 1164 iurisconsultorum
1967 1093 2107 1186 scriptis
2138 1094 2266 1166 dicam.

219 1219 303 1266 nem
324 1193 508 1284 gubernat.
1269 1187 1411 1260 Horum
1448 1192 1620 1266 autoritas
1655 1207 1697 1265 ut
1730 1195 1842 1286 magis
1873 1196 1978 1268 etiam
2017 1196 2267 1287 conspiciatur,

320 1293 392 1366 Hic
414 1306 532 1364 autem
555 1289 642 1362 dicit
666 1287 812 1384 aliquis,
842 1285 943 1358 lateri
960 1309 997 1358 se
1018 1285 1132 1376 legem
1150 1281 1218 1356 Dei
1270 1292 1370 1386 prius
1392 1295 1437 1364 de
1457 1295 1583 1364 officiis
1607 1295 1743 1388 politici
1766 1297 2034 1387 gubernatoris,
2059 1321 2122 1368 seu
2138 1298 2267 1366 summi

219 1423 358 1470 summa
376 1393 573 1466 reverentia
589 1393 825 1462 venerandam
842 1411 930 1458 esse:
958 1401 992 1458 et
1007 1389 1216 1481 sapientiam
1271 1393 1496 1484 magistratus
1522 1397 1650 1474 dicam.

221 1526 313 1582 esee,
355 1521 445 1594 qnee
480 1495 617 1568 nullius
650 1507 831 1564 creaturae
865 1491 1149 1562 consideratione
1180 1491 1218 1558 111
1374 1495 1423 1568 Ut
1436 1493 1493 1568 hic
1508 1493 1770 1590 pulcherrimus
1786 1501 1888 1586 ordo,
1915 1501 2268 1594 ροςίῑῃηοψοωιῃ,

219 1602 319 1676 0111111
348 1599 554 1671 aeternitate
583 1591 763 1667 exhauriri
794 1593 915 1688 possit.
977 1591 1075 1680 Quid
1101 1605 1217 1662 r‘ttlterrl
1271 1598 1379 1682 coeli,
1404 1601 1514 1686 acris,
1539 1613 1653 1671 terrae
1667 1603 1898 1674 circumfusae
1916 1597 2080 1685 Oceano,
2105 1614 2266 1672 erutor.

219 1707 282 1777 illa
311 1728 374 1774 seu
398 1699 656 1793 imperatorum
688 1699 822 1777 edicta,
856 1717 919 1766 seu
943 1692 1111 1785 Ulpiani,
1145 1694 1218 1764 imo
1271 1703 1317 1770 do
1332 1715 1495 1774 motuum
1510 1705 1734 1790 coelestium,
1759 1706 1823 1798 qui
1838 1705 1931 1776 vices
1949 1718 2168 1796 temporum,
2194 1705 2266 1772 dies

218 1807 376 1889 Bastuli,
401 1801 527 1887 Baldi,
552 1814 587 1872 et
603 1800 773 1870 similium
792 1799 940 1868 callidae
955 1795 1219 1888 interpretatio·
1270 1815 1306 1874 ct
1321 1817 1459 1891 noctes,
1484 1819 1631 1876 aestates
1655 1822 1688 1878 et
1710 1803 1854 1902 hyemes
1868 1807 1992 1892 1111111,
2017 1807 2095 1875 siue
2109 1805 2184 1874 ulla
2201 1808 2267 1876 du.

219 1901 577 1997 nesadlegemDei?
602 1899 829 1986 Curmtsces,
852 1899 1000 1992 inquiet·
1022 1921 1218 1989 831131110-
1270 1906 1444 1976 bitatione
1465 1930 1484 1976 a
1507 1905 1585 1976 Deo
1610 1910 1775 1980 conditus
1797 1922 1849 1980 est
1878 1923 1913 1980 et
1935 1920 2183 1980 conservatur:
2220 1909 2265 1978 ita

221 2007 375 2106 phanis?
406 2007 500 2078 dicet
519 2001 750 2077 Rhetoricam
774 2005 950 2072 forensem
975 2024 1068 2084 esse,
1103 2001 1219 2093 qualis
1270 2020 1384 2078 totum
1407 2004 1503 2079 hunc
1523 2010 1687 2080 ordinem
1714 2013 1915 2102 politicum,
1947 2011 2073 2080 foedus
2098 2010 2266 2098 coniugii,

218 2115 327 2186 luisse
352 2109 498 2183 Coracis
528 2121 563 2177 et
587 2105 724 2177 Ctesias
751 2117 918 2174 narratur
948 2102 1219 2194 praestigiatrix,
1270 2111 1438 2200 imperia,
1471 2112 1701 2184 dominorum
1735 2113 2022 2196 distinctionem,
2054 2125 2268 2194 contractus,
2340 2119 2341 2150 ³

220 2213 431 2298 cavillatrix,
449 2211 576 2282 ludens
592 2209 630 2278 in
641 2209 758 2278 verbis
772 2205 1064 2296 ambiguedictis.
1091 2201 1128 2275 Ο
1143 2229 1217 2274 rem
1271 2213 1413 2296 iudicia,
1434 2237 1579 2306 poenas,
1593 2215 1773 2284 verissime
1787 2228 1920 2286 statuas
1935 2240 1955 2284 a
1969 2211 2045 2283 Deo
2063 2213 2265 2284 institutum
2340 2207 2341 2238 ¹

220 2319 387 2390 miseram
410 2329 444 2388 et
459 2309 737 2406 deplorandam!
794 2308 928 2377 Verum
947 2321 1020 2388 ²⁸12
1049 2306 1218 2397 retoplt-
1271 2335 1362 2382 esses
1400 2329 1434 2386 et
1459 2339 1664 2410 quanquam
1691 2317 1826 2386 diaboli
1853 2331 1887 2388 11
1913 2311 2101 2386 bominum
2128 2316 2267 2384 furores

219 2445 296 2492 mas
320 2416 423 2514 quasi
447 2415 598 2505 caligine
621 2414 774 2507 quadam
803 2424 930 2492 tectas,
966 2411 1004 2478 in
1037 2403 1103 2478 bac
1125 2412 1218 2478 vilae
1271 2439 1372 2508 saepe
1398 2441 1478 2486 curn
1505 2421 1671 2502 turbant,
1698 2435 1813 2488 tamen
1836 2420 2007 2488 immensa
2028 2417 2189 2487 bonitate
2202 2415 2266 2486 Dei

220 2521 430 2596 contusione
446 2513 551 2589 ethis
566 2509 755 2587 hominum
771 2513 953 2584 erroribus
968 2525 1002 2581 et
1017 2511 1124 2596 vitiis,
1142 2533 1217 2578 non
1270 2519 1492 2604 conservari,
1526 2543 1571 2590 nc
1603 2533 1716 2591 totum
1743 2543 1854 2610 genu,
1879 2516 2076 2590 humanum
2103 2519 2266 2588 funditus

219 2649 331 2722 prope
346 2621 465 2715 aspici·
504 2618 606 2689 Eone
625 2631 658 2688 et
673 2617 837 2688 salutaris
851 2639 905 2684 res
924 2627 977 2683 est
992 2613 1116 2682 foedus
1132 2635 1219 2680 con·
1271 2620 1443 2692 deleatur.
1498 2619 1540 2690 ln
1555 2617 1623 2692 boc
1640 2623 1767 2694 ordine
1787 2647 1869 2693 cum
1890 2622 2022 2715 praesit
2039 2621 2267 2710 gubernator,

218 2727 309 2820 iugii
325 2725 500 2796 sancitum
524 2733 618 2792 certo
642 2721 761 2792 modo.
813 2713 862 2788 El
883 2731 1000 2787 lamen
1023 2740 1102 2784 cum
1122 2715 1217 2805 peri·
1271 2746 1333 2792 seu
1354 2724 1580 2814 magistratus
1604 2725 1771 2816 politicus
1796 2722 2183 2820 (nuncenimdicodc
2202 2745 2266 2812 gu·

219 2831 299 2904 ente
320 2841 355 2899 et
372 2847 563 2898 aerumnae
579 2845 653 2892 11011
671 2845 801 2914 paneae
818 2821 853 2888 id
879 2841 988 2909 genus
1001 2817 1094 2886 vitae
1107 2817 1218 2886 101111-
1269 2826 1480 2895 bematione
1493 2821 1846 2924 proprigEcctesige)
1862 2827 2050 2918 praecipua
2066 2819 2265 2895 habetoffi.

221 2947 363 3016 tentus,
396 2928 538 2999 bonitas
560 2939 612 2996 etl
632 2923 834 3007 obscurior,
868 2920 1026 2992 etmulti
1048 2931 1216 3012 tanquam
1270 2927 1322 2996 cia
1340 2941 1503 3020 quatuor,
1524 2953 1676 3021 quorum
1692 2929 1770 2998 sine
1783 2930 1856 3000 ulla
1869 2927 2095 2997 dubitatione
2110 2927 2265 3018 primurn

219 3037 358 3108 tristem
374 3053 550 3101 carcerem
570 3027 774 3116 coniugium
790 3021 943 3113 lugiunt.
991 3019 1043 3092 lta
1059 3043 1114 3090 res
1129 3021 1218 3090 aliae
1270 3043 1304 3098 cr
1319 3051 1497 3098 summum
1513 3043 1581 3114 cst,
1606 3044 1646 3100 ut
1660 3045 1762 3100 coner
1777 3031 1814 3098 in
1829 3053 1955 3120 genere
1969 3024 2130 3098 humano
2146 3051 2264 3096 vocem

218 3141 336 3209 bonae
350 3134 471 3203 minus
487 3141 682 3200 cernuntur
698 3142 772 3198 tum
791 3139 936 3218 propter
954 3119 1142 3192 bominum
1160 3125 1216 3190 in·
1268 3131 1447 3220 decalogi,
1473 3143 1508 3200 ct
1528 3131 1593 3212 cir,
1619 3146 1660 3202 ut
1681 3125 1729 3200 iffi
1752 3133 1885 3220 dicam,
1910 3155 1978 3200 vox
2000 3129 2085 3214 Dei,
2111 3129 2266 3222 quivult

220 3239 380 3322 scitiam,
412 3248 489 3306 turn
513 3245 658 3325 propter
673 3231 802 3300 abusus
826 3227 889 3320 qni
912 3228 1094 3296 accedunt.
1146 3225 1218 3296 Sed
1269 3255 1381 3322 genus
1413 3227 1611 3304 humanum
1645 3227 1792 3302 honesta
1826 3231 2015 3324 disciplina
2046 3231 2142 3322 regi,
2177 3255 2266 3324 quae

220 3355 383 3413 nostrum
411 3335 568 3406 officium
599 3345 651 3403 est
681 3331 883 3403 iunioribus
913 3327 1088 3398 instillare
1118 3349 1218 3396 veras
1270 3347 1442 3424 congruat
1465 3337 1508 3403 ad
1532 3335 1643 3424 legem
1664 3349 1828 3418 naturae,
1854 3357 1944 3428 quae
1969 3346 2021 3402 est
2038 3351 2201 3423 expressa
2227 3334 2264 3400 in

220 3442 424 3521 tententiae,
455 3451 490 3508 et
504 3459 640 3506 errores
657 3435 819 3504 eximere·
851 3429 905 3502 111.
921 3431 1034 3500 scient
1049 3452 1217 3518 magnum
1271 3437 1457 3525 decalogo,
1497 3451 1537 3506 ut
1564 3460 1688 3506 omnes
1714 3437 1846 3508 eruditi
1872 3449 2019 3506 norunt,
2078 3432 2161 3504 Non
2189 3435 2266 3505 vult
2339 3497 2340 3510 ,

220 3549 359 3618 bonum
380 3565 453 3612 esse
468 3541 514 3609 dc
538 3539 645 3608 rebus
664 3535 869 3606 necessariis
884 3548 1004 3604 tenere
1020 3555 1119 3600 veras
1135 3554 1217 3600 sen·
1269 3536 1471 3631 Lycurgum
1503 3561 1566 3626 cuc
1589 3539 1738 3608 arbitrio
1770 3539 1862 3628 leges
1888 3539 2056 3608 condere·
2069 3551 2267 3626 pugnante,

219 3635 370 3732 tentias⁰‚
411 3667 500 3736 quae
533 3653 669 3712 tuentes
704 3639 847 3708 flectant
878 3637 923 3706 ed
965 3635 1216 3704 celebrandum
1270 3665 1349 3708 cum
1376 3653 1519 3709 natura:
1546 3642 1661 3733 qualis
1681 3655 1733 3712 est
1757 3640 1831 3726 lex,
1854 3663 1944 3732 quae
1959 3638 2122 3710 concedit
2138 3640 2265 3730 pacisci

218 3749 357 3832 Deum,
382 3747 709 3824 adbouosmorcs,
733 3742 828 3810 etad
846 3737 1153 3830 tranquillitatem.
1270 3742 1646 3832 dcalrcriusconiugc,
1697 3739 1780 3810 Non
1795 3743 1871 3810 vult
1887 3765 1950 3832 pcc
1965 3742 2091 3810 ludum
2113 3741 2266 3810 interfici
2339 3783 2340 3796 .

325 3849 458 3918 Verum
476 3860 538 3930 est,
564 3841 769 3914 discrimina
783 3841 887 3930 Legis
904 3853 939 3909 11
954 3835 1151 3926 Evangelii,
1178 3860 1217 3906 ac
1270 3839 1455 3926 homines,
1479 3857 1518 3914 ut
1533 3842 1672 3916 Romae
1688 3843 1793 3914 tiebat
1806 3845 1844 3912 in
1867 3843 1995 3934 pugnis
2010 3841 2242 3931 gladiatoriis.

220 3953 352 4028 deinde
368 3949 528 4020 iusticias
543 3960 705 4016 aeternae
717 3957 752 4012 et
767 3942 925 4013 iusticias
940 3939 1116 4030 politicae,
1133 3939 1216 4007 item
1371 3943 1576 4016 secundum
1594 3946 1750 4016 officium
1769 3960 1831 4016 m·
1884 3943 1976 4014 Cum
1993 3945 2048 4014 lex
2062 3944 2166 4014 facile
2181 3969 2266 4014 con·
2339 3945 2340 3974 .

220 4061 339 4151 legum
355 4053 560 4124 divinarum
576 4062 610 4118 et
628 4042 889 4128 humanarum,
914 4042 1156 4132 cognoscenda
1183 4053 1218 4108 et
1270 4060 1451 4126 gemnacur
1473 4048 1543 4116 nist
1571 4061 1667 4118 meu,
1690 4071 1884 4138 poenarum
1907 4047 2045 4116 munit,
2062 4045 2128 4130 git,
2155 4048 2266 4136 magi,
2339 4043 2340 4080 t

220 4173 367 4254 propter
382 4153 532 4244 gloriam
546 4148 613 4221 Dei
628 4172 764 4220 summa
782 4171 866 4216 cura
883 4145 1015 4216 tuenda
1030 4165 1114 4212 esse.
1141 4139 1217 4212 Ho-
1269 4161 1399 4218 stratus
1422 4150 1468 4220 sit
1488 4163 1653 4220 executor
1672 4149 1847 4236 decalogi,
1873 4163 2030 4218 exerceat
2052 4148 2209 4232 iudicia,
2235 4163 2267 4218 et

220 4287 301 4333 rum
320 4251 490 4350 generum
505 4252 667 4324 conlusio
690 4250 859 4322 omnibus
876 4245 1050 4318 aetatibus
1068 4268 1143 4314 non
1159 4267 1218 4313 so·
1269 4273 1388 4320 severe
1417 4252 1542 4342 puniat
1570 4268 1812 4340 contemptum
1843 4251 1941 4320 vocis
1965 4250 2120 4322 divinae.
2181 4249 2266 4322 ldeo

220 4366 297 4434 tunt
310 4382 447 4431 errores
461 4357 501 4426 tn
515 4351 685 4436 Ecclesia,
708 4354 768 4422 sed
787 4353 891 4422 ettam
908 4348 1133 4420 tnntttttustn
1149 4347 1218 4414 tm·
1270 4352 1365 4421 enim
1388 4375 1521 4442 poenae
1544 4353 1582 4420 in
1608 4349 1673 4422 hac
1695 4352 1769 4422 vita
1791 4353 1944 4422 sancitae
1970 4365 2074 4435 sunt,
2108 4353 2267 4442 primum

219 4463 330 4560 petiis
353 4459 499 4554 peperit.
551 4455 621 4528 Sed
639 4455 834 4524 videndum
857 4465 928 4536 est,
953 4450 1016 4544 qui
1038 4449 1137 4518 locus
1159 4448 1218 4518 cui
1270 4454 1352 4547 quia
1378 4454 1455 4526 vult
1471 4451 1567 4524 Deus
1592 4455 1743 4544 intelligi
1766 4453 1956 4524 discrimen
1982 4449 2216 4524 honestarum
2235 4467 2269 4523 et

220 4566 343 4661 generi
365 4559 579 4635 tribuendus
606 4557 662 4628 sit.
725 4553 820 4625 Ante
843 4577 957 4624 annos
977 4553 1050 4622 lere
1072 4551 1216 4640 triginta
1269 4555 1428 4646 turpium
1445 4556 1636 4641 actionum,
1657 4559 1751 4648 quod
1769 4556 1909 4625 illustre
1922 4557 1962 4626 lit
1977 4577 2173 4646 poenarum
2189 4579 2269 4650 spe-

219 4670 348 4760 111311
372 4664 533 4734 audierat
554 4660 648 4750 leges
669 4651 844 4726 humanas
860 4653 1015 4726 discerni
1037 4678 1055 4722 a
1073 4653 1217 4737 divinis,
1269 4657 1431 4727 otaculis:
1452 4658 1583 4726 deinde
1596 4660 1711 4728 sancit
1724 4653 1788 4726 bas
1804 4681 1947 4748 poenas,
1973 4658 2056 4751 quia
2071 4659 2191 4730 iustus
2207 4673 2268 4742 est,

219 4789 255 4845 et
277 4769 451 4867 quaedam
467 4763 600 4833 viriosa
618 4763 757 4830 decreta
779 4755 966 4828 hominum
992 4779 1135 4846 prorsus
1153 4757 1216 4824 ab·
1269 4781 1351 4828 vere
1386 4759 1550 4830 irascitur
1584 4761 1787 4832 sceleribus.
1848 4759 2003 4853 Vultqne
2036 4754 2099 4828 bas
2133 4785 2269 4850 porum

219 4876 302 4962 iici,
340 4871 409 4943 alia
438 4889 523 4935 vero
551 4861 745 4934 extenuari.
799 4857 941 4932 Accidit
971 4874 1088 4928 autem
1118 4859 1214 4950 quod
1269 4863 1626 4932 comanonelactiones
1650 4885 1724 4931 esse
1746 4863 1871 4932 desua
1896 4862 2046 4933 iusticia.
2098 4857 2269 4932 Consulit

218 5001 321 5069 saepe
344 4973 434 5045 solet
455 4966 543 5041 fieri.
604 4961 826 5035 Etiamnum
853 4963 974 5030 dextra
1001 4959 1217 5030 offerebatur
1268 4977 1302 5034 et
1325 4963 1403 5055 paci
1424 4964 1626 5048 communi,
1663 4987 1743 5034 cum
1766 4966 1938 5054 praecipit
1960 4964 2037 5034 tolli
2068 4977 2269 5054 grassantes

217 5078 400 5160 doctrina,
427 5087 546 5143 tamen
558 5067 721 5139 rudiores
737 5088 812 5134 earn
825 5064 969 5133 sinistre
983 5061 1213 5153 accipiebant.
1266 5067 1436 5136 adversus
1457 5066 1546 5136 alios
1571 5067 1682 5149 cives,
1708 5078 1742 5136 et
1764 5081 1861 5136 metu
1886 5090 2080 5157 poenarum
2098 5065 2192 5138 alios
2208 5089 2268 5136 co-

217 5178 328 5250 Multi
345 5197 469 5248 omnes
490 5173 584 5262 leges
606 5164 781 5240 humanas
798 5165 910 5236 deleri
927 5165 1114 5246 volebant,
1139 5187 1215 5231 non
1267 5164 1416 5240 berceri.
1840 5238 1843 5248 ,
2338 5239 2339 5244 ,

217 5293 358 5349 tantum
375 5273 634 5354 ecclesiasticas,
652 5271 711 5338 scd
732 5267 837 5337 etiam
854 5262 919 5336 has
934 5266 1107 5354 politicas,
1124 5289 1215 5357 quae
1319 5262 1321 5271 '
1367 5267 1551 5338 Postremo
1567 5261 1633 5337 hae
1651 5283 1848 5359 praesentes
1862 5283 1899 5340 et
1914 5272 2038 5340 breves
2060 5293 2197 5359 poenae
2214 5287 2264 5341 te-
2338 5279 2339 5302 ¹

216 5375 520 5468 reguntimperia.
559 5372 684 5443 ,Multi
702 5371 797 5461 quod
816 5367 927 5454 magis
942 5367 1134 5434 dolendum
1150 5379 1213 5450 est,
1265 5382 1405 5440 stantur
1431 5381 1562 5438 restare
1587 5369 1685 5440 aliud
1717 5371 1909 5450 iudicium,
1944 5372 1984 5439 in
2012 5395 2083 5463 quo
2106 5374 2263 5466 aequalis

215 5475 445 5568 disciplinam
458 5474 659 5542 universam
675 5471 722 5544 ita
738 5470 914 5550 laxarunt,
934 5467 1212 5554 utmagnaleri-
1265 5471 1505 5560 compensatio
1521 5471 1591 5542 1111.
1642 5471 1736 5559 Quia
1752 5473 1882 5544 violata
1900 5485 1953 5544 cst
1968 5473 2142 5545 immensa
2159 5477 2260 5554 boui.

406 5740 537 5784 1-
