4688 5826
256 430 346 508 tanti
368 426 502 500 furoris
522 425 608 496 olim
629 423 803 496 lasereet
822 421 1021 494 vastitatem
1043 433 1149 516 atque
1171 417 1247 489 exi-

257 535 350 608 tium
369 529 534 621 religioni
549 542 583 598 et
602 525 769 596 omnibus
785 519 943 596 honestis
956 524 1092 595 artibus
1105 521 1246 606 minari,

259 659 324 708 nec
347 633 506 706 dubitate
526 630 612 723 quin
634 626 710 700 Deo
731 651 863 720 poenas
885 627 1002 697 daturi
1022 627 1105 700 sint.
1172 623 1246 694 Nos

259 761 344 809 vero
366 736 397 806 si
413 731 531 805 etDeo
548 731 652 822 grati,
667 744 700 802 et
716 751 798 820 erga
806 727 998 800 Ecclesiam
1015 730 1067 822 pii
1082 749 1155 798 esse
1171 741 1244 796 stu-

178 909 182 928 ,
259 844 396 924 demus,
411 855 639 926 agnoscamus
653 830 721 902 Dei
734 832 953 913 beneficium,
968 845 1003 902 et
1014 843 1161 923 propter
1173 824 1246 898 Ec-

259 941 384 1016 clesiae
413 939 602 1008 utilitatem
632 948 796 1006 tueamur
826 947 860 1004 et
882 955 1139 1004 conservemus.
1205 929 1246 1001 Si

258 1067 363 1138 quem
386 1041 431 1110 ab
453 1035 511 1108 bis
533 1037 659 1109 studiis
680 1033 748 1107 hoc
768 1039 941 1120 deterret,
974 1038 1069 1129 quod
1093 1056 1167 1104 non
1189 1033 1246 1100 vi-

258 1148 389 1218 dentur
401 1141 517 1212 labori
531 1141 743 1232 respondere
760 1138 933 1230 praemia,
958 1139 990 1208 is
1004 1137 1175 1208 nonsatis
1190 1158 1247 1204 re·

258 1248 383 1338 ligiose
397 1245 441 1314 de
454 1241 531 1314 Deo
546 1242 664 1317 sentit.
716 1239 807 1311 Cum
822 1241 918 1310 enim
933 1241 1055 1332 pietati
1068 1237 1172 1310 toties
1188 1237 1248 1305 in-

259 1347 377 1442 gentia
398 1345 554 1439 praemia
568 1341 664 1414 Deus
684 1344 910 1435 polliceatur,
936 1356 1080 1412 nonest
1103 1342 1147 1410 de
1172 1338 1247 1410 eius

258 1453 327 1524 fide
349 1447 599 1521 dubitandum.
648 1441 795 1516 Alicubi
815 1443 989 1536 promittit
1010 1442 1247 1535 amplissimos

257 1555 400 1643 frugum
422 1561 633 1642 proventus,
657 1548 687 1616 si
709 1548 861 1640 populus
879 1547 1074 1616 liberaliter
1091 1545 1248 1615 conserat
1283 1551 1286 1556 '

258 1657 303 1726 ad
316 1675 400 1725 usus
411 1644 625 1721 necessarios
639 1651 773 1742 templi.
817 1647 937 1738 Quare
950 1673 1013 1718 nec
1026 1647 1132 1716 uobis
1147 1667 1248 1737 prae-

258 1757 330 1828 mia
352 1755 516 1826 defutura
541 1763 642 1832 sunt,
674 1749 704 1821 si
725 1751 842 1824 studia
861 1763 983 1820 nostra
1004 1751 1047 1820 ad
1068 1746 1247 1819 Ecclesiae

258 1857 448 1931 utilitatem
470 1855 702 1927 conferemus.
759 1851 808 1930 Et
830 1866 880 1923 est
903 1849 1032 1944 pietas,
1062 1863 1247 1942 expectan-

195 1971 197 1978 ’
257 1974 329 2032 tem
352 1953 437 2028 haec
459 1955 652 2048 promissa,
684 1952 862 2034 Ecclesiae
884 1955 1098 2026 utilitatibus
1119 1975 1249 2022 consu-

258 2063 342 2140 lere.
394 2059 489 2132 Dixi.

1072 2455 1233 2520 su.1583.

1069 2543 1238 2570 Μ

258 2452 325 2528 No.
338 2453 400 2528 82.

259 2551 397 2578 Μ

489 2659 653 2781 Praef.
678 2665 729 2749 s'ss
752 2662 1015 2750 Hesiodum.
1111 2677 1115 2684 ’

328 2843 408 2920 spus
426 2839 630 2966 Csstipmyl’pp'
642 2839 693 2962 litii
703 2837 1015 2962 sqq.,Riothclqss.¹T.
1030 2841 1063 2964 Hi
1082 2861 1109 2915 p.
1121 2842 1162 2912 9.,
1180 2841 1247 2966 διὲ-Δ

297 3011 300 3020 ·
361 2925 491 3052 bibiani
506 2931 616 3061 v'ol'st'
632 2927 657 3050 ζ.
669 2928 733 3033 sili
751 2925 927 3048 asisii...
944 2917 1247 3038 odibilium?

249 3101 250 3106 ,
361 3053 476 3110 bardum
494 3049 681 3103 Viusrseusem
703 3065 841 3101 enarrasse
860 3047 914 3103 boc
927 3066 1001 3104 suno
1017 3047 1177 3106 llesioduns.

258 3221 515 3327 Praefatios‘n
530 3220 754 3310 Hesiodum,
782 3243 806 3292 ss
823 3225 1081 3298 Franotsoo
1101 3229 1247 3301 Vino-

357 3331 360 3336 '
576 3327 727 3408 riensi
751 3329 930 3398 recitata.

259 3467 359 3556 Cum
386 3479 429 3547 de
457 3473 656 3544 enarrando
684 3469 841 3545 Hesiodo
867 3476 1120 3566 deliberarem,
1153 3481 1248 3553 inter

259 3595 413 3666 caeteras
440 3575 663 3646 difficultates
686 3598 771 3668 quas
794 3577 883 3646 mihi
905 3578 942 3648 id
965 3583 1104 3671 negocii
1130 3607 1248 3655 susce-

181 3687 191 3702 “
234 3675 362 3780 ’pturo
390 3678 588 3774 propositas
617 3700 689 3746 esse
720 3677 980 3768 intelligebam,
1021 3685 1060 3753 iu
1092 3701 1245 3758 mentem

256 3785 327 3868 hoc
351 3805 492 3879 quoquc
513 3778 696 3862 veniebat,
726 3802 800 3848 non
822 3783 1005 3852 debiturus
1028 3809 1122 3873 esse,
1156 3814 1248 3882 quo.-

259 3891 356 3960 niam
386 3908 461 3954 uon
486 3883 534 3951 ita
557 3880 671 3950 multo
695 3893 776 3949 ante
797 3881 827 3950 is
850 3881 959 3954 Poeta
982 3885 1020 3954 in
1041 3883 1106 3957 hac
1126 3887 1246 3960 schola

259 3989 458 4063 luculenter
480 3995 662 4052 enarratus
685 3995 755 4066 est,
787 3983 937 4078 quibus,
968 3987 999 4056 si
1022 3987 1247 4080 relegeretur,

257 4089 440 4168 fastidium
458 4086 620 4177 repetitio
637 4085 799 4156 adferret.
850 4085 964 4158 Video
981 4090 1077 4160 enim
1094 4117 1167 4164 uon
1182 4095 1247 4164 ali.

260 4211 314 4270 ter
340 4204 446 4285 atque
470 4189 577 4277 vulgo
600 4187 719 4266 aiunt,
753 4211 863 4258 novas
886 4192 1068 4263 cautiones
1090 4197 1247 4285 gratissi-

258 4319 335 4370 mas
358 4315 449 4377 esse,
469 4291 517 4362 ita
533 4313 595 4359 vos
610 4288 813 4361 avidissime
830 4294 873 4361 ad
889 4315 948 4363 eos
964 4309 1099 4366 autotes
1117 4323 1248 4390 cogno-

260 4398 420 4479 scendos,
443 4393 505 4486 qui
519 4391 667 4460 minime
681 4393 758 4462 noti
775 4417 815 4463 ac
829 4395 1026 4486 pervulgati
1042 4413 1137 4485 sunt,
1162 4427 1248 4470 con-

258 4503 379 4574 fluere.
429 4492 645 4588 Quanquam
674 4493 784 4582 lgitur
812 4497 975 4582 verebar,
1006 4513 1046 4572 ut
1073 4507 1247 4596 accepturi

259 4601 380 4684 essetis
401 4602 551 4690 poema,
569 4596 668 4688 quod
690 4597 838 4684 gratiam
860 4599 1027 4672 novitatis
1044 4606 1151 4693 paulo
1168 4621 1249 4679 ante

260 4703 374 4788 exuit,
399 4713 519 4770 tamen
540 4697 760 4768 confirmavit
777 4723 832 4766 me
849 4723 970 4770 eornm
987 4703 1178 4793 iudicium,
1205 4711 1249 4779 de
1288 4699 1292 4706 ¹

261 4828 415 4907 quorum
441 4798 591 4870 consilio
614 4797 810 4870 Hesiodum
836 4807 1072 4878 enarrandum
1101 4813 1249 4903 suscepi,

261 4909 324 5006 qui
344 4904 440 5002 quod
462 4901 538 4971 eius
552 4899 683 4974 Poetae
706 4903 942 4992 cognitionem
964 4909 1114 4978 maxime
1135 4911 1247 5003 frugi-

258 5013 372 5083 feram
392 5020 427 5078 et
446 5003 584 5074 liberali
604 5002 749 5092 ingenio
771 5005 1011 5096 dignissimam
1032 5035 1106 5082 esse
1118 5025 1248 5086 statue·

258 5115 367 5193 baut,
398 5131 499 5201 saepe
525 5106 755 5194 relegendum
782 5129 855 5177 esse
884 5109 1099 5192 iudicabant.
1157 5113 1247 5186 Nam

260 5239 342 5290 cum
371 5233 535 5301 magnam
551 5207 746 5280 utilitatem
767 5203 897 5284 habeat
917 5213 1077 5301 relectio,
1109 5230 1142 5287 et
1164 5220 1248 5289 dili-

260 5314 400 5409 geutius
421 5308 682 5403 expendantur,
715 5324 749 5382 et
766 5313 874 5383 altius
895 5314 1187 5407 introspiciantur
1207 5345 1248 5392 ea

260 5441 351 5515 quae
372 5427 616 5499 retractamus3
638 5426 722 5486 sunt
740 5414 855 5501 enim,
880 5429 922 5489 ut
936 5417 1049 5505 scitis,
1073 5418 1249 5520 θευτέραι

795 203 954 356 uuor.
986 241 1063 322 us
1094 239 1300 322 enarr.

1329 243 1389 322 tn
1421 245 1750 332 flustotstttt
2208 250 2277 331 240

1296 417 1495 519 φροντίδες
1513 419 1741 522 uopmipm,
1766 423 1843 494 lore
1857 422 2144 510 arbitrabantur,
2165 439 2205 498 ut
2220 449 2277 498 ue·

1296 527 1429 598 minem
1450 528 1667 618 poeniteret,
1692 523 1890 596 Hesiodum
1914 551 1954 598 es
1979 527 2168 600 intervallo
2182 551 2278 618 regu-

1295 641 1403 700 stasse
1431 642 1467 699 et
1497 630 1645 720 propius
1673 627 1910 718 cognovisse„
1931 630 2032 700 cuius
2055 633 2099 702 de
2121 631 2277 705 omnibus
2323 669 2324 672 ¹

1295 731 1421 802 officiis
1449 744 1521 802 tam
1547 727 1695 804 honesta
1724 743 1907 822 praecepta
1927 745 2029 814 suot,
2060 746 2133 804 tam
2155 730 2277 805 multas

1296 833 1508 916 sententiae,
1533 857 1624 928 quae
1646 834 1693 904 sd
1713 833 1851 904 abditas
1867 847 1901 904 et
1915 833 2094 906 abstrusas
2108 835 2148 904 in
2161 847 2277 910 natura

1296 959 1352 1008 res
1372 937 1633 1026 cognoscendas
1654 935 1808 1020 faciunt,
1838 951 1879 1006 ιιι
1900 959 2085 1032 uunquam
2108 939 2155 1008 de
2177 961 2278 1008 mauu

1297 1040 1528 1133 deponendus
1556 1039 1731 1109 videatur.
1789 1036 1877 1107 Nam
1903 1039 1966 1131 qui
1986 1053 2151 1110 numerat
2170 1041 2278 1131 potius

1296 1165 1402 1236 quam
1422 1141 1570 1230 longum
1590 1141 1785 1229 catalogum
1799 1152 1965 1210 autorum
1983 1142 2156 1226 audierit,
2180 1165 2277 1234 quam

1295 1256 1464 1334 supputat
1477 1244 1566 1338 quid
1581 1267 1621 1312 ex
1637 1263 1779 1338 quoque
1793 1241 2023 1329 lucrifecerit,
2049 1245 2080 1313 is
2095 1243 2181 1314 sciat
2196 1267 2229 1312 se
2244 1243 2276 1312 iu
2323 1235 2324 1304 ι

1297 1345 1422 1416 studiis
1444 1345 1657 1416 infoeliciter
1678 1343 1820 1414 versari.
1884 1341 2007 1438 Neque
2027 1369 2112 1416 vcro
2136 1346 2276 1416 multum

1296 1447 1459 1518 utilitatis
1481 1447 1616 1517 adferre
1638 1447 1790 1538 scriptor
1810 1443 1905 1516 ullus
1927 1461 2060 1538 potest,
2085 1448 2192 1518 semel
2207 1461 2276 1517 tau·
2323 1463 2324 1514 i

1297 1562 1373 1619 tum
1394 1549 1492 1620 velut
1507 1573 1528 1619 a
1544 1549 1669 1620 limine
1683 1549 1867 1622 salutatus.
1916 1541 1970 1620 Et
1980 1547 2179 1620 Hesiodum
2194 1563 2276 1619 sete-
2323 1595 2324 1604 ι

1296 1673 1452 1721 resnou
1480 1664 1619 1722 tautum
1649 1661 1864 1742 putaverunt
1890 1653 1998 1722 semel
2024 1666 2131 1746 atque
2158 1653 2275 1721 itenrm
2323 1719 2324 1754 ,

1297 1753 1486 1842 legendum
1510 1775 1601 1833 esse,
1634 1754 1694 1824 sed
1718 1751 1946 1823 ediscendum
1967 1755 2136 1824 omnibus
2160 1751 2276 1846 pueris,
2323 1767 2324 1802 t

1297 1856 1360 1948 qui
1381 1855 1576 1926 liberaliter
1596 1855 1890 1938 instituebantur,
1914 1867 1955 1924 ιιι
1970 1853 2169 1926 Columella
2184 1869 2277 1925 testa·
2323 1863 2324 1948 g

1299 1971 1375 2042 tur,
1405 1958 1663 2050 proponebant.
1720 1953 1799 2046 Ego
1823 1955 1933 2045 igitur
1957 1953 2013 2027 liis
2036 1958 2152 2028 causis
2175 1957 2276 2026 addu-

1298 2071 1374 2130 ctus
1394 2070 1502 2147 sum,
1515 2071 1557 2130 ut
1578 2059 1790 2150 susceperim
1813 2052 1909 2127 bunc
1923 2053 2068 2134 Possem
2092 2082 2213 2129 rursus
2228 2057 2276 2126 iu·
2323 2063 2324 2114 l

1298 2163 1575 2253 terpretandum.
1641 2159 1712 2233 Sed
1726 2159 1906 2260 'quoniam
1928 2163 2031 2254 cupio
2055 2163 2158 2232 vobis
2181 2161 2275 2232 ctiam

1297 2265 1508 2355 persuadere
1534 2263 1658 2335 utilem
1689 2285 1833 2352 operam
1866 2284 1927 2331 vos
1955 2263 1994 2332 in
2024 2289 2066 2336 eo
2095 2263 2275 2355 repetendo
2323 2263 2324 2318 ι

1297 2379 1502 2458 sumpturos
1519 2389 1610 2448 esse,
1635 2363 1818 2456 aliquanto
1835 2361 1940 2434 latius
1954 2359 2062 2437 buius
2075 2367 2147 2434 mei
2165 2361 2275 2434 iudicii
2323 2397 2324 2460 ι

1297 2469 1387 2538 ratio
1403 2461 1492 2535 mibi
1508 2467 1715 2557 exponenda
1733 2478 1802 2550 est,
1823 2476 1857 2536 et
1871 2463 2081 2554 dicendum,
2108 2465 2274 2562 quomodo
2323 2465 2324 2482 ¹

1297 2571 1412 2658 legere
1432 2581 1591 2639 veterum
1608 2567 1736 2658 scripta
1753 2568 1939 2643 conducat.
1991 2567 2073 2659 Qua
2088 2571 2133 2640 de
2146 2591 2184 2638 re
2199 2569 2275 2638 dum
2323 2583 2324 2624 ι

1297 2673 1398 2757 dico,
1430 2693 1560 2766 quaeso
1580 2693 1638 2740 me
1659 2669 1849 2759 diligenter
1869 2671 2052 2747 attendite.
2110 2669 2200 2743 Nam
2222 2668 2275 2764 qui

1297 2775 1337 2844 in
1366 2775 1535 2844 discendo
1563 2767 1658 2841 nibil
1686 2772 1785 2843 aliud
1811 2771 1953 2842 consilii
1974 2769 2125 2861 babent,
2155 2773 2220 2842 uisi
2240 2783 2274 2838 ut

1296 2875 1407 2947 multa
1434 2867 1573 2965 legant,
1602 2869 1642 2943 hi
1667 2869 1760 2944 mihi
1788 2887 1957 2969 tauquam
1985 2877 2044 2948 via
2071 2877 2181 2969 lapsi,
2209 2887 2274 2946 toto

1297 2977 1394 3050 coelo
1409 2999 1526 3048 errare
1541 2975 1719 3048 videntur.
2323 2987 2324 3022 ι

1398 3077 1556 3150 Proinde
1577 3079 1626 3148 sic
1651 3089 1787 3164 statuo,
1811 3101 1943 3171 paucos
1960 3081 2132 3175 quosdam
2159 3101 2274 3175 eosque

1296 3182 1449 3274 optimos
1466 3205 1508 3251 ex
1522 3180 1586 3250 illo
1603 3201 1731 3270 magno
1747 3181 1924 3252 librorum
1938 3207 2089 3254 numero
2108 3185 2272 3276 eligendos

1298 3307 1389 3370 esse,
1422 3283 1554 3379 quibus
1582 3307 1602 3352 a
1631 3283 1745 3375 prima
1769 3283 1925 3375 puericia
1947 3285 2138 3374 innutriti,
2164 3303 2273 3356 omncs
2323 3287 2324 3378 l

1297 3411 1420 3458 eorum
1448 3385 1657 3466 sententias,
1689 3397 1730 3454 ut
1757 3385 1887 3475 digitos
1911 3409 1952 3457 ac
1976 3409 2114 3478 ungues
2136 3401 2273 3472 nostros,

1296 3505 1511 3575 teneamus,
1531 3501 1567 3560 et
1593 3509 1791 3556 sennonem
1821 3509 1960 3576 corum,
1993 3513 2101 3584 quam
2128 3489 2272 3584 proxime
2323 3491 2324 3572 l

1296 3592 1374 3661 fieri
1408 3601 1540 3682 potest,
1578 3601 1699 3658 nostra
1737 3588 1851 3660 oratio
1887 3591 2015 3661 referat
2051 3613 2092 3662 ac
2120 3591 2272 3664 redoleat.
2323 3599 2324 3688 ᾗ

1298 3689 1557 3763 Animaduerto
1578 3704 1695 3759 autem
1718 3683 1810 3761 banc
1827 3691 2024 3762 orationem
2039 3693 2078 3763 in
2094 3688 2272 3787 repreben·
2323 3695 2324 3766 ξ

1297 3797 1436 3865 sionem
1465 3793 1690 3886 quorundam
1719 3791 1985 3883 imperitorum,
2026 3795 2090 3890 qui
2120 3796 2272 3866 varietate
2323 3785 2324 3856 l

1296 3895 1460 3967 lectionis
1486 3893 1670 3964 doctrinae
1697 3893 1829 3963 famam
1851 3911 2090 3988 aucupantur,
2124 3900 2272 3968 incursu·
2323 3873 2324 3942 l

1296 4023 1373 4069 ram
1396 4019 1489 4082 esse,
1514 3997 1578 4090 qui
1599 4019 1656 4065 me
1678 3995 1850 4065 desidiam
1873 3997 2068 4070 iuventutis
2084 4024 2179 4071 noro
2195 4021 2272 4091 quo-
2323 4027 2324 4044 ι

1298 4103 1380 4172 dam
1401 4099 1580 4191 paradoxo
1602 4097 1697 4168 alere
1715 4097 2022 4188 vociferabuntur,
2047 4125 2127 4172 curn
2143 4102 2272 4172 audient

1298 4227 1354 4272 me
1387 4201 1521 4271 variam
1556 4214 1591 4272 et
1626 4199 1822 4274 multorum
1855 4201 2043 4274 lectionem
2072 4204 2270 4297 improbare.

1298 4299 1375 4395 Ego
1388 4327 1472 4373 vero
1487 4301 1517 4372 si
1533 4326 1639 4396 quarn
1654 4325 1785 4372 novam
1800 4301 1912 4393 legem
1928 4305 2029 4375 nullo
2046 4319 2184 4391 autore,
2205 4299 2270 4374 sine

1298 4406 1465 4493 gravibus
1493 4406 1640 4476 testibus
1660 4403 1807 4492 ferrem,
1844 4406 1923 4476 iure
1943 4407 2142 4498 culpandus
2163 4427 2270 4477 essem.

1299 4507 1421 4602 Neque
1442 4507 1537 4576 enim
1560 4507 1615 4575 vel
1636 4520 1730 4577 aetas
1747 4529 1824 4576 mea
1841 4507 1898 4577 vel
1913 4509 2088 4590 eruditio,
2115 4511 2171 4580 vel
2184 4520 2270 4578 auto-
2323 4533 2324 4552 ι

1298 4611 1385 4681 ritas
1404 4609 1577 4680 eiusmodi
1593 4622 1662 4688 est,
1684 4622 1726 4678 ut
1739 4631 1877 4678 sumere
1895 4604 1984 4679 mibi
1999 4613 2094 4704 apud
2108 4635 2170 4681 vos
2183 4629 2270 4702 prae·

1300 4712 1463 4805 cipientis
1482 4733 1668 4803 personam
1694 4710 1825 4796 auslm;
1859 4735 1982 4782 verum
2003 4735 2043 4782 ea
2067 4737 2157 4807 quae
2176 4735 2194 4782 a
2214 4711 2271 4779 do-

1299 4812 1463 4886 ctissimis
1491 4813 1577 4883 viris
1598 4811 1729 4882 tradita
1753 4812 1997 4896 meminimus,
2029 4839 2187 4909 quaeque
2207 4833 2271 4880 me-

1299 4915 1414 4987 diocri
1428 4909 1556 4986 barum
1571 4914 1775 4995 literarum,
1800 4913 1839 4984 in
1855 4915 1986 5008 quibus
1997 4939 2193 4998 versamur,
2213 4931 2271 4982 usu

1299 5017 1548 5108 cognovimus,
1572 5017 1611 5092 in
1631 5012 1789 5084 medium
1811 5017 1936 5087 afferre
1956 5019 2064 5095 officii
2084 5017 2194 5089 nostri
2210 5031 2272 5084 esse

1299 5120 1545 5190 iudicavimus.
1612 5115 1784 5188 Horatius
1811 5117 1875 5190 ait:
1912 5117 1979 5190 Vel
2007 5121 2038 5190 si
2069 5141 2187 5190 caecus
2214 5117 2271 5185 iter

1298 5233 1496 5293 monstrare
1531 5219 1634 5305 velit,
1674 5233 1793 5290 tamen
1827 5219 2094 5314 adspiciendum
2123 5243 2210 5305 esse,
2244 5211 2270 5283 sl

1299 5325 1386 5418 quid
1414 5335 1558 5393 moneat
1587 5321 1683 5417 quod
1710 5342 1784 5392 non
1811 5323 1859 5394 sit
1885 5323 2023 5399 inutile.
2084 5321 2198 5414 Quare
2217 5335 2272 5387 vos

1299 5449 1403 5517 rogo,
1429 5449 1475 5496 ue
1497 5425 1669 5516 gravatim
1693 5439 1765 5497 taus
1787 5425 1895 5497 variis
1918 5425 2149 5519 opinionibus
2159 5439 2268 5494 eorum
