4726 5828
108 247 206 417 ‚sor
597 312 755 390 nucu.
789 311 863 386 nr
899 309 1121 385 roenna
1155 295 1305 388 nucu
1340 311 1463 387 sax.
1494 248 1698 388 unser.
2090 319 2170 392 ssa

127 517 220 578 esse,
242 515 316 562 non
336 488 614 581 pleonecticum,
639 509 713 557 non
736 488 911 570 fucatum,
936 507 1012 555 non
1030 485 1121 554 insi·
1169 505 1254 556 vero
1270 485 1339 556 sibi
1357 485 1426 576 ipsi
1440 485 1625 554 exitiosum
1644 507 1726 554 esse.
1778 484 1862 556 Non
1879 487 2082 558 dubitemus
2097 491 2166 578 igi-

127 597 288 679 diosum,
314 615 388 662 non
404 592 575 674 lividum,
601 613 677 659 non
700 589 878 679 suspicax,
903 587 1060 657 alienum
1075 589 1121 658 ab
1169 603 1247 678 tur,
1273 589 1381 657 fnisse
1403 589 1499 656 viros
1520 588 1634 656 bonos
1659 583 1725 657 hos
1746 587 1842 680 ipsos
1866 587 2068 680 Principes,
2095 588 2169 661 Er-

126 696 385 778 semulatione,
409 717 428 762 a
448 691 675 777 crudelitate,
703 693 749 760 ab
772 689 941 773 avaritia,
970 689 1120 758 curiosi·
1169 703 1308 759 nestum
1342 701 1376 758 et
1410 689 1618 769 Albertum,
1658 703 1692 758 et
1723 689 1852 758 deinde
1878 689 2099 762 Fridericum
2128 708 2164 764 et

126 814 217 881 tate,
249 821 269 867 a
294 785 659 893 πολυπραγμοσύνη,
691 792 841 861 candide
864 813 967 860 snum
993 791 1120 882 cuique
1169 791 1357 880 loannem,
1383 792 1465 883 quia
1482 791 1583 860 nulla
1605 791 1699 860 inter
1723 815 1781 861 cos
1804 789 1979 861 discordia
2004 817 2163 887 unquam

126 904 245 972 locum
263 900 442 981 tribuens,
467 897 621 986 fugitans
641 894 816 973 rixarum,
842 914 965 961 amans
986 893 1120 981 princi·
1169 895 1297 964 extitit:
1324 907 1359 962 et
1381 893 1512 962 talibus
1535 893 1703 982 exemplis
1727 915 1792 962 nos
1814 887 2007 964 invitemus
2024 899 2066 965 ad
2090 897 2164 965 fra-

125 1025 213 1094 pum
255 993 554 1070 consociationem
591 1009 626 1066 et
660 995 839 1085 publicam
883 993 1118 1067 concordiam.
1168 1011 1304 1066 ternam
1325 995 1550 1064 concordiam
1568 997 1748 1064 tuendam.
1783 992 1983 1064 Adiicerem
1999 991 2057 1066 bic
2073 987 2163 1090 quac

125 1102 202 1174 Has
221 1104 368 1172 virtutes
389 1101 533 1190 regebat
554 1121 629 1166 non
650 1097 838 1168 ostentatio
854 1096 1046 1186 sapientiae
1062 1118 1120 1164 so·
1168 1098 1403 1166 communiter
1419 1095 1571 1185 egerint,
1597 1097 1657 1164 sed
1675 1097 1845 1186 temporis
1862 1099 2023 1186 angustia
2048 1099 2163 1190 impe·
2217 1103 2219 1112 ’

125 1202 299 1297 phistica,
332 1203 391 1272 sed
424 1225 505 1270 vera
537 1200 746 1290 prudentia,
780 1199 921 1268 intuens
945 1197 1119 1268 virtutum
1169 1201 1258 1270 dior.
1302 1195 1458 1266 Tantum
1479 1193 1564 1266 baec
1579 1197 1678 1288 signa
1697 1221 1814 1266 rerum
1831 1199 2046 1283 futurarum,
2073 1223 2162 1292 quae

124 1309 260 1389 fontes,
294 1316 476 1396 praecepta
495 1301 580 1388 Dei,
612 1314 647 1370 et
669 1300 894 1390 disciplinam
919 1323 938 1368 a
961 1299 1120 1368 moribus
1169 1301 1311 1392 utrique
1331 1300 1437 1366 simul
1464 1317 1603 1368 ostensa
1627 1313 1728 1378 sunt,
1756 1301 1924 1373 recitabo.
1976 1298 2031 1370 Eo
2054 1325 2162 1382 anno,

125 1408 306 1478 traditam.
363 1401 437 1476 Nec
460 1403 580 1474 deerat
603 1403 636 1471 ei
669 1404 833 1472 facundia
863 1402 908 1470 ad
939 1423 1120 1491 exponen·
1169 1425 1239 1494 quo
1269 1400 1423 1490 primum
1447 1423 1567 1468 mense
1596 1399 1789 1470 Novembri
1816 1403 1930 1472 editae
1954 1417 2038 1473 sunt
2059 1426 2161 1472 reve-

126 1497 209 1578 dam
227 1507 338 1578 animi
353 1505 574 1576 sententiam.
870 1525 873 1530 ·
1169 1504 1271 1572 rendi
1294 1503 1361 1570 viri
1379 1500 1423 1573 D.
1447 1498 1597 1572 Lutberi
1620 1504 1882 1594 propositiones
1906 1506 1951 1573 de
1972 1505 2163 1593 indulgen-
2236 1539 2243 1550 =

227 1605 320 1680 Cum
338 1619 455 1676 autem
479 1608 693 1677 etfraterex
715 1604 811 1674 bello
832 1603 970 1673 Veneto
994 1603 1033 1670 in
1055 1627 1120 1694 pa·
1169 1606 1245 1689 tiis,
1281 1627 1360 1672 cnm
1380 1627 1421 1672 ex
1446 1605 1581 1691 templo
1605 1602 1810 1674 Wimariae
1831 1606 1869 1674 in
1895 1606 2007 1675 natali
2028 1602 2164 1676 Christi

126 1712 232 1782 triam
248 1710 420 1793 rediisset,
445 1708 493 1777 ita
510 1708 674 1778 vixerunt
687 1729 758 1775 una
773 1705 928 1796 primum
944 1705 981 1772 in
998 1707 1118 1773 eadem
1168 1709 1239 1776 duo
1262 1706 1404 1789 fratres,
1436 1718 1469 1774 et
1486 1706 1580 1773 tilius
1594 1703 1675 1773 Dux
1692 1703 1845 1775 loannes
1856 1709 2062 1778 Fridericus
2079 1731 2163 1792 una,

126 1816 255 1896 domo,
280 1823 401 1902 postea
416 1809 564 1878 diversis
585 1809 691 1878 locis:
716 1831 791 1875 non
813 1808 928 1876 solum
951 1818 992 1876 ut
1011 1806 1120 1874 fuerit
1170 1821 1247 1900 post
1272 1809 1423 1875 mediam
1448 1819 1606 1890 noctem,
1646 1821 1686 1877 ut
1710 1831 1834 1898 magna
1857 1811 1897 1878 in
1916 1823 2067 1902 utroque
2090 1823 2164 1880 erat

126 1927 295 2006 perpetua
318 1914 478 2002 ipsorum
508 1909 718 1995 concordia,
758 1909 947 1978 sedetiam
975 1921 1119 1976 mutuus
1169 1909 1365 1978 reverentia
1384 1931 1463 1996 erga
1478 1933 1534 1976 res
1553 1909 1711 1993 divinas,
1742 1911 1974 1999 egrediuntur
1995 1911 2164 1981 cum'fre-

127 2041 246 2100 amor,
272 2013 385 2108 quiin
403 2035 525 2082 eorum
543 2025 699 2094 senecta,
724 2011 762 2078 in
779 2011 964 2102 utriusque
979 2009 1119 2100 pericu·
1170 2011 1292 2104 quenti
1310 2011 1498 2093 comitatu,
1526 2011 1648 2079 vident
1665 2033 1770 2101 supra
1789 2035 1924 2097 arcem,
1951 2013 2048 2082 coelo
2070 2036 2164 2082 sere·

125 2119 172 2186 lis
204 2132 238 2187 et
268 2115 485 2206 gravissimis
516 2112 836 2182 deliberationibus
865 2115 970 2180 etiam
1000 2110 1120 2180 crevit.
1169 2138 1233 2197 no,
1259 2113 1451 2200 fulgentem
1471 2135 1607 2180 crucem
1628 2137 1861 2203 purpuream,
1886 2115 1970 2184 satis
1986 2138 2163 2204 magnam,

126 2219 183 2291 Dc
198 2218 333 2288 arcanis
350 2217 457 2286 rebus
472 2214 639 2283 omnibus
661 2215 756 2284 inter
777 2235 850 2282 sese
864 2213 1120 2296 deliberabant,
1170 2229 1203 2284 et
1218 2217 1400 2304 perspicue
1422 2237 1581 2300 expressa
1600 2214 1723 2302 figura.
1775 2213 1929 2298 ,ibicum
1946 2217 2009 2285 diu
2031 2229 2164 2287 starent

126 2321 248 2392 omnia
272 2319 311 2387 in
326 2316 523 2408 Republica
540 2316 808 2385 communicatis
831 2315 1016 2384 sententiis
1035 2337 1121 2382 con·
1170 2315 1310 2386 attoniti
1333 2327 1562 2404 spectatores,
1598 2317 1724 2385 fratres
1746 2317 1902 2412 colloqui
1920 2319 1964 2386 de
1991 2318 2165 2408 religione

126 2423 332 2494 stituebant.
395 2414 485 2488 Erat
518 2417 691 2486 excellens
726 2417 896 2506 sapientia
929 2414 1119 2484 Friderici:
1171 2431 1378 2507 coeperunt:
1411 2430 1444 2485 et
1469 2439 1509 2484 eo
1531 2417 1632 2504 signo
1654 2418 1819 2508 portendi
1835 2421 1953 2488 futura
1971 2421 2165 2490 certamina

126 2547 241 2616 eoque
256 2521 375 2590 minus
393 2519 463 2588 sibi
485 2520 682 2599 tribuebat,
716 2531 751 2588 et
774 2519 905 2588 sciebat
924 2518 1025 2586 fratri
1046 2539 1118 2585 non
1170 2523 1213 2589 de
1236 2519 1416 2603 doctrina,
1442 2532 1476 2588 et
1500 2519 1626 2588 domus
1653 2517 1846 2589 Saxonicae
1869 2521 2045 2611 pericula,
2072 2521 2164 2590 vati-

124 2627 247 2696 deesse
269 2621 478 2705 consilium,
504 2633 538 2689 et
555 2621 746 2711 gubernari
765 2623 941 2690 bonorum
962 2619 1119 2687 virorum
1171 2623 1279 2690 cinati
1295 2634 1388 2689 sunt.
1410 2633 1417 2644 '
1441 2617 1581 2690 Accidit
1599 2621 1705 2690 etiam
1728 2622 1800 2690 illis
1814 2623 1935 2708 annis,
1959 2635 2001 2692 ut
2023 2645 2103 2691 cum
2122 2645 2164 2692 ex

126 2739 262 2796 mentes
278 2750 297 2793 a
313 2723 389 2794 Deo
404 2724 596 2806 statuebat,
621 2723 761 2815 qualem
777 2745 849 2791 esse
863 2723 1007 2789 fratrem
1024 2721 1119 2788 indi·
1172 2721 1314 2810 Argelia
1337 2723 1374 2788 in
1400 2719 1485 2791 Albi
1513 2722 1722 2811 navigarent
1747 2723 1995 2812 Witebergam
2024 2723 2063 2792 in
2087 2724 2164 2814 ipsa

126 2829 238 2899 sabat.
290 2823 429 2894 Deinde
447 2824 491 2892 ad
507 2824 790 2894 benevolentiam
809 2825 996 2902 tuendam,
1024 2822 1118 2889 etad
1171 2827 1315 2902 bruma,
1342 2823 1443 2892 navis
1466 2823 1604 2892 duriter
1622 2839 1782 2916 quassata
1805 2825 1850 2894 sit
1872 2825 2000 2915 glacie,
2027 2839 2164 2895 utnon

126 2927 394 3018 significandam
416 2927 682 3018 aequalitatem,
707 2927 884 3015 pertinere
910 2919 1001 2993 banc
1023 2947 1121 2990 com·
1173 2947 1296 3014 parvas
1311 2925 1422 2992 moles
1437 2925 1616 2993 interdum
1631 2920 1730 2996 vehit
1739 2923 1855 2997 Albis.
1889 2925 2027 2996 Nolunt
2041 2940 2163 2996 tamen

126 3026 405 3098 municationem
422 3028 673 3107 consiliorum,
695 3040 829 3123 norat.x
861 3024 1007 3119 thnia
1024 3049 1121 3094 com·
1170 3027 1354 3116 Principes
1371 3027 1492 3094 navim
1510 3028 1554 3094 ad
1580 3027 1693 3118 ripam
1716 3029 1816 3118 prius
1833 3029 2031 3118 adplicare‚
2056 3051 2164 3120 quam
2252 3029 2254 3034 ’

116 3131 250 3220 ,munia
277 3142 378 3198 erant
406 3129 580 3218 pericula,
609 3141 643 3198 et
671 3129 871 3197 communis
899 3126 1121 3216 gubernatio,
1148 3133 1149 3136 ’
1172 3125 1240 3198 buc
1264 3131 1308 3196 ad
1339 3149 1454 3196 arcem
1476 3141 1620 3198 ventum
1650 3141 1755 3199 esset:
1791 3153 1995 3222 quanquam
2023 3130 2164 3202 tabulae

39 3233 46 3244 '
126 3233 260 3302 iustum
275 3241 350 3300 erat
368 3251 575 3297 communes
599 3251 673 3297 esse
687 3229 978 3312 deliberationes,
1004 3242 1042 3296 ut
1060 3227 1120 3294 ille
1171 3230 1271 3298 navis
1288 3231 1356 3297 iam
1373 3224 1553 3297 debiscere
1570 3230 1799 3319 incipiebant.
1852 3230 2075 3302 Cumantem
2093 3226 2164 3300 buc

126 3333 266 3424 sapiens
288 3327 460 3400 Aeacides
490 3327 615 3398 Peleus
648 3329 742 3398 inter
765 3330 988 3418 Argonautas
1021 3327 1120 3396 dicit:
1171 3343 1314 3399 ventum
1342 3344 1449 3414 esset,
1485 3345 1518 3400 et
1549 3332 1618 3399 iam
1646 3327 1830 3424 Principes
1856 3355 1898 3400 ex
1924 3335 2006 3402 navi
2035 3333 2165 3422 egressi

126 3432 338 3504 Communis
365 3431 552 3500 necessitas
577 3445 644 3514 est,
679 3432 751 3502 sint
781 3431 889 3520 igitur
916 3452 1121 3500 communes
1172 3443 1305 3517 essent,
1338 3433 1543 3523 prinsquam
1578 3433 1715 3524 reliqua
1748 3435 1940 3504 multitudo
1974 3435 2013 3502 in
2046 3434 2163 3523 ripam

127 3535 411 3605 deliberationes.
463 3531 544 3602 Non
561 3555 623 3602 sua
637 3533 783 3622 gandia,
810 3549 870 3604 aut
883 3557 965 3601 snos
980 3533 1121 3600 dolores
1173 3534 1346 3616 ascendit,
1372 3534 1615 3602 dissolvuntur
1630 3535 1792 3618 tabulae,
1818 3549 1852 3604 et
1874 3535 2001 3624 passim
2022 3535 2061 3602 in
2076 3533 2162 3603 Albi

128 3639 297 3708 alteruter
321 3637 486 3728 cuiquam
515 3635 614 3725 prins
637 3659 742 3728 quam
769 3634 870 3703 fratri
902 3634 1119 3722 significavit.
1173 3647 1305 3704 natant.
1357 3633 1460 3705 Stant
1476 3635 1581 3703 simul
1597 3635 1722 3704 fratres
1735 3636 1774 3703 in
1790 3637 1880 3727 ripa,
1906 3649 1941 3706 et
1955 3637 2112 3705 fatentur
2126 3659 2163 3704 se

127 3737 212 3810 Post
231 3737 437 3808 electionem
454 3734 613 3807 Caroli
600 3737 825 3828 amperatoris
851 3735 1053 3805 Fridericus
1075 3735 1117 3801 ad
1171 3738 1344 3806 divinitus
1367 3751 1521 3805 servatos
1543 3760 1627 3806 esse.
1690 3735 1892 3806 Fridericus
1915 3739 2019 3807 etiam
2047 3737 2162 3807 addit:

126 3840 307 3910 fratrem
296 3861 336 3907 rn
359 3840 486 3908 itinere
510 3861 592 3906 mox
616 3840 776 3917 deflexit,
809 3839 924 3956 eique·
935 3833 1120 3906 historiam
1172 3837 1317 3909 Utinam
1341 3833 1425 3906 baec
1448 3839 1549 3906 navis
1569 3861 1643 3908 non
1665 3839 1834 3929 significet
1856 3840 2080 3928 naufragium
2096 3841 2162 3908 do·

127 3945 322 4031 integram,
347 3941 474 4010 ordine
495 3939 730 4009 assidentibus
745 3941 943 4032 praecipuis
963 3939 1047 4007 viris
1064 3961 1119 4007 re·
1172 3963 1250 4012 mus
1267 3939 1494 4010 saxonicae.-

128 4045 262 4114 citavit.
1272 4039 1356 4110 Fuit
1384 4055 1500 4110 antem
1533 4035 1707 4131 postrema
1739 4043 1887 4134 epistola
1913 4039 2085 4115 Friderici
2116 4044 2164 4112 ad

229 4143 281 4213 Ac
318 4143 413 4212 inter
444 4141 602 4232 exempla
634 4143 810 4212 fraternae
842 4139 1054 4212 concordiae
1082 4135 1119 4208 bi
1171 4148 1332 4228 fratrem,
1353 4144 1902 4233 scriptatriduoantemortem,
1928 4145 1965 4212 in
1990 4145 2066 4234 ipso
2087 4143 2165 4212 ini·

127 4250 200 4317 dno
230 4247 356 4314 fratres
385 4243 512 4314 merito
544 4243 785 4337 celebrantur:
821 4248 881 4314 sed
916 4255 1121 4335 acceperant
1171 4247 1224 4316 tio
1245 4245 1414 4314 rusticani
1436 4246 1626 4328 tumultus,
1660 4246 1723 4338 qui
1745 4271 1818 4314 non
1842 4248 1964 4336 procul
1988 4248 2032 4314 ab
2057 4244 2164 4317 Ulma

125 4348 196 4439 ipsi
218 4370 360 4439 quoque
384 4369 403 4414 a
426 4359 525 4435 patre
549 4340 719 4428 Ernesto,
751 4360 785 4415 et
807 4361 934 4437 patruo
960 4343 1121 4428 Alberto,
1171 4362 1270 4418 ortus
1299 4359 1445 4437 propter
1474 4349 1697 4438 tyrannidem
1721 4345 1871 4418 Abbatis
1899 4347 2116 4417 cuiusdam
2105 4371 2164 4416 m·

126 4449 243 4518 simile
273 4447 485 4538 exemplum.
552 4443 650 4518 inter
672 4471 778 4564 quos,
812 4471 1014 4540 quanquam
1037 4468 1121 4535 opes
1171 4451 1325 4539 signem,
1351 4461 1391 4517 ut
1414 4462 1509 4517 certo
1530 4472 1677 4519 narrare
1699 4472 1856 4540 possem,
1882 4463 2089 4539 pervagatus
2113 4463 2165 4520 est

128 4575 251 4620 eorum
270 4573 422 4618 maiores
435 4562 536 4618 erant
562 4561 594 4616 et
621 4571 736 4616 maror
750 4549 844 4619 vitae
857 4547 1122 4630 drss1m1lrtudo
1171 4552 1282 4620 multa
1302 4548 1515 4620 Germaniae
1530 4551 1617 4623 loca
1658 4549 1700 4618 In
1718 4545 1783 4619 hac
1798 4552 1943 4641 eprstola
1961 4551 2165 4620 consolatur

124 4667 248 4722 tamen
274 4650 373 4718 nulla
395 4651 570 4720 discordia
593 4661 669 4718 orta
693 4661 756 4722 est.
804 4647 945 4720 Recitat
970 4662 1122 4718 vetustas
1172 4655 1334 4734 fratrem,
1359 4651 1848 4721 narratdivinaclementia
1838 4677 1875 4720 m
1890 4652 2164 4740 multismagnis

126 4752 307 4824 Castorem
325 4764 360 4821 et
377 4749 577 4837 Pollucem,
601 4752 729 4820 fratres
749 4749 980 4842 Scipiones,
970 4773 1123 4841 impera-
1173 4753 1338 4844 periculis
1362 4776 1398 4822 se
1419 4766 1452 4822 et
1473 4754 1617 4824 fratrem
1643 4767 1797 4823 servatos
1819 4777 1914 4838 esse,
1945 4755 2022 4822 fore
2046 4747 2170 4822 Deum·

21 4907 24 4918 Δ
125 4871 220 4926 tores
235 4853 459 4936 Antoninos,
485 4855 635 4942 collegas
653 4851 815 4921 Marcum
838 4867 872 4922 et
887 4851 1033 4922 Verum.
1075 4847 1122 4920 Et
1172 4857 1353 4925 custodem
1371 4851 1477 4923 buius
1499 4855 1653 4945 regionis
1674 4856 1778 4925 etiam
1797 4856 1975 4947 deinceps,
2002 4856 2165 4924 neclon-

128 4954 216 5027 haec
232 4969 326 5025 aetas
345 4955 475 5025 intueri
492 4957 596 5024 debet
611 4953 777 5025 Carolum
791 4967 827 5022 et
841 4952 1122 5025 Ferdinandnm.
1172 4977 1254 5067 gum
1268 4957 1343 5024 fore
1358 4950 1453 5024 bunc
1467 4980 1621 5025 errorem
1636 4957 1766 5047 plebis:
1792 4960 1851 5026 sed
1868 4957 2064 5026 curandum
2080 4979 2166 5041 csse,

232 5053 297 5128 Est
327 5069 441 5126 antem
471 5079 535 5147 per
564 5077 637 5124 sese
668 5057 781 5126 virtus
812 5055 967 5146 egregia,
1000 5069 1121 5126 mutua
1172 5071 1211 5126 ut
1228 5061 1291 5147 per
1309 5054 1470 5126 Pastores
1486 5059 1529 5126 de
1544 5059 1661 5127 officio
1678 5082 1741 5128 suo
1758 5054 1921 5128 homines
1934 5071 2028 5128 recte
2043 5058 2165 5128 erudi·

129 5154 273 5278 Mqud·
292 5159 532 5236 infratribus,
554 5171 676 5226 etnon
697 5159 774 5227 siue
792 5157 1123 5229 multisvirtutibus
1172 5171 1306 5231 rentur.
1365 5155 1412 5227 Et
1439 5171 1478 5228 ut
1505 5159 1579 5248 ipse
1607 5154 1735 5231 babeat
1758 5159 1952 5252 praesidia,
1988 5173 2022 5228 et
2045 5159 2166 5250 paucis
2288 5151 2291 5158 ’

126 5259 276 5330 retineri
298 5255 383 5328 haec
408 5259 651 5327 benevolentia
675 5271 800 5348 potest.
854 5259 927 5328 lmo
948 5284 993 5328 ne
1010 5275 1123 5349 potest
1173 5259 1347 5350 castogatrs
1362 5271 1517 5348 parceret
1532 5261 1766 5331 multitudrm
1799 5261 1936 5338 Deinde
1951 5260 2020 5350 agit
2035 5261 2167 5352 granas

92 5361 307 5459 »quidem
296 5359 366 5428 nisi
392 5360 485 5446 inter
513 5360 627 5428 bonos
649 5361 813 5429 retineri:
847 5376 887 5431 ut
916 5357 1123 5454 philosophi
1173 5383 1237 5454 pro
1254 5375 1421 5481 perpetua
1438 5361 1697 5443 benevolentia,
1723 5361 2031 5453 etsignificatiam
2048 5363 2168 5433 morbi

123 5463 267 5546 dicunt,
304 5439 447 5532 Bonum
479 5484 598 5530 amare
629 5463 953 5552 congregationem,
989 5465 1122 5536 malum
1172 5465 1322 5534 saevicia
1339 5477 1488 5535 naturae
1504 5463 1597 5532 vires
1614 5477 1793 5554 superatas
1809 5487 1893 5541 esse.
1945 5461 2042 5536 Sed
2031 5487 2070 5533 m
2086 5486 2167 5556 goe·
2270 5511 2271 5514 =
