4614 5820
226 225 302 304 sae
813 213 973 290 onon.
1017 210 1092 286 nn
1125 181 1673 290 tnnn‘eosstontvot.
2198 219 2270 296 sto

228 413 311 473 vata
330 393 541 490 aequalitate
563 417 670 489 quam
692 391 805 464 sancit
826 387 941 476 Deus,
965 413 1046 460 cum
1069 388 1135 458 ait:
1158 384 1225 456 Di·
1275 389 1423 481 imperia
1439 391 1559 461 lutura
1572 391 1685 482 magis
1698 391 1903 464 turbulenta
1918 407 1955 466 et
1966 391 2153 464 deformia.
2205 389 2268 463 Sed

230 505 320 594 ligas
333 498 535 593 proximum
551 499 642 568 sicut
656 509 690 566 te
705 495 833 588 ipsum.
888 494 994 564 item:
1019 491 1101 561 Non
1115 483 1226 558 habe·
1275 507 1395 564 tamen
1416 489 1534 578 Deus,
1560 517 1627 564 nec
1648 490 1843 564 Ecclesiam
1870 519 2016 586 prorsus
2037 496 2152 566 deleri
2175 493 2283 578 sinet}

230 607 288 677 bis
317 603 456 674 diversa
487 603 647 690 pondera
677 599 716 666 in
748 599 867 682 lance,
902 596 1014 665 maius
1038 609 1072 664 et
1095 593 1225 664 minus.
1276 619 1342 664 nec
1371 594 1557 684 politicum
1590 597 1753 666 ordinem
1779 597 1920 687 penitus
1946 600 2081 669 aboleri
2109 595 2270 690 patietur.

230 697 454 782 Denter-25·
503 702 699 776 Aversatur
725 701 821 771 enirn
848 697 945 770 Deus
975 694 1061 766 haec
1091 695 1227 764 iacien-
1276 695 1425 768 Curabit
1445 697 1550 766 etiam
1568 697 1687 791 aliqua
1703 695 1884 770 Ecclesiae
1900 695 2074 792 hospitia,
2102 713 2145 770 nt
2161 689 2283 776 studiai

232 825 316 883 lem·
369 805 440 896 Sed
464 798 614 879 humani
636 802 726 874 iuris
748 818 818 888 cst,
843 824 889 870 ne
902 812 1063 890 regentes
1078 795 1227 890 provin·
1278 801 1460 870 doctrinae
1482 815 1678 873 serventur.
1728 799 1820 870 Nam
1846 797 1930 872 haec
1955 803 1994 872 in
2016 799 2180 872 Ecclesia
2204 823 2270 868 ma-

234 913 344 996 clam,
368 924 402 982 et
419 905 482 1000 qul
499 913 591 980 circa
610 929 669 978 eos
685 919 787 986 sunt,
811 904 1050 994 negotientur.
1100 897 1227 971 Divini
1279 926 1363 972 nere
1386 925 1525 970 necesse
1548 917 1614 972 est:
1642 918 1676 974 et
1694 927 1859 974 mansura
1875 925 1967 989 em,
1991 900 2160 974 Christus
2176 901 2269 972 toties

233 1014 325 1086 ἰωὴ
340 1027 392 1083 ⁰⁵¹
406 1007 629 1103 ⁶⁰ni¹¹dl¹¹m²
654 1003 804 1078 humani
819 1007 908 1076 iulii
923 1019 990 1090 0⁵1,
1016 1027 1061 1072 ΠΕ
1076 1002 1228 1072 fratrum
1281 1005 1474 1096 promittit,
1507 1005 1643 1074 etiamsi
1666 1006 1765 1075 locus
1788 1017 1904 1076 certus
1926 1003 2106 1076 Ecclesiae
2129 1019 2270 1075 nonest

234 1117 303 1188 lilii
332 1129 367 1186 et
395 1111 489 1183 filiae
520 1111 699 1186 connubia
732 1102 954 1182 contrahant.
1004 1103 1053 1176 Et
1081 1115 1228 1183 constat,
1278 1107 1491 1192 attributus,
1517 1119 1558 1176 ut
1578 1106 1623 1176 ad
1645 1121 1783 1198 tempus
1799 1121 1873 1178 erat
1890 1110 1929 1177 in
1945 1109 2073 1178 iudaea
2092 1105 2269 1178 certuslo-

235 1219 332 1292 unde
354 1229 481 1286 notum
499 1219 545 1290 sit
561 1211 701 1284 homini
717 1213 773 1284 ius
789 1212 971 1290 divinum,
998 1220 1033 1279 et
1048 1206 1228 1301 quomodo
1281 1231 1353 1279 cust
1403 1205 1453 1278 Et
1474 1209 1618 1302 quidem
1639 1209 1677 1278 in
1701 1209 1744 1278 iis
1766 1210 1853 1283 locis
1867 1211 2002 1280 diutius
2016 1223 2140 1280 manet
2157 1205 2269 1276 Eccle-

234 1317 307 1395 1)θὶ
327 1315 501 1392 sententia
521 1333 663 1390 aeterna
684 1330 718 1386 ct
739 1312 972 1384 immutabilis
991 1310 1167 1381 transfusa
1184 1308 1230 1376 sit
1281 1313 1353 1395 sia,
1378 1311 1443 1380 nbi
1464 1310 1642 1401 principes
1665 1325 1748 1382 sunt
1766 1312 2017 1394 modestiores,
2043 1326 2078 1382 et
2096 1312 2137 1380 in
2155 1311 2268 1378 foven-

237 1427 284 1496 ιὰ
304 1421 481 1499 hmine&
531 1421 700 1492 Fetefflur
722 1441 845 1486 omnes
861 1411 958 1484 hunc
973 1413 1135 1483 ordinem
1152 1435 1230 1478 mo·
1282 1415 1336 1484 ate
1356 1413 1426 1504 piis
1448 1413 1575 1482 staats
1589 1413 1849 1503 diligentiores,
1874 1428 1907 1484 et
1925 1415 2130 1484 esttamen
2148 1412 2268 1482 aocet-

236 1541 340 1600 tuum
355 1525 581 1610 coelestium,
606 1535 641 1592 et
656 1536 855 1612 temporum
870 1519 981 1602 vices,
1006 1514 1231 1606 tempestivas
1283 1540 1349 1586 nae
1368 1515 1497 1584 maiori
1515 1539 1599 1584 cura
1615 1517 1805 1602 retinetur,
1831 1530 1865 1586 et
1882 1517 2034 1607 populus
2050 1515 2268 1606 disciplinam

237 1627 484 1722 irrigationes,
506 1625 733 1718 tempestivos
753 1635 885 1706 aestus,
912 1617 979 1689 Dei
996 1641 1100 1710 opera
1119 1630 1153 1686 et
1168 1616 1231 1684 be-
1283 1643 1358 1688 non
1379 1630 1596 1707 aspernatur.
1647 1615 1730 1706 Quo
1749 1618 1885 1688 maiora
1902 1620 1997 1688 dona
2015 1631 2102 1687 sunt
2117 1615 2269 1686 salutaris

236 1731 463 1804 neficiaesse.
514 1726 771 1803 Suntenimin
788 1719 1155 1814 conspectuetoculis
1172 1741 1231 1786 ex·
1283 1734 1392 1792 status
1416 1713 1614 1803 Ecclesiae,
1643 1734 1678 1790 et
1705 1719 1841 1810 politici
1871 1721 2033 1804 ordines,
2067 1744 2111 1788 eo
2147 1720 2269 1786 maiore

238 1838 365 1930 posita·
435 1828 508 1906 Sed
542 1855 618 1903 non
653 1827 763 1918 magis
803 1847 931 1898 ornare
967 1823 1104 1892 coelum
1135 1819 1233 1890 Deus
1284 1847 1366 1894 cura
1396 1824 1526 1892 tuenda
1553 1834 1647 1894 sunt.
1706 1820 1747 1892 Si
1769 1823 1978 1894 confusione
2000 1845 2211 1903 movemur,
2240 1831 2269 1886 ut

238 1938 375 2019 V⁰luils
408 1957 513 2027 quam
543 1931 748 2015 hominem,
779 1953 884 2020 quern
913 1924 1028 1994 voluit
1049 1947 1122 1994 esse
1143 1922 1234 1990 ima·
1285 1925 1489 1996 dubitemus
1517 1925 1613 1994 unde
1640 1922 1709 1994 sint
1731 1925 1824 2012 leges
1847 1938 1881 1994 et
1904 1923 2070 2015 imperia,
2107 1923 2269 1990 discamus

240 2043 356 2135 ginem
386 2059 498 2111 suam.
564 2032 745 2127 Impressit
775 2031 885 2122 igitur
914 2023 1054 2097 homini
1084 2023 1233 2096 noticias
1286 2026 1532 2098 confusionem
1549 2048 1623 2095 non
1639 2023 1856 2111 esseaDeo‚
1880 2028 1939 2096 sed
1955 2025 2269 2094 oririaeontuma.

242 2157 371 2228 certas,
396 2143 516 2223 veras,
541 2135 792 2220 immutabiles,
816 2145 973 2222 sumptas
985 2153 1026 2197 ex
1040 2152 1101 2198 sna
1116 2139 1234 2196 mente
1287 2129 1339 2198 cia
1355 2123 1595 2198 humanorum
1612 2127 1849 2216 ingeniorum,
1878 2142 1913 2198 et
1926 2153 1945 2196 a
1959 2127 2119 2196 diabolo.
2164 2123 2269 2194 Eron-

243 2259 395 2317 aeterna.
445 2243 524 2316 Hae
545 2263 626 2314 curn
647 2239 720 2308 siut
740 2237 856 2327 legum
873 2233 1006 2316 fontes,
1033 2244 1167 2300 certum
1183 2239 1236 2297 est
1287 2247 1341 2302 tra
1364 2255 1448 2300 vero
1471 2243 1645 2324 quantum
1670 2229 1757 2299 boni
1779 2231 1918 2298 ordinis
1940 2230 2122 2322 reliquum
2149 2241 2217 2310 cst,
2245 2237 2269 2292 et

242 2351 322 2420 iura
352 2369 434 2420 cutn
463 2344 520 2418 his
549 2343 709 2414 lontibus
736 2336 967 2428 congruentia
998 2335 1120 2403 divina
1149 2353 1233 2400 esse.
1287 2333 1548 2403 restitutionem
1570 2333 1686 2420 legum
1710 2345 1745 2402 et
1767 2331 1856 2403 boni
1877 2345 2003 2414 status,
2028 2329 2098 2400 Dei
2114 2327 2269 2400 beneficia

241 2451 316 2522 Nec
345 2445 454 2528 habet
479 2445 637 2519 humana
663 2455 791 2512 natura
820 2441 955 2510 bonum
983 2436 1080 2505 aliud
1110 2434 1236 2516 maius,
1289 2459 1372 2526 esse.
1431 2432 1529 2502 Haec
1550 2434 1580 2502 si
1603 2433 1925 2518 considerabimus,
1957 2456 2032 2501 non
2054 2433 2174 2502 solum
2195 2429 2269 2498 illud

242 2577 351 2648 quarn
372 2551 438 2626 has
459 2550 627 2631 noticias,
652 2569 743 2640 quae
767 2556 800 2612 et
821 2552 1020 2610 monstrant
1035 2539 1175 2616 Deum,
1202 2545 1236 2602 et
1288 2535 1480 2626 Augustini
1502 2535 1657 2620 dictum,
1690 2537 1825 2628 dequo
1847 2533 2019 2619 disserui,
2043 2535 2150 2603 facile
2174 2527 2269 2622 expli·

243 2661 374 2728 docent
395 2656 512 2752 qualis
536 2653 581 2721 sit
604 2648 718 2732 Deus,
751 2668 832 2714 cum
859 2643 1067 2712 discernunt
1088 2633 1236 2708 honesta
1289 2639 1464 2710 cabimus:
1492 2640 1552 2706 sed
1575 2637 1680 2706 etiam
1702 2637 1796 2728 ipsas
1816 2638 1908 2727 leges
1931 2649 1964 2706 et
1982 2636 2171 2726 politicum
2186 2631 2270 2702 ordi·

245 2773 281 2830 et
307 2761 440 2853 turpia:
476 2754 588 2828 Insita
615 2764 667 2821 est
696 2747 828 2817 noticia
857 2743 1020 2814 omnium
1046 2741 1237 2824 mentibus,
1289 2765 1371 2811 nem
1405 2741 1517 2829 magis
1550 2739 1820 2821 venerabimur,
1862 2753 1898 2809 et
1930 2739 2022 2808 tueri
2051 2737 2283 2809 studebimus}

245 2883 319 2932 esse
333 2859 451 2934 Deum
473 2870 628 2930 mentem
652 2865 830 2922 aeternam
853 2846 1085 2918 conditricem
1105 2865 1238 2925 rernm,
1290 2843 1392 2914 Plato
1407 2842 1536 2934 inquit,
1553 2836 1649 2910 hunc
1665 2865 1737 2910 esse
1752 2841 1928 2932 optimum
1944 2841 2069 2924 civem,
2091 2840 2153 2932 qui
2170 2831 2283 2907 nullae}

245 2980 281 3038 et
304 2967 455 3050 bonam,
481 2975 517 3032 et
539 2957 652 3053 qualis
669 2955 733 3038 sit,
760 2965 794 3022 et
818 2950 997 3044 quomodo
1020 2945 1238 3016 eiobedien-
1292 2946 1476 3024 victorias,
1509 2943 1629 3013 nullos
1657 2937 1876 3034 triumphos,
1907 2942 2027 3010 nullos
2056 2937 2211 3010 honores
2238 2938 2267 3004 in

245 3071 334 3140 dum
346 3069 405 3154 sit,
424 3065 560 3136 indicat
574 3057 763 3130 discrimen
777 3050 1007 3124 honestorum
1023 3064 1057 3120 et
1068 3048 1239 3137 turpium.
1291 3046 1489 3137 Republica
1514 3043 1626 3135 pluris
1649 3045 1735 3114 facit
1757 3068 1864 3137 quam
1887 3043 1956 3112 dici
1974 3042 2088 3112 civem
2105 3045 2270 3130 obtempe-

244 3171 431 3250 Beneficus
455 3180 524 3256 est,
550 3176 584 3233 et
605 3162 736 3244 iustus,
763 3181 803 3226 ac
825 3153 981 3247 aequalis
1003 3174 1085 3240 erga
1104 3169 1240 3233 omnes,
1292 3161 1429 3218 rantem
1446 3147 1594 3236 legibus.
1633 3141 1893 3235 EtAgesilaum
1908 3145 2076 3229 laudant,
2095 3146 2269 3238 quodcum

248 3303 373 3366 Vim,
399 3294 520 3348 amans
536 3262 724 3347 castitatiS,
748 3259 835 3330 tales
851 3257 945 3328 enirn
961 3277 1026 3324 nos
1041 3275 1114 3324 esse
1130 3252 1240 3330 iubet,
1292 3253 1484 3322 instructus
1499 3248 1663 3332 exercitu,
1685 3248 1755 3316 iam
1772 3248 1810 3316 in
1825 3269 1929 3316 cursu
1944 3245 2174 3316 victoriarum
2189 3253 2283 3346 essetp

248 3377 390 3457 ethaeo
411 3377 482 3450 sibi
502 3369 617 3444 officia
642 3361 813 3460 praestari
834 3362 942 3431 iubet.
993 3354 1069 3426 Has
1091 3351 1241 3424 noticias
1293 3368 1327 3424 et
1350 3352 1608 3422 existimaretur
1627 3373 1722 3419 unus
1742 3373 1815 3419 esse
1838 3351 1942 3420 viret
1957 3348 2044 3418 Dux
2060 3345 2283 3440 praestantist

249 3485 375 3580 aspicit
403 3478 644 3571 magistratus,
682 3492 763 3538 cum
792 3462 966 3533 divinitus
996 3458 1166 3528 excitatur
1196 3453 1241 3522 ad
1294 3458 1404 3524 simus
1437 3453 1598 3523 omnium
1632 3445 1818 3520 hominum
1850 3474 1933 3521 suae
1962 3451 2107 3531 aetatis,
2147 3459 2269 3534 accepta

249 3588 459 3681 disciplinae
480 3576 757 3650 restitutionem:
783 3580 824 3638 ut
849 3588 950 3656 saepe
974 3559 1072 3632 Deus
1093 3555 1242 3648 imperia
1294 3555 1503 3628 brevissima
1527 3553 1674 3645 epistola
1697 3554 1802 3622 missa
1825 3577 1867 3622 ex
1882 3551 2010 3644 Sparta
2033 3577 2052 3620 a
2077 3565 2196 3622 senatu
2219 3568 2269 3637 pa·

250 3693 456 3790 perturbata
474 3697 509 3752 et
525 3679 689 3758 conluta,
714 3663 1040 3741 restituitexcitatis
1056 3659 1193 3751 magnis
1211 3668 1244 3726 et
1295 3661 1402 3743 triae,
1433 3681 1503 3752 qna
1538 3657 1788 3739 revocabatur,
1823 3679 1905 3724 mox
1935 3655 2093 3742 paruerit
2126 3677 2165 3720 ac
2189 3635 2283 3718 im

251 3793 406 3871 heroicis
434 3787 544 3866 Viris,
576 3779 639 3874 qui
660 3777 776 3865 legum
800 3768 952 3838 vinculis
975 3767 1105 3836 iterum
1129 3781 1244 3831 mores
1296 3765 1389 3851 leges
1403 3757 1566 3842 redierit,
1588 3781 1667 3827 cum
1685 3779 1763 3847 spes
1776 3779 1850 3826 non
1865 3755 1974 3826 dubia
1991 3769 2079 3825 esset
2095 3751 2268 3846 potiundae

251 3897 443 3972 hominurn
472 3894 644 3976 regerent.
710 3873 810 3944 Talis
838 3871 906 3941 fuit
936 3867 1139 3957 Augustus,
1183 3861 1246 3954 qui
1298 3860 1415 3934 Asiae.
1475 3859 1546 3932 Sed
1578 3858 1767 3947 gloriosius
1792 3881 1866 3927 esse
1889 3857 2009 3938 duxit,
2040 3858 2133 3946 leges
2155 3851 2269 3945 patriae

252 4014 334 4098 post
348 3996 442 4070 bella
455 3987 571 4062 civilia
589 3977 813 4070 disciplinam
829 3986 864 4044 ct
878 3970 1009 4043 iudicia
1025 3964 1247 4038 instauravit.
1298 3965 1466 4036 omnihus
1494 3961 1574 4030 aliis
1601 3959 1707 4030 rebus
1736 3961 1921 4032 anteferre.
1987 3957 2093 4028 Nunc
2118 3951 2268 4048 sapientia

253 4103 357 4178 Talis
376 4097 446 4169 fuit
462 4105 498 4162 et
512 4081 786 4163 Constantinus,
813 4076 874 4170 qui
893 4097 973 4144 cum
991 4095 1102 4144 annos
1116 4088 1247 4138 novem
1299 4080 1444 4161 putatur
1467 4086 1558 4147 esse,
1583 4063 1745 4132 deridere
1767 4077 1801 4132 et
1823 4061 1984 4132 cavillari
2005 4061 2117 4149 leges,
2145 4073 2176 4128 et
2196 4055 2226 4122 vi
2239 4073 2269 4118 ac

255 4201 402 4301 grassati
423 4207 537 4267 essent
559 4191 598 4260 in
621 4199 695 4259 toto
720 4183 806 4253 orbe
820 4176 979 4274 tyranni,
1004 4171 1248 4244 Diocletianus
1300 4169 1425 4240 fraude
1457 4188 1586 4254 augere
1615 4164 1809 4256 potentiam
1837 4177 1872 4233 et
1898 4162 2126 4252 dignitatem,
2158 4173 2196 4229 ut
2220 4177 2269 4239 vo,-

227 4351 228 4354 ,
256 4325 292 4382 et
311 4301 571 4380 Maximianus,
602 4286 738 4370 etalii,
770 4282 894 4352 deletis
915 4277 1094 4372 tyrannis,
1119 4272 1249 4343 deinde
1301 4267 1393 4343 cant.
1451 4266 1523 4340 Sed
1547 4263 1639 4336 hauc
1661 4287 1861 4358 perversam
1887 4265 2095 4356 sapientiam
2119 4261 2268 4331 comitan-

255 4415 351 4502 leges
364 4425 491 4498 aequas
508 4411 543 4468 et
558 4395 662 4466 utiles
679 4384 854 4459 Ecclesiae
871 4396 904 4452 ct
920 4380 998 4473 paci
1012 4378 1106 4450 tulit.
1157 4373 1249 4444 Cum
1301 4389 1361 4445 tur
1376 4370 1459 4441 satis
1474 4369 1588 4440 tristes
1604 4391 1755 4460 poenae,
1781 4369 2020 4461 quasutinam
2036 4365 2131 4435 Deus
2146 4360 2269 4444 mitiget

258 4527 377 4587 autern
398 4524 546 4595 magnae
570 4491 751 4566 extiterint
771 4488 856 4555 inde
873 4505 984 4576 usque
1001 4483 1046 4550 ab
1061 4477 1166 4548 initio
1181 4477 1250 4544 im·
1303 4475 1518 4566 Quanquam
1548 4483 1664 4540 autem
1695 4493 1822 4560 magna
1853 4483 1888 4540 et
1915 4464 2100 4538 horribilis
2127 4461 2268 4550 Europae

258 4614 442 4712 pariorum
462 4619 497 4680 et
521 4595 658 4694 politici
680 4589 818 4662 ordinis
833 4585 1076 4671 confusiones,
1103 4598 1251 4648 moven—
1302 4574 1523 4670 perturbatio
1545 4585 1614 4657 est,
1640 4587 1758 4643 tamen
1780 4572 1862 4665 quia
1881 4563 1961 4662 spes
1976 4584 2028 4639 est
2043 4587 2199 4638 mansura
2211 4579 2268 4628 asse

259 4737 320 4793 tur
348 4711 416 4784 hac
440 4701 662 4780 deformitate
685 4691 796 4764 animi
822 4689 1036 4765 multorum,
1068 4696 1109 4753 ut
1132 4677 1252 4750 existi·
1304 4679 1423 4771 aliqua
1437 4671 1614 4746 Ecclesiae
1633 4673 1833 4753 domicilia,
1859 4695 1945 4756 nos,
1971 4695 2061 4766 quos
2079 4661 2268 4760 Respublica

260 4831 360 4894 ment
380 4816 475 4904 leges
497 4828 580 4878 casn
594 4813 630 4872 et
645 4798 720 4868 sine
739 4793 862 4863 divino
877 4803 967 4860 nutu
984 4801 1084 4857 natas
1100 4805 1192 4864 esse,
1218 4793 1253 4849 et
1304 4783 1343 4850 in
1358 4775 1451 4848 hanc
1469 4778 1655 4848 stationem
1672 4775 1880 4860 collocavit,
1901 4787 1940 4843 ut
1955 4774 2075 4844 literas
2090 4789 2122 4844 et
2135 4759 2268 4853 discipli-

144 4931 148 4940 “
262 4919 412 5016 imperia
430 4907 563 5001 negligi
584 4899 710 4994 alico.
760 4895 931 4964 Videmus
953 4891 992 4958 in
1011 4885 1162 4979 imperio
1177 4880 1254 4954 Ro-
1305 4905 1369 4952 nas
1391 4879 1497 4950 utiles
1518 4879 1611 4949 vitae
1633 4899 1901 4961 conservemus,
1935 4889 1970 4946 et
1992 4877 2037 4944 ad
2058 4871 2266 4966 posteritatem

202 5085 204 5090 ,
262 5048 370 5098 mano
392 5035 523 5112 paucos
542 5007 650 5079 luisse
666 4997 818 5090 Augusti
835 4983 989 5077 similes,
1016 4992 1130 5060 bonos
1148 4999 1181 5056 et
1197 5007 1254 5054 sa·
1305 4981 1604 5072 transmittamus,
1629 5004 1703 5048 non
1719 4978 1928 5048 abiiciamus
1943 4978 2058 5048 studia
2072 4989 2200 5054 nostra,
2221 4963 2267 5034 sed

261 5133 395 5201 luteres
422 5113 612 5212 principes.
679 5099 807 5191 Qualis
827 5119 925 5166 nnnc
948 5107 1000 5164 est
1021 5088 1255 5184 imperiorum
1306 5085 1504 5156 doctrinam
1526 5083 1619 5152 vitae
1642 5081 1891 5160 necessariam,
1916 5086 2267 5172 quantumpossumus

262 5217 491 5305 deformitas?
541 5208 655 5284 Turci
677 5225 841 5294 magnam
864 5209 1002 5290 partem
1025 5191 1163 5286 generis
1187 5184 1256 5258 hu·
1306 5207 1550 5281 propagemus.
1600 5181 1684 5253 Non
1707 5181 1871 5267 Servius,
1894 5205 1968 5250 non
1991 5179 2189 5258 Trebatius,
2209 5189 2266 5238 non

262 5329 363 5404 mani
376 5319 578 5397 tristissima
593 5309 762 5382 servitute
779 5312 1041 5396 oppresserunt.
1069 5286 1256 5384 'Agnosca-
1302 5289 1401 5390 Piso,
1427 5310 1502 5356 non
1517 5284 1655 5376 Capito,
1678 5307 1760 5356 cum
1774 5284 1938 5353 viderent
1951 5284 2075 5354 ardere
2090 5281 2199 5352 orbem
2212 5283 2267 5340 ter.

263 5455 343 5506 mus
365 5429 478 5500 iatum
498 5417 646 5491 ultimae
667 5420 827 5485 senectae
848 5400 993 5486 mnndi,
1028 5411 1063 5469 et
1083 5397 1257 5467 fateamur
1307 5413 1427 5463 rarum
1443 5387 1548 5459 bellis
1563 5387 1746 5472 civilibus,
1771 5385 1893 5458 literas
1906 5386 2122 5466 deserebant,
2142 5378 2195 5450 sad
2207 5393 2265 5443 me.
