4688 5826
87 243 141 322 m
530 201 694 310 naor.
733 223 1258 310 nanauna·v1rna
1289 176 1612 311 scnoa'asr.
2012 232 2088 308 soe

80 414 200 511 quidem
230 408 268 480 in
298 405 372 480 illis
402 407 491 480 locis
519 429 669 500 regnare
691 407 819 480 veritas
841 421 875 478 et
897 404 1045 480 iustitia.
1070 408 1195 526 {quod
1217 405 1254 476 in
1275 406 1437 476 docendo
1462 419 1495 479 et
1515 407 1683 478 discendo
1705 419 1882 489 versatur,
1906 402 1984 478 Deo
2007 429 2087 497 gra-

85 517 138 592 Sed
156 527 283 588 constat
304 535 346 582 ex
360 507 491 582 scholis
509 511 547 580 in
566 511 627 580 illa
643 511 719 580 loca
737 505 823 580 haec
838 522 1046 580 ornamenta
1070 551 1074 580 t
1096 507 1272 580 tissimum
1296 510 1357 591 sit,
1387 521 1422 580 et
1445 503 1513 580 hoc
1537 510 1685 580 nomine
1710 511 1924 583 antecellant
1946 504 2087 580 scholae

84 617 187 690 afferri.
235 612 362 704 Qualis
379 615 474 682 enim
493 629 581 684 esset
598 613 758 685 doctrina
777 613 815 682 in
833 611 990 704 templis,
1016 611 1046 680 si
1070 585 1074 700 l
1097 611 1240 702 templis
1262 625 1297 683 et
1319 612 1427 696 aulis,
1454 612 1537 706 quia
1560 611 1673 683 maius
1687 627 1739 686 est
1751 613 1908 685 studium
1927 611 2086 682 veritatis

85 723 112 792 in
135 714 252 790 scholis
279 739 335 787 res
365 741 441 786 non
462 729 577 786 essem
601 715 749 805 agitatae
773 727 807 786 et
827 713 1047 786 illustratae?
1070 701 1074 752 ²
1097 713 1135 782 in
1158 707 1300 787 scholis.
1354 712 1474 802 Quare
1494 715 1523 784 si
1547 715 1627 808 quis
1647 730 1804 787 sanctum
1828 715 1920 785 vitae
1942 714 2087 785 institu-

84 821 185 913 Qualis
204 831 291 892 esset
310 817 766 890 aulicorum‘consiliorum
785 829 819 886 et
832 817 900 885 lori
917 816 1046 886 barba·
1096 829 1172 886 tum
1202 815 1357 909 quaerit,
1389 839 1463 885 non
1492 818 1600 886 abdat
1628 841 1664 886 se
1685 819 1723 888 in
1748 819 1980 903 solitudines,
2011 839 2087 886 non

84 927 153 1008 ries,
174 924 203 992 si
221 945 294 992 non
318 934 451 992 extaret
466 923 639 1014 quaedam
657 918 793 989 erudita
810 919 898 988 iuris
914 919 1046 990 doctri·
1095 931 1196 1010 putet
1218 917 1315 987 aliud
1342 941 1415 986 esse
1438 919 1606 990 sacratius
1628 920 1721 991 vitae
1742 945 1870 1011 genus,
1896 923 1956 990 sed
1975 919 2012 989 in
2030 914 2087 988 his

84 1027 135 1098 aa?
177 1023 312 1094 Deinde
339 1019 407 1094 hoc
435 1024 599 1104 interest,
634 1023 677 1091 de
709 1021 877 1091 omnibus
908 1021 1046 1111 magnis
1097 1021 1307 1090 discentium
1325 1023 1558 1092 conventibus
1576 1037 1736 1108 maneat,
1761 1019 1819 1092 hic
1834 1023 2087 1094 coneturbene
2121 1023 2127 1042 “

83 1132 164 1200 rebus
182 1123 320 1196 scholae
343 1125 598 1206 consuluntur,
632 1119 771 1194 scholae
795 1124 1046 1214 pronunciant,
1095 1123 1223 1192 mereri
1246 1125 1436 1212 degenere
1460 1119 1635 1206 hnmano,
1662 1127 1785 1196 doceat
1808 1125 1916 1212 alios,
1944 1137 1977 1194 et
2001 1123 2087 1194 sciat

83 1255 138 1302 non
151 1227 332 1321 Episcopi,
358 1241 421 1300 aut
441 1225 570 1312 aulici,
597 1239 657 1296 aut
673 1225 852 1299 causidici.
902 1223 1046 1296 Postre·
1097 1219 1163 1295 hoc
1187 1225 1341 1294 officium
1369 1228 1533 1315 prodesse
1553 1229 1596 1296 ad
1621 1227 1924 1297 conservationem
1949 1239 1983 1297 et
2005 1249 2088 1316 pro-

82 1359 126 1404 mo
146 1333 180 1402 in
199 1325 330 1402 scholis
354 1344 405 1400 est
428 1329 578 1420 simplex
602 1328 759 1400 studium
780 1351 899 1398 rerum
924 1327 1045 1421 inqui·
1098 1327 1319 1421 pagationem
1342 1328 1557 1418 optimarum
1580 1353 1718 1412 rerum,
1747 1331 1884 1400 erudiat
1905 1329 2088 1419 ambigen-

81 1435 245 1506 renrlarum
260 1447 295 1503 et
311 1431 647 1525 patefaciendarum.
698 1429 739 1502 ln
750 1427 918 1500 Ecclesiis
934 1431 1045 1518 multa
1097 1443 1147 1499 tes
1162 1429 1411 1514 conscientias,
1436 1433 1646 1523 respondeat
1662 1435 1707 1501 de
1721 1432 1815 1518 iure,
1842 1435 1956 1526 deque
1971 1430 2088 1501 omni-

81 1539 109 1606 in
132 1535 353 1630 popularibus
381 1533 616 1605 concionibus
646 1532 816 1604 dicuntur
839 1532 1045 1625 improprie,
1096 1533 1163 1602 hus
1184 1533 1276 1602 vitae
1298 1533 1442 1620 officiis,
1465 1533 1625 1624 inquirat
1645 1557 1764 1605 rerum
1782 1548 1966 1618 naturam,
1991 1556 2093 1615 mor-‚

80 1642 166 1710 multa
201 1638 305 1710 etiam
347 1636 431 1732 qnia
462 1637 618 1730 populus
647 1659 721 1705 non
751 1647 865 1726 potest
898 1633 1046 1728 assequi,
1096 1635 1224 1704 borum
1255 1633 1431 1719 remedia,
1465 1658 1585 1704 causas
1615 1637 1853 1706 mutationum
1887 1637 1926 1704 in
1948 1647 2118 1722 natura,·

80 1753 332 1834 praetereuntur.
385 1737 460 1811 lam
483 1739 522 1808 in
543 1739 634 1808 aulis
655 1751 690 1808 et
708 1737 786 1808 loro
804 1733 978 1807 horribile
993 1749 1045 1806 est
1096 1750 1215 1806 motus
1235 1750 1269 1806 et
1290 1735 1432 1806 effectus
1455 1737 1641 1825 coelestes,
1666 1753 1851 1831 praeparet
1867 1739 2087 1808 iuventutem

80 1843 166 1929 dictu,
185 1835 655 1938 quantumsitSophistices.
703 1838 824 1934 ltaque
839 1863 941 1932 saepe
955 1834 1046 1910 mihi
1096 1840 1140 1908 ad
1156 1837 1307 1908 maiores
1322 1851 1431 1923 artes,
1456 1853 1595 1910 enarret
1609 1837 1793 1926 historias,
1819 1842 1963 1912 mandet
1976 1838 2089 1910 literis
2161 1875 2165 1884 =

81 1947 157 2016 veuit
176 1945 211 2014 in
230 1957 385 2014 mentem
404 1944 533 2014 veteris
546 1943 687 2014 fabulae
702 1943 746 2011 de
764 1939 913 2028 Astrea,
939 1963 1044 2036 quam
1096 1965 1152 2010 rcs
1172 1955 1303 2030 gestas,
1329 1941 1483 2012 illustret
1504 1955 1610 2013 artes:
1636 1938 1723 2012 haec
1747 1944 1897 2037 quisque
1915 1941 1976 2036 qui
1993 1939 2090 2025 lacit,

80 2049 174 2118 lemnt
187 2047 323 2140 pulsam
343 2045 565 2130 civitatibus,
591 2057 709 2136 postea
727 2043 765 2112 in
783 2069 865 2115 reare
882 2045 946 2114 diu
959 2043 1046 2114 soli·
1096 2041 1172 2112 Deo
1184 2042 1419 2135 gratissimum
1437 2045 1571 2114 cultum
1591 2059 1752 2136 praestat,
1776 2048 1864 2116 etde
1878 2067 2004 2135 genere
2014 2039 2088 2112 hu-

79 2163 134 2222 tam
147 2149 305 2240 agricolis
318 2147 534 2218 concionari.
586 2145 638 2216 lta
653 2143 744 2216 mihi
759 2145 900 2217 videtur
914 2169 1044 2237 prope·
1096 2169 1202 2214 mano
1227 2147 1403 2237 praeclare
1429 2160 1601 2234 meretur3
1625 2161 1810 2218 conservat
1833 2149 1929 2218 enim
1955 2145 2088 2216 doctri-

79 2253 198 2322 modum
212 2252 313 2343 pulsa
330 2273 372 2320 ex
387 2251 497 2330 aulis,
525 2272 567 2318 ex
582 2248 679 2334 loro,
705 2272 746 2318 ex
761 2247 901 2338 templis
918 2261 954 2318 et
965 2246 1045 2316 aliis
1096 2271 1179 2316 nam
1195 2248 1418 2318 utilissimam
1434 2249 1541 2333 vitae,
1569 2249 1697 2321 format
1713 2274 1846 2335 mores,
1874 2247 2004 2320 iudicia
2021 2241 2088 2317 ho·
2213 2284 2215 2289 ·

79 2349 237 2426 hominum
267 2351 428 2423 coetibus
450 2353 594 2435 Astrea,
626 2345 695 2419 hoc
724 2362 793 2434 est,
826 2349 984 2420 veritatis
1010 2363 1045 2418 et
1096 2351 1253 2432 minum,
1284 2349 1413 2420 retinet
1436 2374 1578 2442 pacem,
1603 2351 1742 2442 mitigat
1765 2353 1878 2423 multa
1902 2351 1995 2420 mala
2023 2374 2088 2442 pu·

79 2455 210 2530 iustitiae
224 2454 401 2539 doctrina,
421 2448 539 2524 adhuc
553 2447 697 2538 haerere
709 2453 747 2520 in
758 2445 898 2522 scholis.
925 2450 1045 2541 Quare
1097 2452 1202 2521 blica.
1252 2449 1341 2521 Tale
1362 2449 1453 2522 vitae
1476 2475 1586 2541 genus
1608 2477 1681 2523 non
1702 2455 1818 2525 solum
1839 2465 1992 2547 praestat
2008 2475 2088 2520 rno-

80 2581 140 2626 cum
158 2558 270 2628 minus
293 2556 341 2628 sit
360 2551 578 2647 sophistices·
590 2554 629 2622 in
645 2547 797 2638 scholis,
823 2578 928 2646 quam
944 2553 1044 2638 alibi,
1097 2553 1252 2635 nastico,
1277 2555 1337 2624 sed
1354 2577 1435 2624 vere
1450 2555 1612 2624 divinum
1630 2569 1692 2630 est.

42 2717 47 2730 .
79 2660 256 2729 cambanis
278 2682 392 2728 tanum
417 2647 485 2727 hoc
506 2656 552 2726 sit
577 2656 735 2725 studium
757 2657 933 2726 eruendae
944 2655 1045 2725 -veri-
1196 2651 1320 2726 Cicero
1347 2651 1576 2748 reprehendit
1598 2655 1803 2743 Platonem,
1830 2656 1926 2751 quod
1948 2655 2089 2741 dixerit,

78 2765 156 2848 tatis,
181 2785 317 2832 summa
338 2759 416 2830 laus
440 2783 513 2830 ease
534 2759 678 2828 debebit
696 2757 788 2828 vitae
805 2753 1048 2842 scholasticae,
1094 2752 1349 2849 Philosophus,
1376 2759 1513 2828 tametsi
1535 2759 1738 2832 abstineant
1758 2786 1776 2829 a
1793 2759 1949 2850 Reipuh.
1972 2751 2088 2827 admi·

35 2939 36 2942 ,
78 2887 147 2957 quae
165 2864 307 2958 quidem
332 2862 447 2952 imago
471 2863 642 2954 quaedam
665 2874 717 2931 est
734 2861 831 2929 illius
849 2860 1044 2930 beatissimi
1094 2858 1314 2942 nistratione,
1337 2873 1458 2930 tamen
1476 2859 1586 2931 iustos
1603 2885 1686 2948 esse,
1707 2877 1851 2956 propter
1867 2857 1959 2931 hanc
1975 2861 2086 2952 ipsam

35 2989 36 2992 ¹
78 2979 182 3052 status,
206 2966 244 3034 in
264 2989 338 3059 quo
356 2987 463 3035 aurea
481 2964 541 3032 illa
558 2975 670 3032 aetate
688 2962 855 3032 vivebant
870 2957 1043 3047 homiues,
1095 2983 1301 3052 magnarum
1327 2987 1445 3032 rerum
1471 2963 1749 3058 inquisitionem.
1816 2963 1885 3036 Sed
1908 2961 2009 3032 Plato
2031 2986 2087 3030 re-

78 3066 173 3160 siqua
195 3069 281 3153 luit,
307 3079 369 3137 aut
390 3078 482 3136 certe
504 3064 632 3136 victuri
650 3078 770 3147 erant,
796 3065 964 3136 siluisset
981 3065 1042 3133 illa
1095 3063 1249 3134 ctissime
1274 3065 1393 3136 sensit.
1445 3061 1511 3137 Est
1535 3067 1631 3138 enim
1655 3067 1810 3152 iusticia,
1837 3091 1939 3136 sunm
1962 3089 2087 3158 quem-

78 3193 160 3240 aurea
179 3183 291 3254 aetas,
316 3169 347 3238 si
366 3181 493 3238 natura
517 3160 706 3236 hominum
728 3167 851 3237 luisset
873 3167 1043 3235 immunis
1095 3191 1163 3259 que
1184 3167 1339 3236 officium
1360 3169 1474 3236 facere
1492 3181 1526 3238 et
1542 3169 1694 3239 fructum
1711 3170 1786 3238 eius
1802 3169 1908 3260 officii
1926 3169 2086 3238 conferre

78 3272 544 3363 apeccatilabeetamorte.
596 3266 694 3356 Quid
711 3268 806 3337 enirn
823 3281 908 3339 tunc
921 3269 1044 3338 fuisset
1094 3270 1136 3336 ad
1162 3293 1385 3338 communem
1411 3271 1558 3340 salutem
1583 3272 1719 3361 generis
1738 3267 1897 3341 humani.
1951 3266 2086 3338 ldma-

78 3369 346 3459 ritahominum,
367 3370 438 3440 nisi
453 3369 710 3440 iucundissima
725 3371 899 3464 quaedam
912 3365 1043 3456 schola,
1093 3370 1187 3438 xime
1215 3370 1300 3440 facit
1329 3367 1590 3462 Philosophus,
1632 3373 1693 3465 qui
1724 3375 1930 3462 religiones,
1964 3394 2084 3440 rerum

77 3473 106 3544 in
121 3499 180 3569 qua
199 3475 357 3546 seniores
379 3486 413 3544 ct
432 3472 703 3566 praestantiores
720 3474 764 3541 de
779 3475 885 3541 rebus
900 3473 1043 3556 divinis,
1094 3485 1278 3556 naturam,
1304 3495 1425 3542 causas
1447 3474 1608 3542 omnium
1630 3470 1858 3544 honestorum
1877 3473 2087 3558 officiorum,

79 3577 246 3650 denatura
273 3601 415 3662 rerum,
449 3577 494 3645 de
515 3573 779 3644 immortalitate
802 3568 1041 3642 humanorum
1094 3574 1186 3662 leges
1208 3574 1375 3664 explicat,
1400 3588 1433 3644 et
1450 3570 1513 3643 has
1529 3599 1585 3643 res
1601 3576 1740 3644 divinas
1756 3577 1901 3646 caeteris
1917 3575 2086 3665 impertit,

78 3679 269 3770 animorum,
305 3679 350 3749 de
370 3675 580 3748 coelestibus
600 3676 777 3756 motibus,
808 3677 852 3744 de
875 3675 1042 3750 omnibus
1093 3689 1184 3743 artes
1205 3675 1376 3759 illustrat,
1402 3692 1463 3747 aut
1485 3679 1602 3764 docet3
1629 3678 1783 3771 denique
1799 3679 1862 3771 qni
1876 3678 2032 3749 veritatis
2051 3681 2086 3749 et

77 3783 148 3850 vitae
166 3782 289 3852 officiis
311 3773 514 3852 docuissent
535 3777 715 3871 reliquos?
766 3775 809 3846 ln
833 3772 898 3848 hac
917 3772 1042 3847 Philo·
1094 3776 1248 3847 iustitiae
1266 3778 1464 3850 doctrinam
1488 3781 1648 3848 conferre
1667 3781 1710 3849 ad
1728 3781 1878 3852 aliorum
1895 3780 2085 3851 utilitatem

77 3877 173 3974 sophia
186 3897 219 3956 et
232 3880 441 3954 huiusmodi
456 3881 757 3974 disputationibus
777 3893 916 3970 tempus
937 3903 1042 3949 omne
1095 3882 1221 3953 studet.
1257 3877 1330 3949 Nec
1346 3895 1509 3972 putemus
1525 3883 1650 3951 melius
1667 3884 1794 3952 mereri
1810 3886 1853 3952 de
1869 3907 1996 3974 genere
2015 3877 2084 3951 hu-

79 3987 347 4079 mnsumpsissent
367 3983 524 4054 seniores
547 3998 582 4054 et
603 3983 774 4056 iuniores.
842 3979 915 4051 Nec
935 3982 1041 4051 aliam
1094 4007 1199 4050 mano
1225 3983 1280 4050 vel
1304 3985 1498 4054 causidicos
1521 3985 1677 4078 aliquos,
1703 3986 1763 4078 qni
1788 3985 2084 4056 inforocontro-

79 4085 163 4158 vitam
180 4090 287 4160 luisse
303 4087 405 4157 Adae
422 4099 457 4156 et
471 4085 642 4155 similium
658 4085 861 4177 principum
882 4085 1041 4154 virorum
1094 4084 1242 4167 versias‚
1266 4098 1328 4154 aut
1349 4099 1549 4175 exponunt,
1577 4100 1635 4154 ant
1659 4087 1854 4171 dirimunt,
1879 4089 1937 4156 vel
1951 4079 2083 4158 aediles

79 4185 180 4261 iudico.
245 4189 366 4260 Huius
392 4187 587 4260 beatissimi
616 4199 727 4259 status
758 4188 873 4276 imago
897 4200 948 4258 est
968 4185 1040 4256 vita
1093 4185 1155 4278 qui
1183 4198 1308 4274 pontes
1341 4187 1479 4279 aliquos
1508 4187 1661 4272 faciunt,
1700 4190 1755 4258 vel
1785 4204 1996 4262 mercatores
2019 4191 2081 4282 qui

81 4283 265 4363 scholastica.
719 4289 724 4293 ’
760 4310 762 4320 ·
1094 4288 1187 4356 iusto
1220 4287 1337 4377 precio
1362 4311 1417 4356 res
1446 4289 1548 4359 utiles
1572 4289 1775 4380 important.
1840 4289 1952 4364 Recte
1970 4293 2083 4385 igitur

154 4391 232 4464 Dixi
253 4391 463 4465 brevissime
484 4391 527 4460 de
543 4391 749 4461 necessitate
765 4401 799 4460 et
815 4389 859 4458 de
875 4385 1041 4462 utilitati·
1092 4387 1193 4460 Plato
1215 4389 1321 4474 dixit,
1352 4390 1462 4459 iustos
1486 4415 1558 4460 esse
1581 4387 1834 4486 Ptntosophos,
1865 4396 1927 4490 qui
1950 4396 2083 4466 doctri-

79 4493 138 4578 bus,
158 4499 281 4566 addam
298 4495 403 4564 ctiam
420 4495 465 4564 de
481 4494 664 4564 sanctitate
679 4487 786 4562 huius
803 4491 906 4562 vitae.
949 4487 1040 4560 Nul-
1092 4515 1174 4561 nam
1197 4492 1321 4562 utilem
1347 4491 1438 4562 vitae
1463 4496 1620 4566 tradam.
1671 4495 1752 4564 Non
1771 4498 1874 4585 gessit
1892 4495 2082 4588 Magistra-

80 4595 134 4666 lum
148 4595 216 4668 Deo
238 4596 374 4690 gratius
396 4609 449 4667 est
472 4594 647 4676 ollicium,
684 4617 791 4687 quarn
816 4591 976 4662 veritatis
1005 4605 1040 4662 et
1091 4608 1148 4664 tus
1166 4591 1352 4676 Isocrates,
1377 4598 1436 4662 secl
1461 4595 1619 4664 consiliis
1642 4598 1715 4666 suis
1734 4600 1945 4688 gubernavit
1964 4599 2081 4691 Impe-

80 4696 205 4770 iusticiae
223 4700 385 4772 studium
404 4711 438 4768 et
458 4700 677 4790 propagatio.
736 4693 826 4765 Nam
849 4689 934 4764 haec
956 4707 1040 4763 sunt
1091 4711 1243 4766 satorem
1274 4696 1555 4766 laudatissimum
1579 4695 1829 4791 Timotheum,
1859 4715 1893 4772 et
1914 4703 2082 4773 formavit

80 4801 233 4894 praecipua
246 4799 315 4874 Dei
329 4803 443 4886 dona,
468 4801 508 4868 in
523 4800 654 4894 quibus
668 4795 736 4868 Dei
751 4794 947 4888 praesentia
963 4818 1040 4865 ma-
1090 4798 1231 4888 ingenia
1254 4799 1469 4882 multorum,
1496 4802 1558 4894 qui
1584 4816 1702 4892 postea
1725 4803 1765 4872 in
1780 4801 1920 4896 Repub.
1945 4804 2080 4897 princi-

79 4900 150 4974 xime
165 4905 257 4974 cerni
278 4916 401 4994 potest.
452 4900 550 4972 Haec
571 4899 668 4972 Deus
688 4898 875 4992 praecipue
897 4919 1039 4968 conser-
1091 4923 1151 4991 pes
1173 4901 1382 4972 extiterunt.
1448 4900 1520 4971 Nec
1551 4904 1680 4974 melius
1703 4909 1747 4975 de
1766 4903 1906 4999 Repub.
1932 4907 2079 4976 meritus

80 5003 319 5096 adpostulat,
345 5005 418 5075 imo
444 5007 488 5076 ad
510 4999 608 5074 hunc
625 5005 730 5072 linem
748 5001 934 5092 praecipue
951 5023 1039 5069 con·
1089 5016 1141 5074 est
1163 4996 1355 5072 Aeschines
1379 5004 1599 5085 mosaicus,
1631 5031 1736 5101 quam
1761 5005 1986 5090 Aristoteles,
2014 5009 2078 5103 qui

81 5104 128 5176 diti
144 5123 219 5181 snut
239 5103 421 5188 homines,
444 5121 486 5177 ut
504 5107 566 5174 alii
582 5107 670 5176 alios
686 5107 834 5174 doceant
851 5105 896 5171 de
910 5100 986 5172 Deo
1003 5115 1037 5173 et
1088 5105 1154 5174 etsi
1177 5129 1242 5174 nec
1267 5103 1493 5195 Magistratus
1515 5109 1638 5198 gessit,
1670 5133 1733 5180 nec
1755 5135 1874 5181 causas
1900 5113 1988 5203 egit,
2023 5128 2078 5184 ta·

81 5205 139 5278 aliis
156 5212 255 5284 rebus
276 5210 389 5280 bonis
416 5269 419 5280 .
442 5205 500 5278 Ad
524 5204 615 5278 hanc
637 5207 826 5279 utilitatem
848 5203 968 5276 addita
985 5217 1037 5275 est
1082 5229 1170 5276 men
1191 5204 1434 5278 Alexandrum
1457 5221 1491 5278 et
1510 5209 1644 5280 multos
1667 5213 1755 5281 alios
1771 5211 1953 5306 Principes
1975 5214 2077 5286 finxit
2142 5201 2145 5206 ⁵

81 5309 222 5382 divinitus
242 5307 399 5382 humano
421 5312 542 5400 generi
558 5311 732 5383 sermonis
748 5306 1035 5382 communicatio.
1086 5310 1131 5378 ad
1171 5309 1347 5380 iusticiam
1378 5323 1412 5380 et
1439 5311 1718 5384 beneficentiam.
1795 5313 1935 5387 Deinde
1968 5313 2076 5388 hodie

82 5407 175 5500 Quare
199 5437 272 5486 non
300 5413 449 5486 dubium
478 5427 548 5501 est,
586 5413 674 5509 quin
704 5407 772 5484 hoc
797 5411 891 5486 vitae
911 5431 1035 5508 genus,
1086 5410 1192 5484 etiarn
1223 5413 1313 5484 bane
1344 5425 1500 5484 meretur
1529 5417 1574 5485 de
1596 5413 1740 5509 Repub.
1769 5419 1915 5514 reliquit
1945 5445 2077 5493 monu-
