<?xml version="1.0" encoding="UTF-8"?>
<!DOCTYPE html PUBLIC "-//W3C//DTD XHTML 1.0 Transitional//EN"
    "http://www.w3.org/TR/xhtml1/DTD/xhtml1-transitional.dtd">
<html xmlns="http://www.w3.org/1999/xhtml" xml:lang="en" lang="en">
 <head>
  <title>
</title>
<meta http-equiv="Content-Type" content="text/html;charset=utf-8" />
  <meta name='ocr-system' content='tesseract 3.04.00' />
  <meta name='ocr-capabilities' content='ocr_page ocr_carea ocr_par ocr_line ocrx_word'/>
</head>
<body>
  <div class='ocr_page' id='page_1' title='image "./corpusreformato23melagoog_0124.png"; bbox 0 0 4688 5826; ppageno 0'>
   <div class='ocr_carea' id='block_1_1' title="bbox 68 273 2130 362">
    <p class='ocr_par' dir='ltr' id='par_1_1' title="bbox 68 273 2130 362">
     <span class='ocr_line' id='line_1_1' title="bbox 68 273 2130 362; baseline 0.001 -4"><span class='ocrx_word' id='word_1_1' title='bbox 68 277 149 358; x_wconf 70' lang='lat'><strong>226</strong></span> <span class='ocrx_word' id='word_1_2' title='bbox 368 312 371 318; x_wconf 90' lang='lat'>·</span> <span class='ocrx_word' id='word_1_3' title='bbox 658 275 820 359; x_wconf 82' lang='lat' dir='ltr'><strong>DECL.</strong></span> <span class='ocrx_word' id='word_1_4' title='bbox 860 277 935 355; x_wconf 84' lang='lat' dir='ltr'><strong>DE</strong></span> <span class='ocrx_word' id='word_1_5' title='bbox 968 273 1194 356; x_wconf 84' lang='lat' dir='ltr'><strong>lOANNE</strong></span> <span class='ocrx_word' id='word_1_6' title='bbox 1227 275 1382 354; x_wconf 85' lang='lat' dir='ltr'><strong>DUCE</strong></span> <span class='ocrx_word' id='word_1_7' title='bbox 1416 275 1555 357; x_wconf 67' lang='lat' dir='ltr'><strong>SAX„</strong></span> <span class='ocrx_word' id='word_1_8' title='bbox 2031 285 2130 362; x_wconf 66' lang='lat' dir='ltr'><strong>m.</strong></span> 
     </span>
    </p>
   </div>
   <div class='ocr_carea' id='block_1_2' title="bbox 71 439 2124 542">
    <p class='ocr_par' dir='ltr' id='par_1_2' title="bbox 71 439 2124 542">
     <span class='ocr_line' id='line_1_2' title="bbox 71 439 2124 542; baseline 0.001 -17"><span class='ocrx_word' id='word_1_9' title='bbox 71 461 200 525; x_wconf 62' lang='lat' dir='ltr'><strong>essem</strong></span> <span class='ocrx_word' id='word_1_10' title='bbox 248 445 403 523; x_wconf 77' lang='lat' dir='ltr'><strong>Aevero</strong></span> <span class='ocrx_word' id='word_1_11' title='bbox 419 452 623 525; x_wconf 81' lang='lat' dir='ltr'><strong>nouaclum</strong></span> <span class='ocrx_word' id='word_1_12' title='bbox 639 452 778 525; x_wconf 90' lang='lat' dir='ltr'><strong>inimici</strong></span> <span class='ocrx_word' id='word_1_13' title='bbox 793 454 868 526; x_wconf 89' lang='lat' dir='ltr'><strong>eius</strong></span> <span class='ocrx_word' id='word_1_14' title='bbox 883 453 1073 525; x_wconf 82' lang='lat' dir='ltr'><strong>autoritate</strong></span> <span class='ocrx_word' id='word_1_15' title='bbox 1121 447 1220 540; x_wconf 88' lang='lat' dir='ltr'><strong>Quid</strong></span> <span class='ocrx_word' id='word_1_16' title='bbox 1239 464 1357 523; x_wconf 86' lang='lat' dir='ltr'><strong>autem</strong></span> <span class='ocrx_word' id='word_1_17' title='bbox 1373 451 1489 523; x_wconf 88' lang='lat' dir='ltr'><strong>dicam</strong></span> <span class='ocrx_word' id='word_1_18' title='bbox 1511 439 1652 525; x_wconf 77' lang='lat' dir='ltr'><strong>deeius</strong></span> <span class='ocrx_word' id='word_1_19' title='bbox 1669 441 1860 532; x_wconf 87' lang='lat' dir='ltr'><strong>domestica</strong></span> <span class='ocrx_word' id='word_1_20' title='bbox 1882 455 2124 542; x_wconf 46' lang='lat' dir='ltr'><strong>administra-s</strong></span> 
     </span>
    </p>
   </div>
   <div class='ocr_carea' id='block_1_3' title="bbox 1 553 2221 5444">
    <p class='ocr_par' dir='ltr' id='par_1_3' title="bbox 1 553 2221 5444">
     <span class='ocr_line' id='line_1_3' title="bbox 71 553 2110 653; baseline 0.001 -24"><span class='ocrx_word' id='word_1_21' title='bbox 71 553 319 629; x_wconf 89' lang='lat' dir='ltr'><strong>etmoderatis</strong></span> <span class='ocrx_word' id='word_1_22' title='bbox 335 555 494 626; x_wconf 89' lang='lat' dir='ltr'><strong>consiliis</strong></span> <span class='ocrx_word' id='word_1_23' title='bbox 511 557 662 648; x_wconf 86' lang='lat' dir='ltr'><strong>repressi</strong></span> <span class='ocrx_word' id='word_1_24' title='bbox 676 569 771 644; x_wconf 88' lang='lat' dir='ltr'><strong>sunt,</strong></span> <span class='ocrx_word' id='word_1_25' title='bbox 788 560 848 627; x_wconf 91' lang='lat' dir='ltr'><strong>sed</strong></span> <span class='ocrx_word' id='word_1_26' title='bbox 862 555 948 626; x_wconf 89' lang='lat' dir='ltr'><strong>socii</strong></span> <span class='ocrx_word' id='word_1_27' title='bbox 964 556 1069 627; x_wconf 91' lang='lat' dir='ltr'><strong>etiam</strong></span> <span class='ocrx_word' id='word_1_28' title='bbox 1119 555 1234 649; x_wconf 86' lang='lat' dir='ltr'><strong>tione,</strong></span> <span class='ocrx_word' id='word_1_29' title='bbox 1276 577 1366 648; x_wconf 88' lang='lat' dir='ltr'><strong>quae</strong></span> <span class='ocrx_word' id='word_1_30' title='bbox 1396 567 1469 627; x_wconf 90' lang='lat' dir='ltr'><strong>tota</strong></span> <span class='ocrx_word' id='word_1_31' title='bbox 1498 555 1704 630; x_wconf 89' lang='lat' dir='ltr'><strong>clementiae</strong></span> <span class='ocrx_word' id='word_1_32' title='bbox 1735 573 1841 653; x_wconf 89' lang='lat' dir='ltr'><strong>atque</strong></span> <span class='ocrx_word' id='word_1_33' title='bbox 1877 553 2110 632; x_wconf 83' lang='lat' dir='ltr'><strong>humanitatis</strong></span> 
     </span>
     <span class='ocr_line' id='line_1_4' title="bbox 71 653 2110 756; baseline 0.001 -26"><span class='ocrx_word' id='word_1_34' title='bbox 71 657 287 745; x_wconf 84' lang='lat' dir='ltr'><strong>ferociores,</strong></span> <span class='ocrx_word' id='word_1_35' title='bbox 322 679 413 751; x_wconf 89' lang='lat' dir='ltr'><strong>qnos</strong></span> <span class='ocrx_word' id='word_1_36' title='bbox 444 659 628 729; x_wconf 88' lang='lat' dir='ltr'><strong>continere</strong></span> <span class='ocrx_word' id='word_1_37' title='bbox 657 662 697 730; x_wconf 87' lang='lat' dir='ltr'><strong>et&#39;</strong></span> <span class='ocrx_word' id='word_1_38' title='bbox 716 661 762 729; x_wconf 90' lang='lat' dir='ltr'><strong>ad</strong></span> <span class='ocrx_word' id='word_1_39' title='bbox 788 659 1068 734; x_wconf 75' lang='lat' dir='ltr'><strong>moderationem</strong></span> <span class='ocrx_word' id='word_1_40' title='bbox 1117 656 1223 748; x_wconf 92' lang='lat' dir='ltr'><strong>plena</strong></span> <span class='ocrx_word' id='word_1_41' title='bbox 1245 657 1322 728; x_wconf 82' lang='lat' dir='ltr'><strong>est?</strong></span> <span class='ocrx_word' id='word_1_42' title='bbox 1363 653 1541 728; x_wconf 78' lang='lat' dir='ltr'>Homerus</span> <span class='ocrx_word' id='word_1_43' title='bbox 1569 661 1636 744; x_wconf 89' lang='lat' dir='ltr'><strong>ait,</strong></span> <span class='ocrx_word' id='word_1_44' title='bbox 1669 654 1830 756; x_wconf 85' lang='lat' dir='ltr'><strong>Ulyssem</strong></span> <span class='ocrx_word' id='word_1_45' title='bbox 1855 661 1952 732; x_wconf 88' lang='lat' dir='ltr'><strong>velut</strong></span> <span class='ocrx_word' id='word_1_46' title='bbox 1972 675 2110 754; x_wconf 84' lang='lat' dir='ltr'><strong>patrem</strong></span> 
     </span>
     <span class='ocr_line' id='line_1_5' title="bbox 71 755 2118 860; baseline 0.001 -30"><span class='ocrx_word' id='word_1_47' title='bbox 71 763 215 832; x_wconf 86' lang='lat' dir='ltr'><strong>flectere</strong></span> <span class='ocrx_word' id='word_1_48' title='bbox 237 760 454 854; x_wconf 86' lang='lat' dir='ltr'><strong>quantiluit</strong></span> <span class='ocrx_word' id='word_1_49' title='bbox 477 761 633 852; x_wconf 77' lang='lat' dir='ltr'><strong>negocii,</strong></span> <span class='ocrx_word' id='word_1_50' title='bbox 659 773 873 854; x_wconf 90' lang='lat' dir='ltr'><strong>nonpotest</strong></span> <span class='ocrx_word' id='word_1_51' title='bbox 898 757 1067 832; x_wconf 85' lang='lat' dir='ltr'><strong>hocloco</strong></span> <span class='ocrx_word' id='word_1_52' title='bbox 1118 759 1252 829; x_wconf 90' lang='lat' dir='ltr'><strong>bonurn</strong></span> <span class='ocrx_word' id='word_1_53' title='bbox 1287 759 1417 830; x_wconf 86' lang='lat' dir='ltr'><strong>rexisse</strong></span> <span class='ocrx_word' id='word_1_54' title='bbox 1443 755 1683 846; x_wconf 87' lang='lat' dir='ltr'><strong>Thracenses,</strong></span> <span class='ocrx_word' id='word_1_55' title='bbox 1723 777 1756 833; x_wconf 89' lang='lat' dir='ltr'><strong>et</strong></span> <span class='ocrx_word' id='word_1_56' title='bbox 1781 758 2002 856; x_wconf 87' lang='lat' dir='ltr'><strong>Xenophon,</strong></span> <span class='ocrx_word' id='word_1_57' title='bbox 2044 765 2118 860; x_wconf 90' lang='lat' dir='ltr'><strong>qni.</strong></span> 
     </span>
     <span class='ocr_line' id='line_1_6' title="bbox 72 861 2106 958; baseline 0.001 -24"><span class='ocrx_word' id='word_1_58' title='bbox 72 865 156 934; x_wconf 90' lang='lat' dir='ltr'><strong>dici.</strong></span> <span class='ocrx_word' id='word_1_59' title='bbox 208 861 380 932; x_wconf 83' lang='lat' dir='ltr'><strong>Vidimus</strong></span> <span class='ocrx_word' id='word_1_60' title='bbox 400 885 497 932; x_wconf 90' lang='lat' dir='ltr'><strong>arma</strong></span> <span class='ocrx_word' id='word_1_61' title='bbox 521 875 678 954; x_wconf 91' lang='lat' dir='ltr'><strong>sumpta,</strong></span> <span class='ocrx_word' id='word_1_62' title='bbox 711 863 909 936; x_wconf 86' lang='lat' dir='ltr'><strong>etvictoria</strong></span> <span class='ocrx_word' id='word_1_63' title='bbox 933 863 1067 935; x_wconf 90' lang='lat' dir='ltr'><strong>eratin</strong></span> <span class='ocrx_word' id='word_1_64' title='bbox 1118 861 1261 952; x_wconf 90' lang='lat' dir='ltr'><strong>quidem</strong></span> <span class='ocrx_word' id='word_1_65' title='bbox 1294 861 1496 932; x_wconf 90' lang='lat' dir='ltr'><strong>absolutum</strong></span> <span class='ocrx_word' id='word_1_66' title='bbox 1529 865 1706 956; x_wconf 84' lang='lat' dir='ltr'><strong>exemplar</strong></span> <span class='ocrx_word' id='word_1_67' title='bbox 1739 865 1826 934; x_wconf 94' lang='lat' dir='ltr'><strong>boni</strong></span> <span class='ocrx_word' id='word_1_68' title='bbox 1859 865 2036 958; x_wconf 89' lang='lat' dir='ltr'><strong>Principis</strong></span> <span class='ocrx_word' id='word_1_69' title='bbox 2067 867 2106 936; x_wconf 89' lang='lat' dir='ltr'><strong>in</strong></span> 
     </span>
     <span class='ocr_line' id='line_1_7' title="bbox 1 954 2109 1060; baseline 0.001 -25"><span class='ocrx_word' id='word_1_70' title='bbox 1 966 2 969; x_wconf 65' lang='grc'>’</span> <span class='ocrx_word' id='word_1_71' title='bbox 70 989 200 1050; x_wconf 91' lang='lat' dir='ltr'><strong>manu,</strong></span> <span class='ocrx_word' id='word_1_72' title='bbox 227 966 291 1034; x_wconf 91' lang='lat' dir='ltr'><strong>ubi</strong></span> <span class='ocrx_word' id='word_1_73' title='bbox 314 978 434 1034; x_wconf 88' lang='lat' dir='ltr'><strong>tamen</strong></span> <span class='ocrx_word' id='word_1_74' title='bbox 459 965 634 1058; x_wconf 86' lang='lat' dir='ltr'><strong>aequitate</strong></span> <span class='ocrx_word' id='word_1_75' title='bbox 655 961 765 1035; x_wconf 89' lang='lat' dir='ltr'><strong>Ducis</strong></span> <span class='ocrx_word' id='word_1_76' title='bbox 788 964 963 1037; x_wconf 78' lang='lat' dir='ltr'><strong>Senoniae</strong></span> <span class='ocrx_word' id='word_1_77' title='bbox 986 989 1069 1058; x_wconf 90' lang='lat' dir='ltr'><strong>per·</strong></span> <span class='ocrx_word' id='word_1_78' title='bbox 1118 959 1213 1056; x_wconf 85' lang='lat' dir='ltr'><strong>Cyro</strong></span> <span class='ocrx_word' id='word_1_79' title='bbox 1236 954 1436 1054; x_wconf 83' lang='lat' dir='ltr'><strong>proposuit,</strong></span> <span class='ocrx_word' id='word_1_80' title='bbox 1460 963 1597 1060; x_wconf 90' lang='lat' dir='ltr'><strong>inquit,</strong></span> <span class='ocrx_word' id='word_1_81' title='bbox 1621 967 1756 1037; x_wconf 90' lang='lat' dir='ltr'><strong>bonum</strong></span> <span class='ocrx_word' id='word_1_82' title='bbox 1773 963 1975 1059; x_wconf 84' lang='lat' dir='ltr'><strong>Principem</strong></span> <span class='ocrx_word' id='word_1_83' title='bbox 1994 969 2109 1038; x_wconf 65' lang='lat' dir='ltr'><strong>simila</strong></span> 
     </span>
     <span class='ocr_line' id='line_1_8' title="bbox 69 1065 2107 1161; baseline 0.001 -24"><span class='ocrx_word' id='word_1_84' title='bbox 69 1069 203 1137; x_wconf 85' lang='lat' dir='ltr'><strong>fectum</strong></span> <span class='ocrx_word' id='word_1_85' title='bbox 227 1079 297 1148; x_wconf 84' lang='lat' dir='ltr'><strong>est,</strong></span> <span class='ocrx_word' id='word_1_86' title='bbox 326 1079 364 1136; x_wconf 90' lang='lat' dir='ltr'><strong>ut</strong></span> <span class='ocrx_word' id='word_1_87' title='bbox 392 1068 588 1160; x_wconf 85' lang='lat' dir='ltr'><strong>quamlibet</strong></span> <span class='ocrx_word' id='word_1_88' title='bbox 610 1066 694 1138; x_wconf 92' lang='lat' dir='ltr'><strong>irati</strong></span> <span class='ocrx_word' id='word_1_89' title='bbox 718 1069 845 1138; x_wconf 89' lang='lat' dir='ltr'><strong>caeteri</strong></span> <span class='ocrx_word' id='word_1_90' title='bbox 874 1067 1068 1139; x_wconf 88' lang='lat' dir='ltr'><strong>abiicerent</strong></span> <span class='ocrx_word' id='word_1_91' title='bbox 1118 1065 1244 1134; x_wconf 90' lang='lat' dir='ltr'><strong>limum</strong></span> <span class='ocrx_word' id='word_1_92' title='bbox 1258 1087 1330 1135; x_wconf 89' lang='lat' dir='ltr'><strong>esse</strong></span> <span class='ocrx_word' id='word_1_93' title='bbox 1348 1065 1457 1156; x_wconf 91' lang='lat' dir='ltr'><strong>patris</strong></span> <span class='ocrx_word' id='word_1_94' title='bbox 1473 1065 1574 1138; x_wconf 86' lang='lat' dir='ltr'><strong>honi.</strong></span> <span class='ocrx_word' id='word_1_95' title='bbox 1626 1066 1717 1156; x_wconf 88' lang='lat' dir='ltr'><strong>Quis</strong></span> <span class='ocrx_word' id='word_1_96' title='bbox 1732 1081 1848 1138; x_wconf 89' lang='lat' dir='ltr'><strong>autem</strong></span> <span class='ocrx_word' id='word_1_97' title='bbox 1871 1093 2029 1161; x_wconf 89' lang='lat' dir='ltr'><strong>unquam</strong></span> <span class='ocrx_word' id='word_1_98' title='bbox 2049 1069 2107 1141; x_wconf 88' lang='lat' dir='ltr'><strong>ul-</strong></span> 
     </span>
     <span class='ocr_line' id='line_1_9' title="bbox 71 1167 2108 1264; baseline 0.003 -26"><span class='ocrx_word' id='word_1_99' title='bbox 71 1193 193 1249; x_wconf 85' lang='lat' dir='ltr'><strong>arma,</strong></span> <span class='ocrx_word' id='word_1_100' title='bbox 218 1181 252 1238; x_wconf 90' lang='lat' dir='ltr'><strong>et</strong></span> <span class='ocrx_word' id='word_1_101' title='bbox 277 1169 443 1260; x_wconf 89' lang='lat' dir='ltr'><strong>componi</strong></span> <span class='ocrx_word' id='word_1_102' title='bbox 466 1168 542 1238; x_wconf 90' lang='lat' dir='ltr'><strong>siue</strong></span> <span class='ocrx_word' id='word_1_103' title='bbox 565 1171 669 1239; x_wconf 90' lang='lat' dir='ltr'><strong>caede</strong></span> <span class='ocrx_word' id='word_1_104' title='bbox 688 1183 908 1261; x_wconf 89' lang='lat' dir='ltr'><strong>paterentur:</strong></span> <span class='ocrx_word' id='word_1_105' title='bbox 937 1167 1066 1263; x_wconf 91' lang='lat' dir='ltr'><strong>quain</strong></span> <span class='ocrx_word' id='word_1_106' title='bbox 1117 1168 1193 1236; x_wconf 89' lang='lat' dir='ltr'><strong>lum</strong></span> <span class='ocrx_word' id='word_1_107' title='bbox 1214 1167 1338 1236; x_wconf 90' lang='lat' dir='ltr'><strong>durius</strong></span> <span class='ocrx_word' id='word_1_108' title='bbox 1362 1167 1496 1238; x_wconf 90' lang='lat' dir='ltr'><strong>dictum</strong></span> <span class='ocrx_word' id='word_1_109' title='bbox 1521 1182 1582 1239; x_wconf 91' lang='lat' dir='ltr'><strong>aut</strong></span> <span class='ocrx_word' id='word_1_110' title='bbox 1607 1170 1765 1260; x_wconf 87' lang='lat' dir='ltr'><strong>asperius</strong></span> <span class='ocrx_word' id='word_1_111' title='bbox 1792 1170 1906 1240; x_wconf 78' lang='lat' dir='ltr'><strong>nostri</strong></span> <span class='ocrx_word' id='word_1_112' title='bbox 1930 1169 2108 1264; x_wconf 88' lang='lat' dir='ltr'><strong>Principis</strong></span> 
     </span>
     <span class='ocr_line' id='line_1_10' title="bbox 70 1263 2107 1366; baseline 0.001 -26"><span class='ocrx_word' id='word_1_113' title='bbox 70 1272 183 1340; x_wconf 88' lang='lat' dir='ltr'><strong>revel</strong></span> <span class='ocrx_word' id='word_1_114' title='bbox 207 1271 396 1362; x_wconf 89' lang='lat' dir='ltr'><strong>praecipue</strong></span> <span class='ocrx_word' id='word_1_115' title='bbox 415 1269 543 1340; x_wconf 77' lang='lat' dir='ltr'><strong>enituit</strong></span> <span class='ocrx_word' id='word_1_116' title='bbox 563 1271 601 1339; x_wconf 93' lang='lat' dir='ltr'><strong>in</strong></span> <span class='ocrx_word' id='word_1_117' title='bbox 618 1295 659 1340; x_wconf 92' lang='lat' dir='ltr'><strong>eo</strong></span> <span class='ocrx_word' id='word_1_118' title='bbox 675 1272 883 1362; x_wconf 86' lang='lat' dir='ltr'><strong>magnitudo</strong></span> <span class='ocrx_word' id='word_1_119' title='bbox 897 1295 980 1341; x_wconf 90' lang='lat' dir='ltr'><strong>vere</strong></span> <span class='ocrx_word' id='word_1_120' title='bbox 1004 1266 1068 1340; x_wconf 87' lang='lat' dir='ltr'><strong>he·</strong></span> <span class='ocrx_word' id='word_1_121' title='bbox 1118 1281 1241 1338; x_wconf 88' lang='lat' dir='ltr'><strong>notare</strong></span> <span class='ocrx_word' id='word_1_122' title='bbox 1269 1263 1410 1359; x_wconf 85' lang='lat' dir='ltr'><strong>potuit?</strong></span> <span class='ocrx_word' id='word_1_123' title='bbox 1450 1267 1609 1342; x_wconf 86' lang='lat' dir='ltr'><strong>Tantum</strong></span> <span class='ocrx_word' id='word_1_124' title='bbox 1630 1273 1746 1355; x_wconf 89' lang='lat' dir='ltr'><strong>abest,</strong></span> <span class='ocrx_word' id='word_1_125' title='bbox 1777 1284 1817 1342; x_wconf 91' lang='lat' dir='ltr'><strong>ut</strong></span> <span class='ocrx_word' id='word_1_126' title='bbox 1837 1273 2025 1366; x_wconf 89' lang='lat' dir='ltr'><strong>quicquam</strong></span> <span class='ocrx_word' id='word_1_127' title='bbox 2046 1298 2107 1344; x_wconf 85' lang='lat' dir='ltr'><strong>su-</strong></span> 
     </span>
     <span class='ocr_line' id='line_1_11' title="bbox 70 1368 2106 1467; baseline 0.001 -25"><span class='ocrx_word' id='word_1_128' title='bbox 70 1373 186 1452; x_wconf 89' lang='lat' dir='ltr'><strong>roica,</strong></span> <span class='ocrx_word' id='word_1_129' title='bbox 215 1395 294 1440; x_wconf 93' lang='lat' dir='ltr'><strong>cum</strong></span> <span class='ocrx_word' id='word_1_130' title='bbox 311 1386 468 1463; x_wconf 85' lang='lat' dir='ltr'><strong>parceret</strong></span> <span class='ocrx_word' id='word_1_131' title='bbox 482 1373 637 1442; x_wconf 90' lang='lat' dir='ltr'><strong>inimicis</strong></span> <span class='ocrx_word' id='word_1_132' title='bbox 652 1397 693 1442; x_wconf 91' lang='lat' dir='ltr'><strong>eo</strong></span> <span class='ocrx_word' id='word_1_133' title='bbox 706 1387 885 1464; x_wconf 88' lang='lat' dir='ltr'><strong>tempore,</strong></span> <span class='ocrx_word' id='word_1_134' title='bbox 910 1397 982 1467; x_wconf 89' lang='lat' dir='ltr'><strong>quo</strong></span> <span class='ocrx_word' id='word_1_135' title='bbox 999 1397 1066 1442; x_wconf 94' lang='lat' dir='ltr'><strong>no-</strong></span> <span class='ocrx_word' id='word_1_136' title='bbox 1117 1371 1224 1461; x_wconf 88' lang='lat' dir='ltr'><strong>perbe</strong></span> <span class='ocrx_word' id='word_1_137' title='bbox 1239 1382 1299 1440; x_wconf 89' lang='lat' dir='ltr'><strong>aut</strong></span> <span class='ocrx_word' id='word_1_138' title='bbox 1313 1371 1501 1442; x_wconf 84' lang='lat' dir='ltr'><strong>crudeliter</strong></span> <span class='ocrx_word' id='word_1_139' title='bbox 1514 1397 1671 1466; x_wconf 86' lang='lat' dir='ltr'><strong>uuquam</strong></span> <span class='ocrx_word' id='word_1_140' title='bbox 1685 1371 1816 1443; x_wconf 89' lang='lat' dir='ltr'><strong>fecerit.</strong></span> <span class='ocrx_word' id='word_1_141' title='bbox 1850 1369 1903 1442; x_wconf 88' lang='lat' dir='ltr'><strong>Ac</strong></span> <span class='ocrx_word' id='word_1_142' title='bbox 1918 1368 2007 1442; x_wconf 92' lang='lat' dir='ltr'><strong>mihi</strong></span> <span class='ocrx_word' id='word_1_143' title='bbox 2024 1399 2106 1446; x_wconf 90' lang='lat' dir='ltr'><strong>vere</strong></span> 
     </span>
     <span class='ocr_line' id='line_1_12' title="bbox 72 1471 2104 1568; baseline 0.002 -24"><span class='ocrx_word' id='word_1_144' title='bbox 72 1497 153 1544; x_wconf 90' lang='lat' dir='ltr'><strong>cere</strong></span> <span class='ocrx_word' id='word_1_145' title='bbox 167 1473 322 1543; x_wconf 82' lang='lat' dir='ltr'><strong>sacilime</strong></span> <span class='ocrx_word' id='word_1_146' title='bbox 336 1487 490 1566; x_wconf 90' lang='lat' dir='ltr'><strong>poterat,</strong></span> <span class='ocrx_word' id='word_1_147' title='bbox 511 1489 545 1545; x_wconf 97' lang='lat' dir='ltr'><strong>et</strong></span> <span class='ocrx_word' id='word_1_148' title='bbox 561 1475 704 1568; x_wconf 88' lang='lat' dir='ltr'><strong>quidem</strong></span> <span class='ocrx_word' id='word_1_149' title='bbox 726 1477 875 1562; x_wconf 92' lang='lat' dir='ltr'><strong>talibus,</strong></span> <span class='ocrx_word' id='word_1_150' title='bbox 901 1475 1067 1568; x_wconf 89' lang='lat' dir='ltr'><strong>aquibus</strong></span> <span class='ocrx_word' id='word_1_151' title='bbox 1117 1471 1213 1542; x_wconf 88' lang='lat' dir='ltr'><strong>visus</strong></span> <span class='ocrx_word' id='word_1_152' title='bbox 1246 1485 1299 1542; x_wconf 88' lang='lat' dir='ltr'><strong>est</strong></span> <span class='ocrx_word' id='word_1_153' title='bbox 1330 1495 1474 1564; x_wconf 88' lang='lat' dir='ltr'><strong>prorsus</strong></span> <span class='ocrx_word' id='word_1_154' title='bbox 1507 1489 1692 1565; x_wconf 90' lang='lat' dir='ltr'><strong>paternum</strong></span> <span class='ocrx_word' id='word_1_155' title='bbox 1719 1475 1878 1544; x_wconf 90' lang='lat' dir='ltr'><strong>animum</strong></span> <span class='ocrx_word' id='word_1_156' title='bbox 1905 1499 1984 1565; x_wconf 87' lang='lat' dir='ltr'><strong>erga</strong></span> <span class='ocrx_word' id='word_1_157' title='bbox 2010 1476 2104 1548; x_wconf 83' lang='lat' dir='ltr'><strong>cives</strong></span> 
     </span>
     <span class='ocr_line' id='line_1_13' title="bbox 72 1569 2108 1671; baseline 0.002 -27"><span class='ocrx_word' id='word_1_158' title='bbox 72 1576 184 1645; x_wconf 85' lang='lat' dir='ltr'><strong>variis</strong></span> <span class='ocrx_word' id='word_1_159' title='bbox 203 1575 347 1646; x_wconf 88' lang='lat' dir='ltr'><strong>iniuriis</strong></span> <span class='ocrx_word' id='word_1_160' title='bbox 367 1575 514 1648; x_wconf 85' lang='lat' dir='ltr'><strong>affectus</strong></span> <span class='ocrx_word' id='word_1_161' title='bbox 535 1589 628 1661; x_wconf 89' lang='lat' dir='ltr'><strong>erat,</strong></span> <span class='ocrx_word' id='word_1_162' title='bbox 654 1589 690 1649; x_wconf 91' lang='lat' dir='ltr'><strong>et</strong></span> <span class='ocrx_word' id='word_1_163' title='bbox 711 1577 877 1671; x_wconf 91' lang='lat' dir='ltr'><strong>aquibus</strong></span> <span class='ocrx_word' id='word_1_164' title='bbox 900 1577 1067 1667; x_wconf 87' lang='lat' dir='ltr'><strong>deinceps</strong></span> <span class='ocrx_word' id='word_1_165' title='bbox 1117 1597 1239 1643; x_wconf 89' lang='lat' dir='ltr'><strong>omues</strong></span> <span class='ocrx_word' id='word_1_166' title='bbox 1253 1569 1394 1649; x_wconf 91' lang='lat' dir='ltr'><strong>habere.</strong></span> <span class='ocrx_word' id='word_1_167' title='bbox 1445 1571 1693 1646; x_wconf 82' lang='lat' dir='ltr'><strong>Animadverti</strong></span> <span class='ocrx_word' id='word_1_168' title='bbox 1717 1575 1811 1646; x_wconf 90' lang='lat' dir='ltr'><strong>enim</strong></span> <span class='ocrx_word' id='word_1_169' title='bbox 1835 1577 2108 1666; x_wconf 85' lang='lat' dir='ltr'><strong>significationes</strong></span> 
     </span>
     <span class='ocr_line' id='line_1_14' title="bbox 72 1670 2107 1770; baseline 0.002 -24"><span class='ocrx_word' id='word_1_170' title='bbox 72 1678 271 1768; x_wconf 90' lang='lat' dir='ltr'><strong>plurimum</strong></span> <span class='ocrx_word' id='word_1_171' title='bbox 291 1678 557 1770; x_wconf 80' lang='lat' dir='ltr'><strong>periculiesset.</strong></span> <span class='ocrx_word' id='word_1_172' title='bbox 607 1675 668 1749; x_wconf 88' lang='lat' dir='ltr'><strong>Au</strong></span> <span class='ocrx_word' id='word_1_173' title='bbox 686 1703 759 1747; x_wconf 92' lang='lat' dir='ltr'><strong>non</strong></span> <span class='ocrx_word' id='word_1_174' title='bbox 777 1679 931 1750; x_wconf 84' lang='lat' dir='ltr'><strong>ostendit</strong></span> <span class='ocrx_word' id='word_1_175' title='bbox 945 1673 1011 1749; x_wconf 90' lang='lat' dir='ltr'><strong>hac</strong></span> <span class='ocrx_word' id='word_1_176' title='bbox 1026 1679 1065 1747; x_wconf 93' lang='lat' dir='ltr'><strong>iu</strong></span> <span class='ocrx_word' id='word_1_177' title='bbox 1117 1697 1200 1744; x_wconf 84' lang='lat' dir='ltr'><strong>suec</strong></span> <span class='ocrx_word' id='word_1_178' title='bbox 1222 1670 1452 1750; x_wconf 89' lang='lat' dir='ltr'><strong>humanitatis</strong></span> <span class='ocrx_word' id='word_1_179' title='bbox 1474 1701 1554 1748; x_wconf 89' lang='lat' dir='ltr'><strong>cum</strong></span> <span class='ocrx_word' id='word_1_180' title='bbox 1586 1677 1625 1746; x_wconf 94' lang='lat' dir='ltr'><strong>in</strong></span> <span class='ocrx_word' id='word_1_181' title='bbox 1646 1702 1824 1764; x_wconf 88' lang='lat' dir='ltr'><strong>sermone,</strong></span> <span class='ocrx_word' id='word_1_182' title='bbox 1856 1690 1932 1748; x_wconf 90' lang='lat' dir='ltr'><strong>tum</strong></span> <span class='ocrx_word' id='word_1_183' title='bbox 1962 1679 2000 1748; x_wconf 92' lang='lat' dir='ltr'><strong>in</strong></span> <span class='ocrx_word' id='word_1_184' title='bbox 2026 1681 2107 1752; x_wconf 91' lang='lat' dir='ltr'><strong>aliis</strong></span> 
     </span>
     <span class='ocr_line' id='line_1_15' title="bbox 72 1772 2107 1873; baseline 0.001 -25"><span class='ocrx_word' id='word_1_185' title='bbox 72 1803 111 1848; x_wconf 89' lang='lat' dir='ltr'><strong>re</strong></span> <span class='ocrx_word' id='word_1_186' title='bbox 129 1772 294 1850; x_wconf 87' lang='lat' dir='ltr'><strong>animum</strong></span> <span class='ocrx_word' id='word_1_187' title='bbox 315 1779 488 1850; x_wconf 79' lang='lat' dir='ltr'><strong>invictum</strong></span> <span class='ocrx_word' id='word_1_188' title='bbox 510 1783 679 1854; x_wconf 87' lang='lat' dir='ltr'><strong>adversus</strong></span> <span class='ocrx_word' id='word_1_189' title='bbox 692 1803 814 1850; x_wconf 89' lang='lat' dir='ltr'><strong>omnes</strong></span> <span class='ocrx_word' id='word_1_190' title='bbox 835 1783 990 1873; x_wconf 89' lang='lat' dir='ltr'><strong>privatas</strong></span> <span class='ocrx_word' id='word_1_191' title='bbox 1003 1803 1067 1850; x_wconf 86' lang='lat' dir='ltr'><strong>cu·</strong></span> <span class='ocrx_word' id='word_1_192' title='bbox 1117 1775 1238 1847; x_wconf 88' lang='lat' dir='ltr'><strong>multis</strong></span> <span class='ocrx_word' id='word_1_193' title='bbox 1253 1778 1388 1852; x_wconf 85' lang='lat' dir='ltr'><strong>officiis.</strong></span> <span class='ocrx_word' id='word_1_194' title='bbox 1426 1777 1509 1850; x_wconf 89' lang='lat' dir='ltr'><strong>Vidi</strong></span> <span class='ocrx_word' id='word_1_195' title='bbox 1526 1779 1600 1872; x_wconf 90' lang='lat' dir='ltr'><strong>ipse</strong></span> <span class='ocrx_word' id='word_1_196' title='bbox 1615 1804 1720 1872; x_wconf 89' lang='lat' dir='ltr'><strong>quam</strong></span> <span class='ocrx_word' id='word_1_197' title='bbox 1739 1805 1819 1850; x_wconf 90' lang='lat' dir='ltr'><strong>vere</strong></span> <span class='ocrx_word' id='word_1_198' title='bbox 1833 1779 2002 1852; x_wconf 90' lang='lat' dir='ltr'><strong>induebat</strong></span> <span class='ocrx_word' id='word_1_199' title='bbox 2017 1783 2107 1852; x_wconf 83' lang='lat' dir='ltr'><strong>alio-</strong></span> 
     </span>
     <span class='ocr_line' id='line_1_16' title="bbox 71 1877 2115 1976; baseline 0.002 -26"><span class='ocrx_word' id='word_1_200' title='bbox 71 1881 264 1972; x_wconf 82' lang='lat' dir='ltr'><strong>piditates?</strong></span> <span class='ocrx_word' id='word_1_201' title='bbox 299 1880 388 1950; x_wconf 88' lang='lat' dir='ltr'><strong>Nam</strong></span> <span class='ocrx_word' id='word_1_202' title='bbox 402 1894 588 1976; x_wconf 90' lang='lat' dir='ltr'><strong>postquam</strong></span> <span class='ocrx_word' id='word_1_203' title='bbox 604 1905 682 1974; x_wconf 89' lang='lat' dir='ltr'><strong>spes</strong></span> <span class='ocrx_word' id='word_1_204' title='bbox 698 1896 838 1954; x_wconf 88' lang='lat' dir='ltr'><strong>ostensa</strong></span> <span class='ocrx_word' id='word_1_205' title='bbox 853 1895 905 1952; x_wconf 87' lang='lat' dir='ltr'><strong>est</strong></span> <span class='ocrx_word' id='word_1_206' title='bbox 920 1906 1066 1974; x_wconf 91' lang='lat' dir='ltr'><strong>compo·</strong></span> <span class='ocrx_word' id='word_1_207' title='bbox 1117 1903 1197 1949; x_wconf 92' lang='lat' dir='ltr'><strong>rum</strong></span> <span class='ocrx_word' id='word_1_208' title='bbox 1214 1879 1377 1965; x_wconf 86' lang='lat' dir='ltr'><strong>affectus,</strong></span> <span class='ocrx_word' id='word_1_209' title='bbox 1403 1879 1532 1974; x_wconf 89' lang='lat' dir='ltr'><strong>siquid</strong></span> <span class='ocrx_word' id='word_1_210' title='bbox 1548 1883 1621 1951; x_wconf 92' lang='lat' dir='ltr'><strong>suis</strong></span> <span class='ocrx_word' id='word_1_211' title='bbox 1638 1881 1800 1967; x_wconf 89' lang='lat' dir='ltr'><strong>deberet,</strong></span> <span class='ocrx_word' id='word_1_212' title='bbox 1827 1895 1861 1954; x_wconf 90' lang='lat' dir='ltr'><strong>et</strong></span> <span class='ocrx_word' id='word_1_213' title='bbox 1879 1893 1996 1952; x_wconf 88' lang='lat' dir='ltr'><strong>tamen</strong></span> <span class='ocrx_word' id='word_1_214' title='bbox 2012 1877 2115 1955; x_wconf 18' lang='lat' dir='ltr'><strong>hanc,</strong></span> 
     </span>
     <span class='ocr_line' id='line_1_17' title="bbox 71 1979 2105 2077; baseline 0.001 -25"><span class='ocrx_word' id='word_1_215' title='bbox 71 1984 213 2052; x_wconf 87' lang='lat' dir='ltr'><strong>ncudae</strong></span> <span class='ocrx_word' id='word_1_216' title='bbox 237 1983 306 2068; x_wconf 89' lang='lat' dir='ltr'><strong>rei,</strong></span> <span class='ocrx_word' id='word_1_217' title='bbox 339 2005 416 2052; x_wconf 89' lang='lat' dir='ltr'><strong>nou</strong></span> <span class='ocrx_word' id='word_1_218' title='bbox 438 1985 605 2075; x_wconf 83' lang='lat' dir='ltr'><strong>expetivit</strong></span> <span class='ocrx_word' id='word_1_219' title='bbox 627 1983 831 2072; x_wconf 88' lang='lat' dir='ltr'><strong>victoriam,</strong></span> <span class='ocrx_word' id='word_1_220' title='bbox 862 2009 938 2054; x_wconf 93' lang='lat' dir='ltr'><strong>non</strong></span> <span class='ocrx_word' id='word_1_221' title='bbox 961 1985 1065 2074; x_wconf 83' lang='lat' dir='ltr'><strong>gessit</strong></span> <span class='ocrx_word' id='word_1_222' title='bbox 1117 1981 1297 2051; x_wconf 86' lang='lat' dir='ltr'><strong>lenitatem</strong></span> <span class='ocrx_word' id='word_1_223' title='bbox 1324 1982 1401 2051; x_wconf 91' lang='lat' dir='ltr'><strong>iure</strong></span> <span class='ocrx_word' id='word_1_224' title='bbox 1428 1985 1664 2074; x_wconf 84' lang='lat' dir='ltr'><strong>temperabat3</strong></span> <span class='ocrx_word' id='word_1_225' title='bbox 1704 1979 1890 2053; x_wconf 86' lang='lat' dir='ltr'><strong>cohercere</strong></span> <span class='ocrx_word' id='word_1_226' title='bbox 1922 1981 2105 2077; x_wconf 89' lang='lat' dir='ltr'><strong>improbos</strong></span> 
     </span>
     <span class='ocr_line' id='line_1_18' title="bbox 70 2081 2105 2177; baseline 0.001 -23"><span class='ocrx_word' id='word_1_227' title='bbox 70 2109 209 2154; x_wconf 91' lang='lat' dir='ltr'><strong>morem</strong></span> <span class='ocrx_word' id='word_1_228' title='bbox 229 2085 453 2172; x_wconf 86' lang='lat' dir='ltr'><strong>iracundiae,</strong></span> <span class='ocrx_word' id='word_1_229' title='bbox 483 2087 555 2159; x_wconf 48' lang='lat' dir='ltr'><strong>sed¹</strong></span> <span class='ocrx_word' id='word_1_230' title='bbox 567 2082 623 2156; x_wconf 89' lang='lat' dir='ltr'><strong>his</strong></span> <span class='ocrx_word' id='word_1_231' title='bbox 645 2089 751 2158; x_wconf 87' lang='lat' dir='ltr'><strong>rebus</strong></span> <span class='ocrx_word' id='word_1_232' title='bbox 773 2087 940 2158; x_wconf 89' lang='lat' dir='ltr'><strong>omuibus</strong></span> <span class='ocrx_word' id='word_1_233' title='bbox 962 2109 1065 2177; x_wconf 90' lang='lat' dir='ltr'><strong>prae·</strong></span> <span class='ocrx_word' id='word_1_234' title='bbox 1116 2083 1268 2156; x_wconf 88' lang='lat' dir='ltr'><strong>volebat.</strong></span> <span class='ocrx_word' id='word_1_235' title='bbox 1319 2081 1372 2154; x_wconf 89' lang='lat' dir='ltr'><strong>Ac</strong></span> <span class='ocrx_word' id='word_1_236' title='bbox 1389 2085 1419 2153; x_wconf 94' lang='lat' dir='ltr'><strong>si</strong></span> <span class='ocrx_word' id='word_1_237' title='bbox 1432 2085 1588 2156; x_wconf 80' lang='lat' dir='ltr'><strong>fortassis</strong></span> <span class='ocrx_word' id='word_1_238' title='bbox 1604 2087 1640 2154; x_wconf 94' lang='lat' dir='ltr'><strong>in</strong></span> <span class='ocrx_word' id='word_1_239' title='bbox 1658 2109 1696 2155; x_wconf 90' lang='lat' dir='ltr'><strong>ea</strong></span> <span class='ocrx_word' id='word_1_240' title='bbox 1715 2086 1864 2155; x_wconf 90' lang='lat' dir='ltr'><strong>revisus</strong></span> <span class='ocrx_word' id='word_1_241' title='bbox 1880 2099 1929 2155; x_wconf 90' lang='lat' dir='ltr'><strong>est</strong></span> <span class='ocrx_word' id='word_1_242' title='bbox 1946 2081 2105 2156; x_wconf 89' lang='lat' dir='ltr'><strong>homini-</strong></span> 
     </span>
     <span class='ocr_line' id='line_1_19' title="bbox 72 2183 2106 2284; baseline 0.001 -28"><span class='ocrx_word' id='word_1_243' title='bbox 72 2188 159 2258; x_wconf 91' lang='lat' dir='ltr'><strong>tulit</strong></span> <span class='ocrx_word' id='word_1_244' title='bbox 192 2187 485 2280; x_wconf 77' lang='lat' dir='ltr'><strong>tranquillitatem</strong></span> <span class='ocrx_word' id='word_1_245' title='bbox 519 2185 673 2280; x_wconf 80' lang='lat' dir='ltr'><strong>Reipub.</strong></span> <span class='ocrx_word' id='word_1_246' title='bbox 736 2187 832 2259; x_wconf 85' lang='lat' dir='ltr'><strong>Haec</strong></span> <span class='ocrx_word' id='word_1_247' title='bbox 865 2201 917 2258; x_wconf 88' lang='lat' dir='ltr'><strong>est</strong></span> <span class='ocrx_word' id='word_1_248' title='bbox 950 2190 1064 2257; x_wconf 90' lang='lat' dir='ltr'><strong>virtus</strong></span> <span class='ocrx_word' id='word_1_249' title='bbox 1117 2185 1181 2255; x_wconf 89' lang='lat' dir='ltr'><strong>hus</strong></span> <span class='ocrx_word' id='word_1_250' title='bbox 1197 2183 1370 2278; x_wconf 89' lang='lat' dir='ltr'><strong>imperitis</strong></span> <span class='ocrx_word' id='word_1_251' title='bbox 1384 2189 1624 2272; x_wconf 88' lang='lat' dir='ltr'><strong>cunctantior,</strong></span> <span class='ocrx_word' id='word_1_252' title='bbox 1644 2188 1720 2258; x_wconf 91' lang='lat' dir='ltr'><strong>laus</strong></span> <span class='ocrx_word' id='word_1_253' title='bbox 1735 2201 1787 2258; x_wconf 85' lang='lat' dir='ltr'><strong>est</strong></span> <span class='ocrx_word' id='word_1_254' title='bbox 1801 2188 1989 2275; x_wconf 84' lang='lat' dir='ltr'><strong>bonitatis,</strong></span> <span class='ocrx_word' id='word_1_255' title='bbox 2016 2215 2106 2284; x_wconf 86' lang='lat' dir='ltr'><strong>qnae</strong></span> 
     </span>
     <span class='ocr_line' id='line_1_20' title="bbox 72 2287 2115 2382; baseline 0.002 -26"><span class='ocrx_word' id='word_1_256' title='bbox 72 2312 202 2378; x_wconf 86' lang='lat' dir='ltr'><strong>magno</strong></span> <span class='ocrx_word' id='word_1_257' title='bbox 225 2289 305 2358; x_wconf 93' lang='lat' dir='ltr'><strong>viro</strong></span> <span class='ocrx_word' id='word_1_258' title='bbox 327 2311 367 2359; x_wconf 89' lang='lat' dir='ltr'><strong>ac</strong></span> <span class='ocrx_word' id='word_1_259' title='bbox 388 2291 539 2380; x_wconf 86' lang='lat' dir='ltr'><strong>sapienti</strong></span> <span class='ocrx_word' id='word_1_260' title='bbox 562 2293 749 2382; x_wconf 88' lang='lat' dir='ltr'><strong>praecipue</strong></span> <span class='ocrx_word' id='word_1_261' title='bbox 770 2292 893 2380; x_wconf 90' lang='lat' dir='ltr'><strong>digna,</strong></span> <span class='ocrx_word' id='word_1_262' title='bbox 919 2291 1064 2360; x_wconf 92' lang='lat' dir='ltr'><strong>iracun-</strong></span> <span class='ocrx_word' id='word_1_263' title='bbox 1117 2287 1387 2358; x_wconf 75' lang='lat' dir='ltr'><strong>certeemtnere</strong></span> <span class='ocrx_word' id='word_1_264' title='bbox 1412 2290 1515 2359; x_wconf 91' lang='lat' dir='ltr'><strong>debet</strong></span> <span class='ocrx_word' id='word_1_265' title='bbox 1529 2289 1567 2357; x_wconf 91' lang='lat' dir='ltr'><strong>in</strong></span> <span class='ocrx_word' id='word_1_266' title='bbox 1584 2288 1761 2381; x_wconf 89' lang='lat' dir='ltr'><strong>Principe.</strong></span> <span class='ocrx_word' id='word_1_267' title='bbox 1814 2288 1896 2359; x_wconf 86' lang='lat' dir='ltr'><strong>Vita</strong></span> <span class='ocrx_word' id='word_1_268' title='bbox 1917 2291 1991 2360; x_wconf 88' lang='lat' dir='ltr'><strong>eius</strong></span> <span class='ocrx_word' id='word_1_269' title='bbox 2011 2293 2115 2362; x_wconf 87' lang='lat' dir='ltr'><strong>inte-·</strong></span> 
     </span>
     <span class='ocr_line' id='line_1_21' title="bbox 73 2388 2105 2484; baseline 0.003 -26"><span class='ocrx_word' id='word_1_270' title='bbox 73 2391 170 2459; x_wconf 91' lang='lat' dir='ltr'><strong>diam</strong></span> <span class='ocrx_word' id='word_1_271' title='bbox 188 2391 345 2478; x_wconf 84' lang='lat' dir='ltr'><strong>vincere,</strong></span> <span class='ocrx_word' id='word_1_272' title='bbox 369 2403 404 2460; x_wconf 92' lang='lat' dir='ltr'><strong>et</strong></span> <span class='ocrx_word' id='word_1_273' title='bbox 428 2391 575 2482; x_wconf 89' lang='lat' dir='ltr'><strong>privatis</strong></span> <span class='ocrx_word' id='word_1_274' title='bbox 597 2391 778 2464; x_wconf 78' lang='lat' dir='ltr'><strong>affectibus</strong></span> <span class='ocrx_word' id='word_1_275' title='bbox 801 2393 977 2463; x_wconf 76' lang='lat' dir='ltr'><strong>anteferre</strong></span> <span class='ocrx_word' id='word_1_276' title='bbox 999 2415 1065 2484; x_wconf 89' lang='lat' dir='ltr'><strong>pn·</strong></span> <span class='ocrx_word' id='word_1_277' title='bbox 1116 2389 1189 2461; x_wconf 92' lang='lat' dir='ltr'><strong>rior</strong></span> <span class='ocrx_word' id='word_1_278' title='bbox 1212 2388 1487 2471; x_wconf 89' lang='lat' dir='ltr'><strong>modestissima,</strong></span> <span class='ocrx_word' id='word_1_279' title='bbox 1522 2391 1644 2460; x_wconf 88' lang='lat' dir='ltr'><strong>nullus</strong></span> <span class='ocrx_word' id='word_1_280' title='bbox 1668 2392 1791 2471; x_wconf 83' lang='lat' dir='ltr'><strong>luxus,</strong></span> <span class='ocrx_word' id='word_1_281' title='bbox 1818 2393 1937 2461; x_wconf 87' lang='lat' dir='ltr'><strong>nullae</strong></span> <span class='ocrx_word' id='word_1_282' title='bbox 1959 2394 2105 2464; x_wconf 85' lang='lat' dir='ltr'><strong>deliciae</strong></span> 
     </span>
     <span class='ocr_line' id='line_1_22' title="bbox 69 2489 2111 2589; baseline 0 -26"><span class='ocrx_word' id='word_1_283' title='bbox 69 2491 202 2563; x_wconf 87' lang='lat' dir='ltr'><strong>blicam</strong></span> <span class='ocrx_word' id='word_1_284' title='bbox 219 2492 420 2566; x_wconf 84' lang='lat' dir='ltr'><strong>utilitatem.</strong></span> <span class='ocrx_word' id='word_1_285' title='bbox 473 2492 781 2566; x_wconf 90' lang='lat' dir='ltr'><strong>Praedicenturin</strong></span> <span class='ocrx_word' id='word_1_286' title='bbox 803 2494 953 2566; x_wconf 88' lang='lat' dir='ltr'><strong>aliisres</strong></span> <span class='ocrx_word' id='word_1_287' title='bbox 970 2495 1064 2563; x_wconf 91' lang='lat' dir='ltr'><strong>bello</strong></span> <span class='ocrx_word' id='word_1_288' title='bbox 1116 2491 1192 2560; x_wconf 86' lang='lat' dir='ltr'><strong>viro</strong></span> <span class='ocrx_word' id='word_1_289' title='bbox 1221 2489 1409 2581; x_wconf 86' lang='lat' dir='ltr'><strong>indignae,</strong></span> <span class='ocrx_word' id='word_1_290' title='bbox 1440 2491 1560 2562; x_wconf 88' lang='lat' dir='ltr'><strong>nullae</strong></span> <span class='ocrx_word' id='word_1_291' title='bbox 1588 2492 1758 2563; x_wconf 85' lang='lat' dir='ltr'><strong>libidines</strong></span> <span class='ocrx_word' id='word_1_292' title='bbox 1784 2507 1902 2580; x_wconf 90' lang='lat' dir='ltr'><strong>erant,</strong></span> <span class='ocrx_word' id='word_1_293' title='bbox 1933 2495 2111 2589; x_wconf 87' lang='lat' dir='ltr'><strong>quicquid.</strong></span> 
     </span>
     <span class='ocr_line' id='line_1_23' title="bbox 72 2589 2104 2688; baseline 0.002 -26"><span class='ocrx_word' id='word_1_294' title='bbox 72 2609 208 2685; x_wconf 80' lang='lat' dir='ltr'><strong>gestae,</strong></span> <span class='ocrx_word' id='word_1_295' title='bbox 221 2591 351 2665; x_wconf 38' lang='lat' dir='ltr'><strong>*hostes</strong></span> <span class='ocrx_word' id='word_1_296' title='bbox 365 2594 404 2664; x_wconf 92' lang='lat' dir='ltr'><strong>in</strong></span> <span class='ocrx_word' id='word_1_297' title='bbox 418 2595 491 2664; x_wconf 89' lang='lat' dir='ltr'><strong>acie</strong></span> <span class='ocrx_word' id='word_1_298' title='bbox 506 2595 611 2681; x_wconf 82' lang='lat' dir='ltr'><strong>victi,</strong></span> <span class='ocrx_word' id='word_1_299' title='bbox 637 2610 778 2688; x_wconf 89' lang='lat' dir='ltr'><strong>paratae</strong></span> <span class='ocrx_word' id='word_1_300' title='bbox 794 2597 901 2667; x_wconf 88' lang='lat' dir='ltr'><strong>armis</strong></span> <span class='ocrx_word' id='word_1_301' title='bbox 917 2597 1065 2688; x_wconf 89' lang='lat' dir='ltr'><strong>provin·</strong></span> <span class='ocrx_word' id='word_1_302' title='bbox 1115 2615 1135 2662; x_wconf 92' lang='lat' dir='ltr'><strong>a</strong></span> <span class='ocrx_word' id='word_1_303' title='bbox 1149 2593 1304 2682; x_wconf 87' lang='lat' dir='ltr'><strong>negociis</strong></span> <span class='ocrx_word' id='word_1_304' title='bbox 1319 2593 1421 2664; x_wconf 89' lang='lat' dir='ltr'><strong>vacui</strong></span> <span class='ocrx_word' id='word_1_305' title='bbox 1437 2594 1605 2687; x_wconf 89' lang='lat' dir='ltr'><strong>temporis</strong></span> <span class='ocrx_word' id='word_1_306' title='bbox 1622 2589 1765 2676; x_wconf 88' lang='lat' dir='ltr'><strong>habuit,</strong></span> <span class='ocrx_word' id='word_1_307' title='bbox 1791 2595 1828 2665; x_wconf 91' lang='lat' dir='ltr'><strong>id</strong></span> <span class='ocrx_word' id='word_1_308' title='bbox 1845 2608 1958 2667; x_wconf 89' lang='lat' dir='ltr'><strong>totum</strong></span> <span class='ocrx_word' id='word_1_309' title='bbox 1975 2609 2104 2667; x_wconf 89' lang='lat' dir='ltr'><strong>contn-</strong></span> 
     </span>
     <span class='ocr_line' id='line_1_24' title="bbox 70 2691 2103 2791; baseline 0.001 -25"><span class='ocrx_word' id='word_1_310' title='bbox 70 2697 166 2782; x_wconf 92' lang='lat' dir='ltr'><strong>ciae,</strong></span> <span class='ocrx_word' id='word_1_311' title='bbox 190 2695 253 2765; x_wconf 92' lang='lat' dir='ltr'><strong>illa</strong></span> <span class='ocrx_word' id='word_1_312' title='bbox 274 2697 370 2764; x_wconf 87' lang='lat' dir='ltr'><strong>euim</strong></span> <span class='ocrx_word' id='word_1_313' title='bbox 391 2691 475 2767; x_wconf 83' lang='lat' dir='ltr'><strong>sont</strong></span> <span class='ocrx_word' id='word_1_314' title='bbox 496 2719 641 2789; x_wconf 89' lang='lat' dir='ltr'><strong>magna,</strong></span> <span class='ocrx_word' id='word_1_315' title='bbox 672 2713 706 2769; x_wconf 91' lang='lat' dir='ltr'><strong>et</strong></span> <span class='ocrx_word' id='word_1_316' title='bbox 729 2721 831 2790; x_wconf 85' lang='lat' dir='ltr'><strong>saepe</strong></span> <span class='ocrx_word' id='word_1_317' title='bbox 852 2699 1064 2784; x_wconf 83' lang='lat' dir='ltr'><strong>necessaria3</strong></span> <span class='ocrx_word' id='word_1_318' title='bbox 1115 2695 1157 2764; x_wconf 93' lang='lat' dir='ltr'><strong>lit</strong></span> <span class='ocrx_word' id='word_1_319' title='bbox 1189 2696 1230 2766; x_wconf 86' lang='lat' dir='ltr'><strong>iu</strong></span> <span class='ocrx_word' id='word_1_320' title='bbox 1256 2695 1442 2766; x_wconf 90' lang='lat' dir='ltr'><strong>lectionem</strong></span> <span class='ocrx_word' id='word_1_321' title='bbox 1475 2719 1652 2767; x_wconf 89' lang='lat' dir='ltr'><strong>sacrarum</strong></span> <span class='ocrx_word' id='word_1_322' title='bbox 1683 2697 1884 2784; x_wconf 83' lang='lat' dir='ltr'><strong>literarum,</strong></span> <span class='ocrx_word' id='word_1_323' title='bbox 1917 2713 2103 2791; x_wconf 89' lang='lat' dir='ltr'><strong>propterea</strong></span> 
     </span>
     <span class='ocr_line' id='line_1_25' title="bbox 71 2793 2103 2891; baseline 0.002 -25"><span class='ocrx_word' id='word_1_324' title='bbox 71 2801 227 2868; x_wconf 87' lang='lat' dir='ltr'><strong>sednon</strong></span> <span class='ocrx_word' id='word_1_325' title='bbox 248 2801 388 2868; x_wconf 89' lang='lat' dir='ltr'><strong>minora</strong></span> <span class='ocrx_word' id='word_1_326' title='bbox 407 2813 491 2871; x_wconf 91' lang='lat' dir='ltr'><strong>sunt</strong></span> <span class='ocrx_word' id='word_1_327' title='bbox 507 2795 614 2882; x_wconf 89' lang='lat' dir='ltr'><strong>haec,</strong></span> <span class='ocrx_word' id='word_1_328' title='bbox 640 2801 779 2871; x_wconf 90' lang='lat' dir='ltr'><strong>ratione</strong></span> <span class='ocrx_word' id='word_1_329' title='bbox 800 2813 834 2871; x_wconf 93' lang='lat' dir='ltr'><strong>et</strong></span> <span class='ocrx_word' id='word_1_330' title='bbox 857 2801 966 2870; x_wconf 91' lang='lat' dir='ltr'><strong>animi</strong></span> <span class='ocrx_word' id='word_1_331' title='bbox 986 2823 1066 2870; x_wconf 89' lang='lat' dir='ltr'><strong>mo·</strong></span> <span class='ocrx_word' id='word_1_332' title='bbox 1115 2797 1211 2891; x_wconf 91' lang='lat' dir='ltr'><strong>quod</strong></span> <span class='ocrx_word' id='word_1_333' title='bbox 1225 2797 1409 2888; x_wconf 86' lang='lat' dir='ltr'><strong>religionis</strong></span> <span class='ocrx_word' id='word_1_334' title='bbox 1421 2793 1644 2869; x_wconf 87' lang='lat' dir='ltr'><strong>Christianae</strong></span> <span class='ocrx_word' id='word_1_335' title='bbox 1659 2799 1920 2868; x_wconf 86' lang='lat' dir='ltr'><strong>amantissimus</strong></span> <span class='ocrx_word' id='word_1_336' title='bbox 1936 2813 2020 2870; x_wconf 89' lang='lat' dir='ltr'><strong>erat.</strong></span> <span class='ocrx_word' id='word_1_337' title='bbox 2060 2798 2103 2870; x_wconf 90' lang='lat' dir='ltr'><strong>ln</strong></span> 
     </span>
     <span class='ocr_line' id='line_1_26' title="bbox 71 2894 2103 2993; baseline 0.001 -23"><span class='ocrx_word' id='word_1_338' title='bbox 71 2900 259 2970; x_wconf 89' lang='lat' dir='ltr'><strong>deratioue</strong></span> <span class='ocrx_word' id='word_1_339' title='bbox 275 2901 440 2972; x_wconf 81' lang='lat' dir='ltr'><strong>excitatos</strong></span> <span class='ocrx_word' id='word_1_340' title='bbox 456 2916 572 2972; x_wconf 87' lang='lat' dir='ltr'><strong>motus</strong></span> <span class='ocrx_word' id='word_1_341' title='bbox 589 2903 711 2972; x_wconf 88' lang='lat' dir='ltr'><strong>sedare</strong></span> <span class='ocrx_word' id='word_1_342' title='bbox 725 2927 765 2972; x_wconf 88' lang='lat' dir='ltr'><strong>ac</strong></span> <span class='ocrx_word' id='word_1_343' title='bbox 781 2901 953 2993; x_wconf 87' lang='lat' dir='ltr'><strong>mitigare,</strong></span> <span class='ocrx_word' id='word_1_344' title='bbox 979 2925 1065 2972; x_wconf 87' lang='lat' dir='ltr'><strong>con·</strong></span> <span class='ocrx_word' id='word_1_345' title='bbox 1116 2894 1192 2968; x_wconf 85' lang='lat' dir='ltr'><strong>hoc</strong></span> <span class='ocrx_word' id='word_1_346' title='bbox 1205 2897 1311 2969; x_wconf 92' lang='lat' dir='ltr'><strong>etiam</strong></span> <span class='ocrx_word' id='word_1_347' title='bbox 1335 2913 1512 2992; x_wconf 88' lang='lat' dir='ltr'><strong>postremo</strong></span> <span class='ocrx_word' id='word_1_348' title='bbox 1528 2915 1687 2992; x_wconf 90' lang='lat' dir='ltr'><strong>tempore</strong></span> <span class='ocrx_word' id='word_1_349' title='bbox 1703 2901 1815 2971; x_wconf 85' lang='lat' dir='ltr'><strong>multa</strong></span> <span class='ocrx_word' id='word_1_350' title='bbox 1832 2900 1934 2990; x_wconf 87' lang='lat' dir='ltr'><strong>legit,</strong></span> <span class='ocrx_word' id='word_1_351' title='bbox 1958 2917 1992 2973; x_wconf 91' lang='lat' dir='ltr'><strong>et</strong></span> <span class='ocrx_word' id='word_1_352' title='bbox 2006 2914 2047 2971; x_wconf 92' lang='lat' dir='ltr'><strong>ut</strong></span> <span class='ocrx_word' id='word_1_353' title='bbox 2062 2926 2103 2972; x_wconf 82' lang='lat' dir='ltr'><strong>ex</strong></span> 
     </span>
     <span class='ocr_line' id='line_1_27' title="bbox 70 2996 2104 3098; baseline 0.001 -28"><span class='ocrx_word' id='word_1_354' title='bbox 70 3003 155 3071; x_wconf 83' lang='lat' dir='ltr'><strong>silio</strong></span> <span class='ocrx_word' id='word_1_355' title='bbox 170 2996 371 3092; x_wconf 89' lang='lat' dir='ltr'><strong>prohibere,</strong></span> <span class='ocrx_word' id='word_1_356' title='bbox 397 2997 443 3072; x_wconf 87' lang='lat' dir='ltr'><strong>ne</strong></span> <span class='ocrx_word' id='word_1_357' title='bbox 458 3027 513 3074; x_wconf 90' lang='lat' dir='ltr'><strong>res</strong></span> <span class='ocrx_word' id='word_1_358' title='bbox 529 3005 572 3072; x_wconf 90' lang='lat' dir='ltr'><strong>ad</strong></span> <span class='ocrx_word' id='word_1_359' title='bbox 588 3027 686 3075; x_wconf 89' lang='lat' dir='ltr'><strong>arma</strong></span> <span class='ocrx_word' id='word_1_360' title='bbox 700 3005 906 3079; x_wconf 90' lang='lat' dir='ltr'><strong>deducatur.</strong></span> <span class='ocrx_word' id='word_1_361' title='bbox 942 3001 1065 3098; x_wconf 90' lang='lat' dir='ltr'><strong>ltaque</strong></span> <span class='ocrx_word' id='word_1_362' title='bbox 1115 3000 1319 3070; x_wconf 86' lang='lat' dir='ltr'><strong>certissimis</strong></span> <span class='ocrx_word' id='word_1_363' title='bbox 1347 3002 1497 3073; x_wconf 87' lang='lat' dir='ltr'><strong>testibus</strong></span> <span class='ocrx_word' id='word_1_364' title='bbox 1520 3003 1689 3092; x_wconf 84' lang='lat' dir='ltr'><strong>cognovi,</strong></span> <span class='ocrx_word' id='word_1_365' title='bbox 1716 3025 1818 3094; x_wconf 88' lang='lat' dir='ltr'><strong>saepe</strong></span> <span class='ocrx_word' id='word_1_366' title='bbox 1843 3017 1953 3074; x_wconf 91' lang='lat' dir='ltr'><strong>certas</strong></span> <span class='ocrx_word' id='word_1_367' title='bbox 1983 3025 2104 3096; x_wconf 91' lang='lat' dir='ltr'><strong>preces</strong></span> 
     </span>
     <span class='ocr_line' id='line_1_28' title="bbox 72 3103 2104 3199; baseline 0.001 -27"><span class='ocrx_word' id='word_1_368' title='bbox 72 3117 169 3174; x_wconf 88' lang='lat' dir='ltr'><strong>recte</strong></span> <span class='ocrx_word' id='word_1_369' title='bbox 184 3104 287 3174; x_wconf 91' lang='lat' dir='ltr'><strong>liceat</strong></span> <span class='ocrx_word' id='word_1_370' title='bbox 302 3127 474 3198; x_wconf 87' lang='lat' dir='ltr'><strong>usurpare</strong></span> <span class='ocrx_word' id='word_1_371' title='bbox 491 3105 597 3175; x_wconf 90' lang='lat' dir='ltr'><strong>illud:</strong></span> <span class='ocrx_word' id='word_1_372' title='bbox 655 3161 659 3164; x_wconf 91' lang='lat'>.</span> <span class='ocrx_word' id='word_1_373' title='bbox 1114 3103 1271 3184; x_wconf 89' lang='lat' dir='ltr'><strong>interdiu</strong></span> <span class='ocrx_word' id='word_1_374' title='bbox 1292 3103 1473 3196; x_wconf 88' lang='lat' dir='ltr'><strong>repetivit:</strong></span> <span class='ocrx_word' id='word_1_375' title='bbox 1506 3127 1596 3198; x_wconf 89' lang='lat' dir='ltr'><strong>quae</strong></span> <span class='ocrx_word' id='word_1_376' title='bbox 1620 3103 1775 3196; x_wconf 90' lang='lat' dir='ltr'><strong>pericula</strong></span> <span class='ocrx_word' id='word_1_377' title='bbox 1802 3127 1907 3199; x_wconf 93' lang='lat' dir='ltr'><strong>quam</strong></span> <span class='ocrx_word' id='word_1_378' title='bbox 1928 3106 2104 3197; x_wconf 88' lang='lat' dir='ltr'><strong>patienter</strong></span> 
     </span>
     <span class='ocr_line' id='line_1_29' title="bbox 1116 3195 2103 3297; baseline 0.003 -23"><span class='ocrx_word' id='word_1_379' title='bbox 1116 3220 1258 3297; x_wconf 90' lang='lat' dir='ltr'><strong>propter</strong></span> <span class='ocrx_word' id='word_1_380' title='bbox 1278 3207 1436 3275; x_wconf 90' lang='lat' dir='ltr'><strong>studium</strong></span> <span class='ocrx_word' id='word_1_381' title='bbox 1452 3195 1639 3296; x_wconf 84' lang='lat' dir='ltr'><strong>Evangelii</strong></span> <span class='ocrx_word' id='word_1_382' title='bbox 1661 3205 1800 3292; x_wconf 89' lang='lat' dir='ltr'><strong>tulerit,</strong></span> <span class='ocrx_word' id='word_1_383' title='bbox 1824 3229 1930 3276; x_wconf 89' lang='lat' dir='ltr'><strong>nemo</strong></span> <span class='ocrx_word' id='word_1_384' title='bbox 1952 3206 2103 3297; x_wconf 87' lang='lat' dir='ltr'><strong>ignorat.</strong></span> 
     </span>
     <span class='ocr_line' id='line_1_30' title="bbox 1115 3301 2104 3390; baseline 0.004 -14"><span class='ocrx_word' id='word_1_385' title='bbox 1115 3303 1161 3379; x_wconf 92' lang='lat' dir='ltr'><strong>Et</strong></span> <span class='ocrx_word' id='word_1_386' title='bbox 1185 3307 1273 3377; x_wconf 86' lang='lat' dir='ltr'><strong>lavit</strong></span> <span class='ocrx_word' id='word_1_387' title='bbox 1299 3305 1395 3377; x_wconf 89' lang='lat' dir='ltr'><strong>Deus</strong></span> <span class='ocrx_word' id='word_1_388' title='bbox 1420 3301 1477 3376; x_wconf 89' lang='lat' dir='ltr'><strong>his</strong></span> <span class='ocrx_word' id='word_1_389' title='bbox 1497 3306 1707 3390; x_wconf 89' lang='lat' dir='ltr'><strong>virtutibus,</strong></span> <span class='ocrx_word' id='word_1_390' title='bbox 1740 3321 1792 3381; x_wconf 87' lang='lat' dir='ltr'><strong>tot</strong></span> <span class='ocrx_word' id='word_1_391' title='bbox 1820 3309 1925 3384; x_wconf 82' lang='lat' dir='ltr'><strong>aunis</strong></span> <span class='ocrx_word' id='word_1_392' title='bbox 1945 3309 2104 3380; x_wconf 78' lang='lat' dir='ltr'><strong>defendit</strong></span> 
     </span>
     <span class='ocr_line' id='line_1_31' title="bbox 71 3405 2103 3505; baseline 0 -25"><span class='ocrx_word' id='word_1_393' title='bbox 71 3407 326 3505; x_wconf 76' lang='lat' dir='ltr'><strong>praesertimsi</strong></span> <span class='ocrx_word' id='word_1_394' title='bbox 340 3407 420 3502; x_wconf 87' lang='lat' dir='ltr'><strong>quis</strong></span> <span class='ocrx_word' id='word_1_395' title='bbox 433 3408 539 3478; x_wconf 88' lang='lat' dir='ltr'><strong>etiam</strong></span> <span class='ocrx_word' id='word_1_396' title='bbox 555 3407 765 3492; x_wconf 88' lang='lat' dir='ltr'><strong>consideret,</strong></span> <span class='ocrx_word' id='word_1_397' title='bbox 792 3423 964 3503; x_wconf 89' lang='lat' dir='ltr'><strong>quantum</strong></span> <span class='ocrx_word' id='word_1_398' title='bbox 979 3405 1064 3479; x_wconf 90' lang='lat' dir='ltr'><strong>haec</strong></span> <span class='ocrx_word' id='word_1_399' title='bbox 1115 3433 1215 3496; x_wconf 91' lang='lat' dir='ltr'><strong>eum,</strong></span> <span class='ocrx_word' id='word_1_400' title='bbox 1252 3421 1287 3479; x_wconf 91' lang='lat' dir='ltr'><strong>et</strong></span> <span class='ocrx_word' id='word_1_401' title='bbox 1312 3409 1408 3478; x_wconf 90' lang='lat' dir='ltr'><strong>varia</strong></span> <span class='ocrx_word' id='word_1_402' title='bbox 1432 3409 1587 3502; x_wconf 91' lang='lat' dir='ltr'><strong>pericula</strong></span> <span class='ocrx_word' id='word_1_403' title='bbox 1612 3411 1793 3496; x_wconf 89' lang='lat' dir='ltr'><strong>discussit,</strong></span> <span class='ocrx_word' id='word_1_404' title='bbox 1828 3433 1868 3480; x_wconf 93' lang='lat' dir='ltr'><strong>ac</strong></span> <span class='ocrx_word' id='word_1_405' title='bbox 1895 3433 1998 3503; x_wconf 88' lang='lat' dir='ltr'><strong>saepe</strong></span> <span class='ocrx_word' id='word_1_406' title='bbox 2020 3435 2103 3483; x_wconf 88' lang='lat' dir='ltr'><strong>eum</strong></span> 
     </span>
     <span class='ocr_line' id='line_1_32' title="bbox 69 3507 2104 3604; baseline 0 -22"><span class='ocrx_word' id='word_1_407' title='bbox 69 3511 271 3582; x_wconf 87' lang='lat' dir='ltr'><strong>moderatio</strong></span> <span class='ocrx_word' id='word_1_408' title='bbox 287 3510 375 3580; x_wconf 90' lang='lat' dir='ltr'><strong>boui</strong></span> <span class='ocrx_word' id='word_1_409' title='bbox 390 3511 548 3581; x_wconf 91' lang='lat' dir='ltr'><strong>attulerit</strong></span> <span class='ocrx_word' id='word_1_410' title='bbox 562 3511 747 3582; x_wconf 87' lang='lat' dir='ltr'><strong>universae</strong></span> <span class='ocrx_word' id='word_1_411' title='bbox 761 3508 938 3581; x_wconf 81' lang='lat' dir='ltr'><strong>Ecclesiae</strong></span> <span class='ocrx_word' id='word_1_412' title='bbox 956 3507 1066 3581; x_wconf 86' lang='lat' dir='ltr'><strong>Chri·</strong></span> <span class='ocrx_word' id='word_1_413' title='bbox 1114 3512 1372 3602; x_wconf 90' lang='lat' dir='ltr'><strong>propemodum</strong></span> <span class='ocrx_word' id='word_1_414' title='bbox 1389 3535 1463 3580; x_wconf 93' lang='lat' dir='ltr'><strong>uon</strong></span> <span class='ocrx_word' id='word_1_415' title='bbox 1481 3533 1580 3582; x_wconf 88' lang='lat' dir='ltr'><strong>secus</strong></span> <span class='ocrx_word' id='word_1_416' title='bbox 1596 3527 1700 3604; x_wconf 89' lang='lat' dir='ltr'><strong>atque</strong></span> <span class='ocrx_word' id='word_1_417' title='bbox 1715 3507 1903 3582; x_wconf 86' lang='lat' dir='ltr'><strong>Ezechiam</strong></span> <span class='ocrx_word' id='word_1_418' title='bbox 1915 3513 2104 3582; x_wconf 89' lang='lat' dir='ltr'><strong>obsidione</strong></span> 
     </span>
     <span class='ocr_line' id='line_1_33' title="bbox 72 3607 2101 3707; baseline -0.001 -21"><span class='ocrx_word' id='word_1_419' title='bbox 72 3616 219 3687; x_wconf 79' lang='lat' dir='ltr'><strong>stianae.</strong></span> <span class='ocrx_word' id='word_1_420' title='bbox 272 3611 371 3702; x_wconf 86' lang='lat' dir='ltr'><strong>Quid</strong></span> <span class='ocrx_word' id='word_1_421' title='bbox 397 3612 493 3682; x_wconf 87' lang='lat' dir='ltr'><strong>enirn</strong></span> <span class='ocrx_word' id='word_1_422' title='bbox 516 3614 679 3683; x_wconf 82' lang='lat' dir='ltr'><strong>futurum</strong></span> <span class='ocrx_word' id='word_1_423' title='bbox 696 3625 803 3694; x_wconf 88' lang='lat' dir='ltr'><strong>esset,</strong></span> <span class='ocrx_word' id='word_1_424' title='bbox 829 3613 944 3707; x_wconf 89' lang='lat' dir='ltr'><strong>qualis</strong></span> <span class='ocrx_word' id='word_1_425' title='bbox 960 3613 1067 3683; x_wconf 44' lang='lat' dir='ltr'><strong>dissi·w</strong></span> <span class='ocrx_word' id='word_1_426' title='bbox 1114 3613 1267 3682; x_wconf 91' lang='lat' dir='ltr'><strong>cinctum</strong></span> <span class='ocrx_word' id='word_1_427' title='bbox 1290 3613 1465 3684; x_wconf 70' lang='lat' dir='ltr'><strong>liberavit·</strong></span> <span class='ocrx_word' id='word_1_428' title='bbox 1515 3609 1619 3682; x_wconf 88' lang='lat' dir='ltr'><strong>Nunc</strong></span> <span class='ocrx_word' id='word_1_429' title='bbox 1636 3607 1888 3684; x_wconf 88' lang='lat' dir='ltr'><strong>nostraadhuc</strong></span> <span class='ocrx_word' id='word_1_430' title='bbox 1908 3613 2101 3707; x_wconf 88' lang='lat' dir='ltr'><strong>tranquilla</strong></span> 
     </span>
     <span class='ocr_line' id='line_1_34' title="bbox 70 3710 2101 3810; baseline -0.001 -24"><span class='ocrx_word' id='word_1_431' title='bbox 70 3718 167 3810; x_wconf 90' lang='lat' dir='ltr'><strong>patio</strong></span> <span class='ocrx_word' id='word_1_432' title='bbox 192 3713 431 3787; x_wconf 89' lang='lat' dir='ltr'><strong>Ecclesiarum</strong></span> <span class='ocrx_word' id='word_1_433' title='bbox 459 3739 500 3784; x_wconf 91' lang='lat' dir='ltr'><strong>ac</strong></span> <span class='ocrx_word' id='word_1_434' title='bbox 524 3717 738 3805; x_wconf 86' lang='lat' dir='ltr'><strong>religionum</strong></span> <span class='ocrx_word' id='word_1_435' title='bbox 760 3729 941 3801; x_wconf 88' lang='lat' dir='ltr'><strong>secutura,</strong></span> <span class='ocrx_word' id='word_1_436' title='bbox 974 3739 1064 3806; x_wconf 88' lang='lat' dir='ltr'><strong>quae</strong></span> <span class='ocrx_word' id='word_1_437' title='bbox 1114 3715 1237 3808; x_wconf 88' lang='lat' dir='ltr'><strong>patria,</strong></span> <span class='ocrx_word' id='word_1_438' title='bbox 1261 3737 1342 3784; x_wconf 92' lang='lat' dir='ltr'><strong>eum</strong></span> <span class='ocrx_word' id='word_1_439' title='bbox 1357 3739 1398 3784; x_wconf 84' lang='lat' dir='ltr'><strong>ex</strong></span> <span class='ocrx_word' id='word_1_440' title='bbox 1414 3710 1479 3784; x_wconf 92' lang='lat' dir='ltr'><strong>hac</strong></span> <span class='ocrx_word' id='word_1_441' title='bbox 1493 3713 1566 3784; x_wconf 84' lang='lat' dir='ltr'><strong>vita</strong></span> <span class='ocrx_word' id='word_1_442' title='bbox 1581 3716 1739 3786; x_wconf 91' lang='lat' dir='ltr'><strong>evocavit</strong></span> <span class='ocrx_word' id='word_1_443' title='bbox 1750 3715 1840 3805; x_wconf 86' lang='lat' dir='ltr'><strong>bene</strong></span> <span class='ocrx_word' id='word_1_444' title='bbox 1854 3729 2101 3808; x_wconf 89' lang='lat' dir='ltr'><strong>praeparatum</strong></span> 
     </span>
     <span class='ocr_line' id='line_1_35' title="bbox 69 3817 2183 3912; baseline -0 -24"><span class='ocrx_word' id='word_1_445' title='bbox 69 3817 346 3889; x_wconf 84' lang='lat' dir='ltr'><strong>sacerdotumin</strong></span> <span class='ocrx_word' id='word_1_446' title='bbox 364 3833 514 3912; x_wconf 87' lang='lat' dir='ltr'><strong>utraque</strong></span> <span class='ocrx_word' id='word_1_447' title='bbox 529 3831 628 3908; x_wconf 90' lang='lat' dir='ltr'><strong>parte</strong></span> <span class='ocrx_word' id='word_1_448' title='bbox 643 3819 776 3899; x_wconf 89' lang='lat' dir='ltr'><strong>caedes,</strong></span> <span class='ocrx_word' id='word_1_449' title='bbox 798 3828 828 3886; x_wconf 88' lang='lat' dir='ltr'><strong>si</strong></span> <span class='ocrx_word' id='word_1_450' title='bbox 844 3819 975 3888; x_wconf 81' lang='lat' dir='ltr'><strong>bellurn</strong></span> <span class='ocrx_word' id='word_1_451' title='bbox 991 3817 1064 3888; x_wconf 92' lang='lat' dir='ltr'><strong>ori·</strong></span> <span class='ocrx_word' id='word_1_452' title='bbox 1114 3818 1158 3888; x_wconf 92' lang='lat' dir='ltr'><strong>ad</strong></span> <span class='ocrx_word' id='word_1_453' title='bbox 1178 3829 1349 3910; x_wconf 88' lang='lat' dir='ltr'><strong>mortem,</strong></span> <span class='ocrx_word' id='word_1_454' title='bbox 1376 3831 1451 3887; x_wconf 90' lang='lat' dir='ltr'><strong>tum</strong></span> <span class='ocrx_word' id='word_1_455' title='bbox 1476 3817 1556 3886; x_wconf 89' lang='lat' dir='ltr'><strong>aliis</strong></span> <span class='ocrx_word' id='word_1_456' title='bbox 1577 3818 1732 3905; x_wconf 86' lang='lat' dir='ltr'><strong>casibus,</strong></span> <span class='ocrx_word' id='word_1_457' title='bbox 1764 3818 1966 3890; x_wconf 82' lang='lat' dir='ltr'><strong>tumeliam</strong></span> <span class='ocrx_word' id='word_1_458' title='bbox 1982 3817 2101 3888; x_wconf 90' lang='lat' dir='ltr'><strong>morbi</strong></span> <span class='ocrx_word' id='word_1_459' title='bbox 2180 3825 2183 3835; x_wconf 92' lang='lat'>&#39;</span> 
     </span>
     <span class='ocr_line' id='line_1_36' title="bbox 70 3917 2099 4014; baseline -0.001 -22"><span class='ocrx_word' id='word_1_460' title='bbox 70 3921 195 3993; x_wconf 85' lang='lat' dir='ltr'><strong>retur?</strong></span> <span class='ocrx_word' id='word_1_461' title='bbox 219 3933 265 3990; x_wconf 83' lang='lat' dir='ltr'><strong>-et</strong></span> <span class='ocrx_word' id='word_1_462' title='bbox 284 3943 364 3989; x_wconf 88' lang='lat' dir='ltr'><strong>cum</strong></span> <span class='ocrx_word' id='word_1_463' title='bbox 390 3919 483 3988; x_wconf 88' lang='lat' dir='ltr'><strong>inter</strong></span> <span class='ocrx_word' id='word_1_464' title='bbox 511 3941 608 3989; x_wconf 89' lang='lat' dir='ltr'><strong>arrna</strong></span> <span class='ocrx_word' id='word_1_465' title='bbox 637 3919 765 3990; x_wconf 87' lang='lat' dir='ltr'><strong>sileant</strong></span> <span class='ocrx_word' id='word_1_466' title='bbox 788 3921 896 4010; x_wconf 87' lang='lat' dir='ltr'><strong>leges,</strong></span> <span class='ocrx_word' id='word_1_467' title='bbox 931 3935 1063 4014; x_wconf 90' lang='lat' dir='ltr'><strong>quanto</strong></span> <span class='ocrx_word' id='word_1_468' title='bbox 1094 3920 1269 3994; x_wconf 85' lang='lat' dir='ltr'><strong>saevitia.</strong></span> <span class='ocrx_word' id='word_1_469' title='bbox 1299 3917 1404 3989; x_wconf 80' lang='lat' dir='ltr'><strong>¹lure</strong></span> <span class='ocrx_word' id='word_1_470' title='bbox 1420 3919 1540 4014; x_wconf 88' lang='lat' dir='ltr'><strong>igitur</strong></span> <span class='ocrx_word' id='word_1_471' title='bbox 1562 3920 1741 4002; x_wconf 86' lang='lat' dir='ltr'><strong>dolemus,</strong></span> <span class='ocrx_word' id='word_1_472' title='bbox 1773 3919 1889 3990; x_wconf 88' lang='lat' dir='ltr'><strong>orbati</strong></span> <span class='ocrx_word' id='word_1_473' title='bbox 1909 3919 1973 3992; x_wconf 89' lang='lat' dir='ltr'><strong>tali</strong></span> <span class='ocrx_word' id='word_1_474' title='bbox 1993 3917 2099 3990; x_wconf 90' lang='lat' dir='ltr'><strong>Priu-</strong></span> 
     </span>
     <span class='ocr_line' id='line_1_37' title="bbox 70 4016 2102 4115; baseline -0 -22"><span class='ocrx_word' id='word_1_475' title='bbox 70 4025 183 4111; x_wconf 84' lang='lat' dir='ltr'><strong>magis</strong></span> <span class='ocrx_word' id='word_1_476' title='bbox 220 4021 410 4112; x_wconf 86' lang='lat' dir='ltr'><strong>disciplina</strong></span> <span class='ocrx_word' id='word_1_477' title='bbox 447 4021 678 4092; x_wconf 89' lang='lat' dir='ltr'><strong>ecclesiastica</strong></span> <span class='ocrx_word' id='word_1_478' title='bbox 711 4035 746 4093; x_wconf 91' lang='lat' dir='ltr'><strong>et</strong></span> <span class='ocrx_word' id='word_1_479' title='bbox 779 4021 962 4112; x_wconf 87' lang='lat' dir='ltr'><strong>religionis</strong></span> <span class='ocrx_word' id='word_1_480' title='bbox 998 4024 1065 4092; x_wconf 94' lang='lat' dir='ltr'><strong>do-</strong></span> <span class='ocrx_word' id='word_1_481' title='bbox 1113 4023 1207 4115; x_wconf 89' lang='lat' dir='ltr'><strong>cipe,</strong></span> <span class='ocrx_word' id='word_1_482' title='bbox 1240 4035 1294 4092; x_wconf 94' lang='lat' dir='ltr'><strong>tot</strong></span> <span class='ocrx_word' id='word_1_483' title='bbox 1314 4021 1473 4112; x_wconf 92' lang='lat' dir='ltr'><strong>praedito</strong></span> <span class='ocrx_word' id='word_1_484' title='bbox 1494 4021 1703 4107; x_wconf 87' lang='lat' dir='ltr'><strong>virtutibus,</strong></span> <span class='ocrx_word' id='word_1_485' title='bbox 1734 4035 1832 4092; x_wconf 90' lang='lat' dir='ltr'><strong>tanto</strong></span> <span class='ocrx_word' id='word_1_486' title='bbox 1856 4022 1951 4114; x_wconf 88' lang='lat' dir='ltr'><strong>pacis</strong></span> <span class='ocrx_word' id='word_1_487' title='bbox 1972 4016 2102 4109; x_wconf 90' lang='lat' dir='ltr'><strong>studio,</strong></span> 
     </span>
     <span class='ocr_line' id='line_1_38' title="bbox 73 4119 2102 4217; baseline -0.001 -21"><span class='ocrx_word' id='word_1_488' title='bbox 73 4127 187 4197; x_wconf 72' lang='lat' dir='ltr'><strong>emina</strong></span> <span class='ocrx_word' id='word_1_489' title='bbox 208 4123 469 4216; x_wconf 87' lang='lat' dir='ltr'><strong>consilesceret,</strong></span> <span class='ocrx_word' id='word_1_490' title='bbox 495 4137 572 4194; x_wconf 92' lang='lat' dir='ltr'><strong>tum</strong></span> <span class='ocrx_word' id='word_1_491' title='bbox 589 4122 697 4192; x_wconf 83' lang='lat' dir='ltr'><strong>annis</strong></span> <span class='ocrx_word' id='word_1_492' title='bbox 710 4135 894 4217; x_wconf 89' lang='lat' dir='ltr'><strong>oppressa,</strong></span> <span class='ocrx_word' id='word_1_493' title='bbox 920 4137 997 4194; x_wconf 88' lang='lat' dir='ltr'><strong>turn</strong></span> <span class='ocrx_word' id='word_1_494' title='bbox 1010 4119 1065 4194; x_wconf 85' lang='lat' dir='ltr'><strong>la·¹</strong></span> <span class='ocrx_word' id='word_1_495' title='bbox 1114 4137 1210 4194; x_wconf 91' lang='lat' dir='ltr'><strong>tauta</strong></span> <span class='ocrx_word' id='word_1_496' title='bbox 1223 4123 1384 4193; x_wconf 88' lang='lat' dir='ltr'><strong>bonitate</strong></span> <span class='ocrx_word' id='word_1_497' title='bbox 1400 4145 1480 4213; x_wconf 87' lang='lat' dir='ltr'><strong>erga</strong></span> <span class='ocrx_word' id='word_1_498' title='bbox 1493 4146 1591 4208; x_wconf 90' lang='lat' dir='ltr'><strong>suos,</strong></span> <span class='ocrx_word' id='word_1_499' title='bbox 1616 4137 1655 4192; x_wconf 90' lang='lat' dir='ltr'><strong>ut</strong></span> <span class='ocrx_word' id='word_1_500' title='bbox 1670 4145 1744 4193; x_wconf 92' lang='lat' dir='ltr'><strong>non</strong></span> <span class='ocrx_word' id='word_1_501' title='bbox 1758 4123 1878 4194; x_wconf 92' lang='lat' dir='ltr'><strong>minus</strong></span> <span class='ocrx_word' id='word_1_502' title='bbox 1892 4147 1975 4194; x_wconf 87' lang='lat' dir='ltr'><strong>vere</strong></span> <span class='ocrx_word' id='word_1_503' title='bbox 1989 4139 2102 4217; x_wconf 88' lang='lat' dir='ltr'><strong>pater,</strong></span> 
     </span>
     <span class='ocr_line' id='line_1_39' title="bbox 71 4222 2104 4320; baseline 0 -24"><span class='ocrx_word' id='word_1_504' title='bbox 71 4227 200 4298; x_wconf 90' lang='lat' dir='ltr'><strong>uaticis</strong></span> <span class='ocrx_word' id='word_1_505' title='bbox 231 4225 457 4312; x_wconf 89' lang='lat' dir='ltr'><strong>doctoribus,</strong></span> <span class='ocrx_word' id='word_1_506' title='bbox 493 4225 624 4319; x_wconf 88' lang='lat' dir='ltr'><strong>quibus</strong></span> <span class='ocrx_word' id='word_1_507' title='bbox 658 4225 800 4298; x_wconf 88' lang='lat' dir='ltr'><strong>licentia</strong></span> <span class='ocrx_word' id='word_1_508' title='bbox 832 4225 1061 4296; x_wconf 87' lang='lat' dir='ltr'><strong>bellilocum</strong></span> <span class='ocrx_word' id='word_1_509' title='bbox 1113 4249 1218 4320; x_wconf 90' lang='lat' dir='ltr'><strong>quam</strong></span> <span class='ocrx_word' id='word_1_510' title='bbox 1239 4223 1407 4316; x_wconf 88' lang='lat' dir='ltr'><strong>Princeps</strong></span> <span class='ocrx_word' id='word_1_511' title='bbox 1423 4225 1494 4294; x_wconf 92' lang='lat' dir='ltr'><strong>dici</strong></span> <span class='ocrx_word' id='word_1_512' title='bbox 1515 4225 1636 4316; x_wconf 86' lang='lat' dir='ltr'><strong>possit.</strong></span> <span class='ocrx_word' id='word_1_513' title='bbox 1687 4222 2104 4320; x_wconf 83' lang='lat' dir='ltr'><strong>Nuncquibusinperi·</strong></span> 
     </span>
     <span class='ocr_line' id='line_1_40' title="bbox 69 4326 2103 4423; baseline -0.001 -23"><span class='ocrx_word' id='word_1_514' title='bbox 69 4330 274 4423; x_wconf 90' lang='lat' dir='ltr'><strong>praebitura</strong></span> <span class='ocrx_word' id='word_1_515' title='bbox 297 4339 397 4401; x_wconf 89' lang='lat' dir='ltr'><strong>esset.</strong></span> <span class='ocrx_word' id='word_1_516' title='bbox 455 4329 579 4421; x_wconf 89' lang='lat' dir='ltr'><strong>ltaque</strong></span> <span class='ocrx_word' id='word_1_517' title='bbox 604 4327 746 4421; x_wconf 90' lang='lat' dir='ltr'><strong>quidvis</strong></span> <span class='ocrx_word' id='word_1_518' title='bbox 774 4349 911 4420; x_wconf 90' lang='lat' dir='ltr'><strong>semper</strong></span> <span class='ocrx_word' id='word_1_519' title='bbox 938 4327 1064 4398; x_wconf 88' lang='lat' dir='ltr'><strong>maluit</strong></span> <span class='ocrx_word' id='word_1_520' title='bbox 1113 4327 1220 4413; x_wconf 89' lang='lat' dir='ltr'><strong>culis,</strong></span> <span class='ocrx_word' id='word_1_521' title='bbox 1244 4327 1282 4395; x_wconf 95' lang='lat' dir='ltr'><strong>in</strong></span> <span class='ocrx_word' id='word_1_522' title='bbox 1298 4341 1430 4420; x_wconf 90' lang='lat' dir='ltr'><strong>quanto</strong></span> <span class='ocrx_word' id='word_1_523' title='bbox 1447 4326 1651 4397; x_wconf 90' lang='lat' dir='ltr'><strong>discrimine</strong></span> <span class='ocrx_word' id='word_1_524' title='bbox 1664 4350 1864 4415; x_wconf 87' lang='lat' dir='ltr'><strong>versamur,</strong></span> <span class='ocrx_word' id='word_1_525' title='bbox 1888 4353 1962 4399; x_wconf 93' lang='lat' dir='ltr'><strong>non</strong></span> <span class='ocrx_word' id='word_1_526' title='bbox 1976 4327 2103 4413; x_wconf 90' lang='lat' dir='ltr'><strong>dicam,</strong></span> 
     </span>
     <span class='ocr_line' id='line_1_41' title="bbox 70 4425 2221 4524; baseline -0.001 -21"><span class='ocrx_word' id='word_1_527' title='bbox 70 4431 153 4503; x_wconf 85' lang='lat' dir='ltr'><strong>Dux</strong></span> <span class='ocrx_word' id='word_1_528' title='bbox 169 4430 365 4516; x_wconf 72' lang='lat' dir='ltr'><strong>Senoniae,</strong></span> <span class='ocrx_word' id='word_1_529' title='bbox 390 4450 495 4524; x_wconf 89' lang='lat' dir='ltr'><strong>quam</strong></span> <span class='ocrx_word' id='word_1_530' title='bbox 519 4425 583 4498; x_wconf 92' lang='lat' dir='ltr'><strong>has</strong></span> <span class='ocrx_word' id='word_1_531' title='bbox 603 4430 787 4520; x_wconf 87' lang='lat' dir='ltr'><strong>religionis</strong></span> <span class='ocrx_word' id='word_1_532' title='bbox 809 4430 1064 4501; x_wconf 83' lang='lat' dir='ltr'><strong>controversias</strong></span> <span class='ocrx_word' id='word_1_533' title='bbox 1113 4453 1158 4499; x_wconf 90' lang='lat' dir='ltr'><strong>ne</strong></span> <span class='ocrx_word' id='word_1_534' title='bbox 1175 4429 1267 4501; x_wconf 90' lang='lat' dir='ltr'><strong>male</strong></span> <span class='ocrx_word' id='word_1_535' title='bbox 1280 4428 1434 4498; x_wconf 89' lang='lat' dir='ltr'><strong>ominari</strong></span> <span class='ocrx_word' id='word_1_536' title='bbox 1450 4429 1552 4498; x_wconf 91' lang='lat' dir='ltr'><strong>vobis</strong></span> <span class='ocrx_word' id='word_1_537' title='bbox 1568 4429 1700 4500; x_wconf 87' lang='lat' dir='ltr'><strong>videar.</strong></span> <span class='ocrx_word' id='word_1_538' title='bbox 1734 4425 1828 4500; x_wconf 88' lang='lat' dir='ltr'><strong>lllud</strong></span> <span class='ocrx_word' id='word_1_539' title='bbox 1845 4425 2108 4520; x_wconf 85' lang='lat' dir='ltr'><strong>precorDeum</strong></span> <span class='ocrx_word' id='word_1_540' title='bbox 2157 4452 2162 4465; x_wconf 82' lang='lat'><strong><em>¹</em></strong></span> <span class='ocrx_word' id='word_1_541' title='bbox 2216 4445 2221 4450; x_wconf 85' lang='lat'>&#39;</span> 
     </span>
     <span class='ocr_line' id='line_1_42' title="bbox 71 4527 2104 4626; baseline -0.002 -20"><span class='ocrx_word' id='word_1_542' title='bbox 71 4534 182 4606; x_wconf 88' lang='lat' dir='ltr'><strong>armis</strong></span> <span class='ocrx_word' id='word_1_543' title='bbox 206 4531 416 4622; x_wconf 83' lang='lat' dir='ltr'><strong>diiudicari,</strong></span> <span class='ocrx_word' id='word_1_544' title='bbox 441 4533 538 4625; x_wconf 91' lang='lat' dir='ltr'><strong>quod</strong></span> <span class='ocrx_word' id='word_1_545' title='bbox 564 4531 640 4600; x_wconf 89' lang='lat' dir='ltr'><strong>eins</strong></span> <span class='ocrx_word' id='word_1_546' title='bbox 665 4533 837 4602; x_wconf 89' lang='lat' dir='ltr'><strong>iudicium</strong></span> <span class='ocrx_word' id='word_1_547' title='bbox 861 4532 987 4626; x_wconf 90' lang='lat' dir='ltr'><strong>quanti</strong></span> <span class='ocrx_word' id='word_1_548' title='bbox 1011 4532 1066 4601; x_wconf 80' lang='lat' dir='ltr'><strong>fa·</strong></span> <span class='ocrx_word' id='word_1_549' title='bbox 1113 4527 1199 4624; x_wconf 89' lang='lat' dir='ltr'><strong>Opt.</strong></span> <span class='ocrx_word' id='word_1_550' title='bbox 1221 4528 1320 4602; x_wconf 85' lang='lat' dir='ltr'><strong>Max.</strong></span> <span class='ocrx_word' id='word_1_551' title='bbox 1340 4544 1382 4600; x_wconf 90' lang='lat' dir='ltr'><strong>ut</strong></span> <span class='ocrx_word' id='word_1_552' title='bbox 1401 4529 1573 4602; x_wconf 80' lang='lat' dir='ltr'><strong>foeliciter</strong></span> <span class='ocrx_word' id='word_1_553' title='bbox 1596 4531 1818 4625; x_wconf 86' lang='lat' dir='ltr'><strong>conquiescat</strong></span> <span class='ocrx_word' id='word_1_554' title='bbox 1840 4529 1920 4602; x_wconf 84' lang='lat' dir='ltr'><strong>Dux</strong></span> <span class='ocrx_word' id='word_1_555' title='bbox 1940 4531 2104 4618; x_wconf 89' lang='lat' dir='ltr'><strong>loannes,</strong></span> 
     </span>
     <span class='ocr_line' id='line_1_43' title="bbox 70 4633 2102 4730; baseline -0.002 -22"><span class='ocrx_word' id='word_1_556' title='bbox 70 4637 239 4708; x_wconf 83' lang='lat' dir='ltr'><strong>ciendum</strong></span> <span class='ocrx_word' id='word_1_557' title='bbox 256 4634 319 4722; x_wconf 88' lang='lat' dir='ltr'><strong>sit,</strong></span> <span class='ocrx_word' id='word_1_558' title='bbox 343 4633 457 4702; x_wconf 83' lang='lat' dir='ltr'><strong>velex</strong></span> <span class='ocrx_word' id='word_1_559' title='bbox 474 4657 515 4704; x_wconf 93' lang='lat' dir='ltr'><strong>eo</strong></span> <span class='ocrx_word' id='word_1_560' title='bbox 538 4633 730 4704; x_wconf 86' lang='lat' dir='ltr'><strong>existimari</strong></span> <span class='ocrx_word' id='word_1_561' title='bbox 751 4639 881 4730; x_wconf 77' lang='lat' dir='ltr'><strong>potest,</strong></span> <span class='ocrx_word' id='word_1_562' title='bbox 905 4633 1001 4728; x_wconf 94' lang='lat' dir='ltr'><strong>quod</strong></span> <span class='ocrx_word' id='word_1_563' title='bbox 1025 4633 1063 4702; x_wconf 93' lang='lat' dir='ltr'><strong>in</strong></span> <span class='ocrx_word' id='word_1_564' title='bbox 1113 4647 1147 4704; x_wconf 88' lang='lat' dir='ltr'><strong>et</strong></span> <span class='ocrx_word' id='word_1_565' title='bbox 1169 4646 1209 4703; x_wconf 92' lang='lat' dir='ltr'><strong>ut</strong></span> <span class='ocrx_word' id='word_1_566' title='bbox 1226 4633 1397 4702; x_wconf 87' lang='lat' dir='ltr'><strong>familiam</strong></span> <span class='ocrx_word' id='word_1_567' title='bbox 1420 4646 1580 4718; x_wconf 90' lang='lat' dir='ltr'><strong>tueatur,</strong></span> <span class='ocrx_word' id='word_1_568' title='bbox 1601 4645 1634 4704; x_wconf 88' lang='lat' dir='ltr'><strong>et</strong></span> <span class='ocrx_word' id='word_1_569' title='bbox 1651 4634 1725 4704; x_wconf 84' lang='lat' dir='ltr'><strong>filio</strong></span> <span class='ocrx_word' id='word_1_570' title='bbox 1741 4657 1821 4702; x_wconf 88' lang='lat' dir='ltr'><strong>vere</strong></span> <span class='ocrx_word' id='word_1_571' title='bbox 1839 4657 2041 4705; x_wconf 88' lang='lat' dir='ltr'><strong>successuro</strong></span> <span class='ocrx_word' id='word_1_572' title='bbox 2062 4634 2102 4703; x_wconf 92' lang='lat' dir='ltr'><strong>in</strong></span> 
     </span>
     <span class='ocr_line' id='line_1_44' title="bbox 69 4730 2103 4830; baseline -0.001 -22"><span class='ocrx_word' id='word_1_573' title='bbox 69 4739 193 4808; x_wconf 89' lang='lat' dir='ltr'><strong>eadem</strong></span> <span class='ocrx_word' id='word_1_574' title='bbox 210 4737 391 4807; x_wconf 85' lang='lat' dir='ltr'><strong>voluntate</strong></span> <span class='ocrx_word' id='word_1_575' title='bbox 404 4730 522 4805; x_wconf 88' lang='lat' dir='ltr'><strong>adhuc</strong></span> <span class='ocrx_word' id='word_1_576' title='bbox 539 4736 683 4829; x_wconf 91' lang='lat' dir='ltr'><strong>quidem</strong></span> <span class='ocrx_word' id='word_1_577' title='bbox 701 4733 829 4806; x_wconf 89' lang='lat' dir='ltr'><strong>videtis</strong></span> <span class='ocrx_word' id='word_1_578' title='bbox 843 4737 950 4807; x_wconf 86' lang='lat' dir='ltr'><strong>luisse</strong></span> <span class='ocrx_word' id='word_1_579' title='bbox 971 4737 1066 4828; x_wconf 80' lang='lat' dir='ltr'><strong>opti·</strong></span> <span class='ocrx_word' id='word_1_580' title='bbox 1114 4736 1261 4828; x_wconf 89' lang='lat' dir='ltr'><strong>patriam</strong></span> <span class='ocrx_word' id='word_1_581' title='bbox 1276 4735 1617 4806; x_wconf 89' lang='lat' dir='ltr'><strong>administrationem</strong></span> <span class='ocrx_word' id='word_1_582' title='bbox 1632 4737 1759 4820; x_wconf 87' lang='lat' dir='ltr'><strong>faveat,</strong></span> <span class='ocrx_word' id='word_1_583' title='bbox 1784 4759 1935 4830; x_wconf 87' lang='lat' dir='ltr'><strong>eumque</strong></span> <span class='ocrx_word' id='word_1_584' title='bbox 1951 4749 2103 4822; x_wconf 88' lang='lat' dir='ltr'><strong>tueatur,</strong></span> 
     </span>
     <span class='ocr_line' id='line_1_45' title="bbox 69 4833 2101 4932; baseline 0 -23"><span class='ocrx_word' id='word_1_585' title='bbox 69 4865 171 4911; x_wconf 89' lang='lat' dir='ltr'><strong>mum</strong></span> <span class='ocrx_word' id='word_1_586' title='bbox 202 4837 407 4929; x_wconf 90' lang='lat' dir='ltr'><strong>Principem</strong></span> <span class='ocrx_word' id='word_1_587' title='bbox 438 4834 609 4908; x_wconf 89' lang='lat' dir='ltr'><strong>Carolum</strong></span> <span class='ocrx_word' id='word_1_588' title='bbox 636 4835 822 4908; x_wconf 90' lang='lat' dir='ltr'><strong>Caesarem</strong></span> <span class='ocrx_word' id='word_1_589' title='bbox 852 4835 1064 4928; x_wconf 84' lang='lat' dir='ltr'><strong>Augustum,</strong></span> <span class='ocrx_word' id='word_1_590' title='bbox 1113 4838 1353 4924; x_wconf 86' lang='lat' dir='ltr'><strong>acdelendat‚</strong></span> <span class='ocrx_word' id='word_1_591' title='bbox 1378 4839 1473 4908; x_wconf 87' lang='lat' dir='ltr'><strong>inter</strong></span> <span class='ocrx_word' id='word_1_592' title='bbox 1493 4833 1579 4908; x_wconf 92' lang='lat' dir='ltr'><strong>haec</strong></span> <span class='ocrx_word' id='word_1_593' title='bbox 1599 4837 1753 4929; x_wconf 85' lang='lat' dir='ltr'><strong>pericula</strong></span> <span class='ocrx_word' id='word_1_594' title='bbox 1770 4861 1861 4932; x_wconf 90' lang='lat' dir='ltr'><strong>quae</strong></span> <span class='ocrx_word' id='word_1_595' title='bbox 1884 4838 2101 4930; x_wconf 83' lang='lat' dir='ltr'><strong>impendent,</strong></span> 
     </span>
     <span class='ocr_line' id='line_1_46' title="bbox 69 4933 2103 5034; baseline -0.002 -20"><span class='ocrx_word' id='word_1_596' title='bbox 69 4956 110 5014; x_wconf 92' lang='lat' dir='ltr'><strong>ut</strong></span> <span class='ocrx_word' id='word_1_597' title='bbox 125 4941 197 5011; x_wconf 91' lang='lat' dir='ltr'><strong>alia</strong></span> <span class='ocrx_word' id='word_1_598' title='bbox 209 4941 353 5012; x_wconf 88' lang='lat' dir='ltr'><strong>mitiora</strong></span> <span class='ocrx_word' id='word_1_599' title='bbox 368 4939 523 5010; x_wconf 86' lang='lat' dir='ltr'><strong>remedia</strong></span> <span class='ocrx_word' id='word_1_600' title='bbox 539 4940 657 5032; x_wconf 89' lang='lat' dir='ltr'><strong>potius</strong></span> <span class='ocrx_word' id='word_1_601' title='bbox 671 4953 839 5026; x_wconf 89' lang='lat' dir='ltr'><strong>tentaret,</strong></span> <span class='ocrx_word' id='word_1_602' title='bbox 864 4965 971 5034; x_wconf 92' lang='lat' dir='ltr'><strong>quam</strong></span> <span class='ocrx_word' id='word_1_603' title='bbox 987 4941 1064 5011; x_wconf 90' lang='lat' dir='ltr'><strong>bel·</strong></span> <span class='ocrx_word' id='word_1_604' title='bbox 1113 4953 1148 5013; x_wconf 87' lang='lat' dir='ltr'><strong>et</strong></span> <span class='ocrx_word' id='word_1_605' title='bbox 1162 4955 1202 5014; x_wconf 91' lang='lat' dir='ltr'><strong>ut</strong></span> <span class='ocrx_word' id='word_1_606' title='bbox 1217 4940 1285 5034; x_wconf 92' lang='lat' dir='ltr'><strong>ipsi</strong></span> <span class='ocrx_word' id='word_1_607' title='bbox 1303 4963 1342 5010; x_wconf 90' lang='lat' dir='ltr'><strong>ac</strong></span> <span class='ocrx_word' id='word_1_608' title='bbox 1356 4933 1648 5032; x_wconf 84' lang='lat' dir='ltr'><strong>Reipub&#39;pacem</strong></span> <span class='ocrx_word' id='word_1_609' title='bbox 1668 4965 1708 5010; x_wconf 87' lang='lat' dir='ltr'><strong>ac</strong></span> <span class='ocrx_word' id='word_1_610' title='bbox 1726 4940 2020 5034; x_wconf 86' lang='lat' dir='ltr'><strong>tranquillitatem</strong></span> <span class='ocrx_word' id='word_1_611' title='bbox 2036 4941 2103 5009; x_wconf 89' lang='lat' dir='ltr'><strong>do-</strong></span> 
     </span>
     <span class='ocr_line' id='line_1_47' title="bbox 69 5037 2103 5133; baseline -0.002 -19"><span class='ocrx_word' id='word_1_612' title='bbox 69 5043 146 5114; x_wconf 87' lang='lat' dir='ltr'><strong>lum</strong></span> <span class='ocrx_word' id='word_1_613' title='bbox 170 5056 339 5115; x_wconf 79' lang='lat' dir='ltr'><strong>moveret</strong></span> <span class='ocrx_word' id='word_1_614' title='bbox 397 5039 489 5115; x_wconf 85' lang='lat' dir='ltr'><strong>Cum</strong></span> <span class='ocrx_word' id='word_1_615' title='bbox 514 5043 623 5132; x_wconf 84' lang='lat' dir='ltr'><strong>igitur</strong></span> <span class='ocrx_word' id='word_1_616' title='bbox 646 5041 824 5133; x_wconf 87' lang='lat' dir='ltr'><strong>Principis</strong></span> <span class='ocrx_word' id='word_1_617' title='bbox 851 5042 964 5112; x_wconf 86' lang='lat' dir='ltr'><strong>nostri</strong></span> <span class='ocrx_word' id='word_1_618' title='bbox 986 5057 1062 5114; x_wconf 86' lang='lat' dir='ltr'><strong>turn</strong></span> <span class='ocrx_word' id='word_1_619' title='bbox 1113 5057 1193 5128; x_wconf 90' lang='lat' dir='ltr'><strong>net,</strong></span> <span class='ocrx_word' id='word_1_620' title='bbox 1225 5039 1270 5113; x_wconf 87' lang='lat' dir='ltr'><strong>ad</strong></span> <span class='ocrx_word' id='word_1_621' title='bbox 1297 5041 1486 5114; x_wconf 90' lang='lat' dir='ltr'><strong>utilitatem</strong></span> <span class='ocrx_word' id='word_1_622' title='bbox 1511 5037 1689 5112; x_wconf 90' lang='lat' dir='ltr'><strong>Ecclesiae</strong></span> <span class='ocrx_word' id='word_1_623' title='bbox 1722 5056 1756 5113; x_wconf 93' lang='lat' dir='ltr'><strong>et</strong></span> <span class='ocrx_word' id='word_1_624' title='bbox 1779 5043 1921 5112; x_wconf 91' lang='lat' dir='ltr'><strong>laudem</strong></span> <span class='ocrx_word' id='word_1_625' title='bbox 1945 5041 2103 5111; x_wconf 90' lang='lat' dir='ltr'><strong>nominis</strong></span> 
     </span>
     <span class='ocr_line' id='line_1_48' title="bbox 70 5139 2111 5237; baseline -0.001 -21"><span class='ocrx_word' id='word_1_626' title='bbox 70 5145 262 5232; x_wconf 76' lang='lat' dir='ltr'><strong>foelicitas,</strong></span> <span class='ocrx_word' id='word_1_627' title='bbox 300 5157 378 5216; x_wconf 90' lang='lat' dir='ltr'><strong>tum</strong></span> <span class='ocrx_word' id='word_1_628' title='bbox 409 5145 598 5230; x_wconf 85' lang='lat' dir='ltr'><strong>autoritas,</strong></span> <span class='ocrx_word' id='word_1_629' title='bbox 632 5159 708 5216; x_wconf 92' lang='lat' dir='ltr'><strong>tum</strong></span> <span class='ocrx_word' id='word_1_630' title='bbox 733 5145 839 5216; x_wconf 87' lang='lat' dir='ltr'><strong>etiam</strong></span> <span class='ocrx_word' id='word_1_631' title='bbox 866 5145 1064 5215; x_wconf 90' lang='lat' dir='ltr'><strong>moderatio</strong></span> <span class='ocrx_word' id='word_1_632' title='bbox 1113 5139 1264 5229; x_wconf 83' lang='lat' dir='ltr'><strong>Christi3</strong></span> <span class='ocrx_word' id='word_1_633' title='bbox 1288 5145 1326 5214; x_wconf 91' lang='lat' dir='ltr'><strong>id</strong></span> <span class='ocrx_word' id='word_1_634' title='bbox 1343 5143 1438 5214; x_wconf 90' lang='lat' dir='ltr'><strong>enim</strong></span> <span class='ocrx_word' id='word_1_635' title='bbox 1454 5144 1675 5236; x_wconf 89' lang='lat' dir='ltr'><strong>agnoscimus</strong></span> <span class='ocrx_word' id='word_1_636' title='bbox 1692 5143 2002 5237; x_wconf 88' lang='lat' dir='ltr'><strong>etpraedicamns,</strong></span> <span class='ocrx_word' id='word_1_637' title='bbox 2026 5165 2111 5232; x_wconf 84' lang='lat' dir='ltr'><strong>non¹</strong></span> 
     </span>
     <span class='ocr_line' id='line_1_49' title="bbox 70 5241 2103 5340; baseline -0.001 -23"><span class='ocrx_word' id='word_1_638' title='bbox 70 5248 185 5317; x_wconf 87' lang='lat' dir='ltr'><strong>animi</strong></span> <span class='ocrx_word' id='word_1_639' title='bbox 202 5247 397 5340; x_wconf 80' lang='lat' dir='ltr'><strong>plurimum</strong></span> <span class='ocrx_word' id='word_1_640' title='bbox 413 5246 567 5317; x_wconf 87' lang='lat' dir='ltr'><strong>valuerit</strong></span> <span class='ocrx_word' id='word_1_641' title='bbox 586 5241 755 5318; x_wconf 90' lang='lat' dir='ltr'><strong>hactenus</strong></span> <span class='ocrx_word' id='word_1_642' title='bbox 772 5249 817 5318; x_wconf 94' lang='lat' dir='ltr'><strong>ad</strong></span> <span class='ocrx_word' id='word_1_643' title='bbox 840 5247 1063 5318; x_wconf 88' lang='lat' dir='ltr'><strong>retinendam</strong></span> <span class='ocrx_word' id='word_1_644' title='bbox 1112 5269 1214 5340; x_wconf 86' lang='lat' dir='ltr'><strong>posse</strong></span> <span class='ocrx_word' id='word_1_645' title='bbox 1226 5243 1387 5338; x_wconf 89' lang='lat' dir='ltr'><strong>Respub.</strong></span> <span class='ocrx_word' id='word_1_646' title='bbox 1403 5247 1509 5330; x_wconf 90' lang='lat' dir='ltr'><strong>tueri,</strong></span> <span class='ocrx_word' id='word_1_647' title='bbox 1529 5245 1600 5314; x_wconf 91' lang='lat' dir='ltr'><strong>nisi</strong></span> <span class='ocrx_word' id='word_1_648' title='bbox 1616 5245 1690 5316; x_wconf 92' lang='lat' dir='ltr'><strong>Deo</strong></span> <span class='ocrx_word' id='word_1_649' title='bbox 1705 5257 1947 5317; x_wconf 84' lang='lat' dir='ltr'><strong>conservante.</strong></span> <span class='ocrx_word' id='word_1_650' title='bbox 1981 5243 2103 5337; x_wconf 88' lang='lat' dir='ltr'><strong>Quare</strong></span> 
     </span>
     <span class='ocr_line' id='line_1_50' title="bbox 70 5347 2102 5444; baseline -0 -24"><span class='ocrx_word' id='word_1_651' title='bbox 70 5373 204 5442; x_wconf 83' lang='lat' dir='ltr'><strong>pacem,</strong></span> <span class='ocrx_word' id='word_1_652' title='bbox 224 5363 399 5444; x_wconf 90' lang='lat' dir='ltr'><strong>quantum</strong></span> <span class='ocrx_word' id='word_1_653' title='bbox 415 5349 449 5418; x_wconf 91' lang='lat' dir='ltr'><strong>ei</strong></span> <span class='ocrx_word' id='word_1_654' title='bbox 464 5349 618 5420; x_wconf 88' lang='lat' dir='ltr'><strong>debeant</strong></span> <span class='ocrx_word' id='word_1_655' title='bbox 632 5373 756 5420; x_wconf 90' lang='lat' dir='ltr'><strong>omnes</strong></span> <span class='ocrx_word' id='word_1_656' title='bbox 770 5351 943 5430; x_wconf 89' lang='lat' dir='ltr'><strong>nationes,</strong></span> <span class='ocrx_word' id='word_1_657' title='bbox 962 5371 1065 5442; x_wconf 91' lang='lat' dir='ltr'><strong>prae-</strong></span> <span class='ocrx_word' id='word_1_658' title='bbox 1114 5349 1159 5419; x_wconf 90' lang='lat' dir='ltr'><strong>ab</strong></span> <span class='ocrx_word' id='word_1_659' title='bbox 1179 5349 1256 5442; x_wconf 92' lang='lat' dir='ltr'><strong>ipso</strong></span> <span class='ocrx_word' id='word_1_660' title='bbox 1271 5373 1374 5440; x_wconf 91' lang='lat' dir='ltr'><strong>opem</strong></span> <span class='ocrx_word' id='word_1_661' title='bbox 1398 5347 1649 5442; x_wconf 87' lang='lat' dir='ltr'><strong>imploramus,</strong></span> <span class='ocrx_word' id='word_1_662' title='bbox 1673 5349 1717 5418; x_wconf 94' lang='lat' dir='ltr'><strong>ad</strong></span> <span class='ocrx_word' id='word_1_663' title='bbox 1735 5349 1851 5441; x_wconf 90' lang='lat' dir='ltr'><strong>ipsum</strong></span> <span class='ocrx_word' id='word_1_664' title='bbox 1866 5347 2102 5440; x_wconf 80' lang='lat' dir='ltr'><strong>confugimus,</strong></span> 
     </span>
    </p>
   </div>
   <div class='ocr_carea' id='block_1_4' title="bbox 68 5445 2114 5666">
    <p class='ocr_par' dir='ltr' id='par_1_4' title="bbox 68 5445 2114 5666">
     <span class='ocr_line' id='line_1_51' title="bbox 68 5445 2114 5547; baseline -0 -26"><span class='ocrx_word' id='word_1_665' title='bbox 68 5452 171 5544; x_wconf 87' lang='lat' dir='ltr'><strong>cipue</strong></span> <span class='ocrx_word' id='word_1_666' title='bbox 201 5475 287 5521; x_wconf 80' lang='lat' dir='ltr'><strong>vero</strong></span> <span class='ocrx_word' id='word_1_667' title='bbox 302 5507 306 5512; x_wconf 95' lang='lat'>.</span> <span class='ocrx_word' id='word_1_668' title='bbox 324 5445 391 5520; x_wconf 86' lang='lat' dir='ltr'><strong>hae</strong></span> <span class='ocrx_word' id='word_1_669' title='bbox 429 5451 613 5542; x_wconf 88' lang='lat' dir='ltr'><strong>regiones,</strong></span> <span class='ocrx_word' id='word_1_670' title='bbox 659 5475 735 5524; x_wconf 89' lang='lat' dir='ltr'><strong>nou</strong></span> <span class='ocrx_word' id='word_1_671' title='bbox 774 5465 828 5525; x_wconf 84' lang='lat' dir='ltr'><strong>est</strong></span> <span class='ocrx_word' id='word_1_672' title='bbox 859 5454 1063 5524; x_wconf 88' lang='lat' dir='ltr'><strong>obscurum.</strong></span> <span class='ocrx_word' id='word_1_673' title='bbox 1114 5451 1177 5546; x_wconf 92' lang='lat' dir='ltr'><strong>qui</strong></span> <span class='ocrx_word' id='word_1_674' title='bbox 1205 5449 1350 5547; x_wconf 89' lang='lat' dir='ltr'><strong>quidem</strong></span> <span class='ocrx_word' id='word_1_675' title='bbox 1384 5463 1550 5538; x_wconf 87' lang='lat' dir='ltr'><strong>testatur,</strong></span> <span class='ocrx_word' id='word_1_676' title='bbox 1584 5471 1621 5520; x_wconf 87' lang='lat' dir='ltr'><strong>se</strong></span> <span class='ocrx_word' id='word_1_677' title='bbox 1653 5449 1858 5524; x_wconf 91' lang='lat' dir='ltr'><strong>auditurum</strong></span> <span class='ocrx_word' id='word_1_678' title='bbox 1884 5473 1957 5522; x_wconf 88' lang='lat' dir='ltr'><strong>esse</strong></span> <span class='ocrx_word' id='word_1_679' title='bbox 1983 5467 2114 5544; x_wconf 80' lang='lat' dir='ltr'><strong>preces</strong></span> 
     </span>
     <span class='ocr_line' id='line_1_52' title="bbox 117 5549 1459 5666; baseline -0.001 -42"><span class='ocrx_word' id='word_1_680' title='bbox 117 5557 301 5666; x_wconf 67' lang='lat' dir='ltr'><strong>Mensura.</strong></span> <span class='ocrx_word' id='word_1_681' title='bbox 319 5556 422 5624; x_wconf 79' lang='lat' dir='ltr'><strong>Ocu.</strong></span> <span class='ocrx_word' id='word_1_682' title='bbox 450 5555 615 5629; x_wconf 69' lang='lat' dir='ltr'><strong>Vonxl.</strong></span> <span class='ocrx_word' id='word_1_683' title='bbox 679 5633 686 5640; x_wconf 46' lang='grc'><em>,</em></span> <span class='ocrx_word' id='word_1_684' title='bbox 850 5586 855 5598; x_wconf 87' lang='grc'>·</span> <span class='ocrx_word' id='word_1_685' title='bbox 1412 5549 1459 5623; x_wconf 79' lang='lat'><strong>16</strong></span> 
     </span>
    </p>
   </div>
   <div class='ocr_carea' id='block_1_5' title="bbox 180 3229 938 3348">
    <p class='ocr_par' dir='ltr' id='par_1_5' title="bbox 180 3229 938 3348">
     <span class='ocr_line' id='line_1_53' title="bbox 180 3229 938 3348; baseline 0 -20"><span class='ocrx_word' id='word_1_686' title='bbox 180 3260 296 3328; x_wconf 85' lang='lat' dir='ltr'><strong>Cedant</strong></span> <span class='ocrx_word' id='word_1_687' title='bbox 310 3284 392 3324; x_wconf 86' lang='lat' dir='ltr'><strong>arma</strong></span> <span class='ocrx_word' id='word_1_688' title='bbox 403 3275 509 3344; x_wconf 84' lang='lat' dir='ltr'><strong>togae,</strong></span> <span class='ocrx_word' id='word_1_689' title='bbox 535 3261 678 3326; x_wconf 82' lang='lat' dir='ltr'><strong>concedat</strong></span> <span class='ocrx_word' id='word_1_690' title='bbox 692 3266 792 3328; x_wconf 86' lang='lat' dir='ltr'><strong>laurea</strong></span> <span class='ocrx_word' id='word_1_691' title='bbox 808 3229 938 3348; x_wconf 79' lang='lat' dir='ltr'><strong>liuguae.</strong></span> 
     </span>
    </p>
   </div>
   <div class='ocr_carea' id='block_1_6' title="bbox 0 0 2348 5826">
    <p class='ocr_par' dir='ltr' id='par_1_6' title="bbox 0 0 2348 5826">
     <span class='ocr_line' id='line_1_54' title="bbox 0 0 2348 5826; baseline 0 0"><span class='ocrx_word' id='word_1_692' title='bbox 0 0 2348 5826; x_wconf 95' lang='lat' dir='ltr'><strong> </strong></span> 
     </span>
    </p>
   </div>
  </div>
 </body>
</html>
