4614 5820
59 304 122 383 su
586 291 1400 380 *nncnnuacruscaun
1597 259 1600 264 ’
1816 263 1828 274 “
2004 299 2084 382 ssa

58 471 160 561 mina,
183 473 333 547 summis
344 474 591 568 prosequenda
605 467 825 560 honoribus,
850 469 889 546 Ο
904 471 1043 546 suavis-
1090 473 1139 545 ita
1154 471 1339 544 ambarum
1355 469 1511 564 partium
1528 467 1769 542 excellentiam
1784 473 1989 546 summatim
2000 499 2087 548 con-

59 583 153 652 simae
177 577 432 668 discipulorum
457 577 650 666 ductrices,
674 601 765 673 quae
786 570 881 646 nihil
896 579 1055 669 prorsus·
1091 575 1334 648 clamabimus.
1388 571 1443 644 Te
1460 573 1570 663 igitur
1593 572 1757 643 divinum
1772 569 1998 673 Astrologiae
2015 602 2086 651 nu-

60 672 228 752 inmundo
244 679 385 769 aggredi
402 679 614 752 formidatis.
665 677 742 750 Vos
759 697 874 754 terrae
889 679 1041 772 profun-
1089 703 1173 750 men
1190 678 1352 770 appello,
1375 675 1447 748 tuis
1463 675 1571 745 velim
1588 675 1720 766 aspires
1734 678 1950 768 praeconiis,
1974 681 2087 752 hene-

59 785 190 854 ditatem
221 781 459 868 dimetimini,
495 803 558 852 vos
589 783 769 854 coelorum
802 778 1041 856 conscenditis
1089 781 1168 852 ficia
1191 793 1252 850 tua
1278 780 1451 850 immensa
1479 776 1692 847 mortalibus
1717 778 2001 854 demonstratura
2023 807 2085 856 ve·

58 885 189 976 fastigia.
238 883 360 955 Solem
375 882 508 955 centies
523 884 678 976 sexagies
692 884 802 956 series
817 897 911 955 terra
927 884 1042 955 maio·
1086 881 1186 965 nias,
1221 881 1281 954 Tu
1303 906 1339 952 es
1360 880 1487 976 procul
1511 879 1623 949 dubio
1646 878 1850 951 fidelissima
1875 881 2087 958 immortalis

58 1010 139 1073 rem,
169 985 307 1056 Lunam
341 998 460 1056 autem
483 987 773 1080 quadragesimae
803 987 896 1079 parti
926 999 1041 1058 terrae
1089 983 1317 1070 Deinuncia,
1342 1007 1432 1078 quae
1442 981 1583 1053 secretis
1595 981 1669 1051 suis
1681 979 1957 1074 interpretandis
1971 984 2086 1076 legem

57 1113 134 1182 pene
147 1088 327 1182 aequalem
342 1089 604 1160 demonstratis.
655 1087 780 1162 Sidera
794 1103 921 1162 cuncta
937 1087 1041 1160 certis
1090 1089 1256 1182 praebes,
1289 1088 1391 1158 cuius
1414 1085 1525 1178 gratia
1556 1084 1673 1155 coelos
1695 1084 1910 1157 constituere
1931 1087 2089 1160 decrevit

56 1191 113 1262 sub
127 1191 413 1282 proportionibus
439 1190 484 1260 ad
507 1204 622 1262 terrae
644 1191 840 1282 grossitiem
857 1215 1041 1286 compara·
1090 1191 1336 1283 omnipotens,
1370 1190 1501 1284 quibus
1524 1185 1656 1279 passim
1687 1185 1787 1277 ignes
1817 1186 1974 1260 sidereos
2008 1211 2088 1262 mo-

55 1293 102 1364 tis.
153 1290 344 1363 Coelorum
366 1292 615 1384 spissitudines
628 1294 855 1380 scrutamini,
887 1317 1038 1364 massam
1090 1306 1260 1369 numenta
1278 1294 1483 1363 futurorum
1498 1288 1687 1382 impressit.

56 1395 134 1466 lumi
153 1395 258 1465 terrei
282 1393 321 1465 in
346 1417 512 1487 suprema
529 1396 641 1468 aderis
656 1395 803 1488 regione
818 1395 1042 1482 inflammati,
1192 1395 1300 1466 Tales
1324 1407 1483 1488 spectare
1506 1391 1610 1463 iussit
1637 1403 1815 1462 astrorum
1831 1385 1979 1482 choros,
2003 1395 2090 1466 dum

57 1521 149 1591 quam
168 1509 298 1566 vocant
315 1493 519 1582 Comatam,
553 1498 700 1594 eiusque
721 1523 741 1568 a
764 1513 858 1570 terra
871 1500 1041 1570 remotio·
1091 1499 1301 1570 mortalibus
1334 1522 1397 1568 ora
1431 1498 1534 1566 daret
1565 1492 1734 1565 sublimia
1764 1517 1884 1566 rerum
1912 1497 2091 1568 conditor:

55 1623 125 1668 nem
147 1599 264 1669 metiri
286 1597 521 1690 pollicemini.
581 1598 684 1690 Quos
705 1601 961 1696 limitesaqu'ei
977 1625 1041 1671 va·
1091 1602 1239 1692 dignum
1257 1600 1414 1694 proiecto
1438 1597 1646 1682 arbitratus,
1672 1619 1777 1690 quem
1796 1598 1974 1670 universis
1988 1623 2093 1692 prae-

56 1723 145 1792 potes
168 1701 415 1772 transcendere
438 1725 513 1771 non
535 1703 673 1785 ausint,
706 1703 920 1776 mortalibus
943 1703 1041 1774 indi·
1090 1705 1220 1774 iecerat
1235 1701 1428 1792 creaturis,
1452 1699 1612 1772 medium
1632 1699 1727 1769 inter
1749 1721 1807 1768 eas
1824 1701 2026 1790 considere,
2050 1714 2093 1774 ut

57 1801 155 1874 castis.
205 1799 308 1872 Vane
331 1803 495 1895 opinatos
523 1827 598 1874 esse
619 1805 851 1892 convincitis,
875 1805 938 1902 qui
955 1802 1042 1876 Ele-
1092 1807 1179 1900 pede
1201 1805 1345 1900 quidem
1368 1804 1524 1875 calcante
1539 1802 1689 1874 terrenis
1706 1800 1881 1894 imperare
1893 1805 2092 1876 videretur:

57 1903 170 1975 mentis
196 1905 406 1975 continuam
431 1906 633 1978 attribuunt
659 1909 1043 2002 proportionalitatem,
1091 1909 1209 1980 fronte
1225 1921 1343 1980 autem
1360 1919 1524 1996 surgente
1539 1917 1784 2000 atqueerecta,
1809 1905 1943 1977 divinis
1955 1907 2093 1978 fruere-

57 2029 158 2099 neque
174 2019 214 2077 ut
232 2007 272 2076 in
290 2007 438 2100 decupla
456 2009 690 2101 proportione
703 2033 778 2082 sese
793 2014 963 2082 excedant
977 2011 1042 2080 ad·
1091 2026 1152 2083 tur
1173 2009 1324 2082 deliciis.
1385 2007 1484 2098 Quid
1506 2007 1602 2077 enim
1629 2007 1842 2096 iucundius,
1868 2009 1955 2105 quid
1970 2033 2093 2081 amoe—
2117 2083 2127 2103 ‚

56 2107 190 2180 mittitis.
258 2107 359 2199 Quot
394 2109 559 2180 maximis
597 2113 775 2205 superiori
809 2127 923 2185 aetate
955 2111 1042 2182 viris
1091 2111 1195 2200 nius,
1219 2113 1308 2207 quid
1332 2111 1487 2206 denique
1507 2110 1651 2181 suavius
1673 2110 1811 2180 afficere
1826 2112 1948 2184 oculos
1964 2123 2091 2205 potest,

56 2223 217 2280 aeternam
250 2209 436 2304 peperistis
462 2212 737 2286 claritudinem?
785 2212 1039 2310 Hippocratem
1091 2239 1198 2312 quarn
1221 2215 1282 2284 illa
1306 2227 1361 2285 tot
1383 2227 1423 2286 ct¹
1443 2226 1623 2284 tantorum
1645 2211 1823 2284 luminum
1844 2214 2093 2289 venustissima

56 2335 159 2381 amone
170 2325 288 2384 vestro
303 2327 466 2405 captum,
492 2317 539 2386 ad·
548 2319 801 2410 quadraturam
812 2317 938 2388 circuli
954 2317 1042 2388 scri·
1091 2333 1197 2413 atque
1220 2315 1486 2388 ordinatissima
1510 2313 1644 2386 series?
1676 2337 1717 2396 eo
1744 2314 1876 2410 quippe
1892 2317 1923 2388 si
1941 2316 2093 2410 rapiaris

57 2415 194 2484 bendam
209 2414 415 2506 impulistis.
467 2415 708 2504 Avicennam,
734 2420 913 2513 egregium
931 2421 976 2490 de
995 2419 1041 2488 li·
1091 2421 1233 2501 animo,
1274 2417 1465 2512 experieris
1489 2412 1585 2486 nihil
1617 2429 1653 2486 te
1679 2440 1839 2511 unquam
1871 2419 2021 2490 sensisse
2052 2418 2094 2488 in

56 2515 119 2585 ucis
135 2529 168 2586 et
187 2517 349 2587 numeris
371 2517 582 2608 scriptorem
599 2521 808 2614 accepimus.
860 2521 1041 2613 Quantam
1092 2523 1192 2594 omni
1207 2521 1279 2594 vita
1295 2519 1548 2594 delectabilius.
1600 2515 1671 2588 Per
1681 2513 1776 2590 hanc
1785 2521 2014 2614 disciplinam
2026 2543 2094 2592 an-

56 2617 188 2708 gloriam
222 2632 484 2691 commentator
513 2623 681 2716 adeptum
700 2621 748 2695 'se
778 2625 978 2717 putaverit,
1011 2623 1042 2692 si
1092 2625 1239 2716 gelicam
1254 2649 1331 2695 non
1344 2623 1464 2693 minus
1489 2621 1684 2692 immortali
1701 2618 1778 2694 Deo
1796 2623 1993 2720 propinqui
2009 2624 2093 2696 red·

56 2715 308 2790 dstronomiam
333 2723 595 2794 concentricam
621 2725 846 2813 tradidisset,
879 2729 1041 2797 testimo-
1092 2727 1230 2809 dimur,
1257 2751 1364 2821 quam
1386 2749 1451 2818 per
1468 2737 1623 2794 caeteras
1645 2735 1739 2794 artes
1759 2723 1916 2798 aBeluis
1932 2749 2094 2820 segrega-

56 2822 107 2892 nio
127 2845 189 2892 suo
211 2824 402 2906 docemur,
431 2825 495 2920 qui
516 2840 626 2898 totam
646 2827 758 2898 ferme
780 2841 929 2900 aetatem
945 2829 985 2896 in
1000 2850 1041 2897 ea
1091 2853 1191 2916 mur,
1219 2829 1266 2898 ad
1286 2827 1424 2922 reliqua
1447 2825 1649 2898 studiorum
1670 2849 1797 2918 genera
1819 2841 1932 2901 aetate
1961 2829 2090 2900 remis-

56 2947 87 2993 re
108 2947 337 3006 consumens,
368 2929 570 3019 desperasse
602 2931 746 3001 tandem
775 2955 812 3000 se
839 2931 1040 3001 confitetur.
1092 2932 1202 3004 siores
1216 2931 1304 3006 tfieri
1328 2931 1501 3015 solemus,
1532 2923 1641 2998 huius
1665 2953 1749 3000 vero
1772 2931 2094 3003 scientiaedeside-

54 3021 168 3095 Nonne
192 3025 434 3098 influentiales
460 3031 649 3124 qualitates
678 3033 861 3123 signorum
881 3031 1041 3117 Zodiaci,
1091 3034 1187 3105 rium
1202 3056 1370 3104 unacum
1386 3031 1490 3102 annis
1505 3029 1591 3122 ipsis
1606 3032 1861 3108 accumulatur.
1912 3031 2026 3108 Cuius
2038 3032 2094 3104 rei

56 3149 89 3217 ac
108 3129 172 3198 alia
194 3123 467 3216 Astronomica‚
501 3155 523 3200 o
538 3129 689 3204 Domini
709 3133 863 3220 Medici,
886 3133 1040 3206 Parente
1091 3136 1240 3228 dignum
1266 3136 1426 3228 produco
1451 3145 1576 3205 testem
1599 3129 1770 3208 loannem
1799 3137 1846 3206 de
1865 3130 2094 3224 Blancbinis,

55 3243 156 3300 vestro
172 3227 391 3323 Hippocrate
407 3233 648 3325 suscepimus?
681 3237 784 3332 quasi
801 3238 1041 3307 nemobonus
1091 3238 1209 3308 virum
1234 3239 1428 3330 optimum,
1453 3236 1516 3331 qui
1530 3235 1737 3329 nuperrime
1753 3237 1848 3310 inter
1869 3252 2007 3312 caetera
2023 3263 2092 3311 no-

55 3326 203 3404 Medicus
233 3335 385 3403 evadere
414 3335 543 3427 possit,
559 3337 649 3407 nisi
689 3339 789 3430 prius
816 3335 1041 3430 Astrologiae
1091 3354 1163 3412 stra
1189 3340 1383 3436 colloquia:
1416 3337 1512 3410 Ante
1537 3340 1675 3424 decem,
1706 3340 1846 3435 inquit,
1878 3364 1991 3416 annos
2016 3342 2093 3414 vita

56 3435 225 3506 studuerit.
287 3431 411 3527 Longe
439 3460 458 3506 a
483 3435 685 3510 Maioribus
707 3441 833 3512 vestris
854 3465 918 3511 vos
934 3443 1041 3532 dege·
1091 3443 1265 3536 spoliatus
1281 3443 1452 3530 iacerem,
1475 3441 1547 3512 nisi
1569 3441 1722 3514 dulcedo
1737 3437 1990 3533 Astronpmiae
2005 3443 2093 3516 reti·

54 3557 184 3624 necare,
206 3537 267 3608 sed
284 3537 476 3630 reprimam
499 3563 572 3609 me:
599 3541 732 3612 multos
755 3543 922 3635 deinceps
945 3541 1040 3613 luris
1090 3545 1226 3616 nuisset
1248 3545 1422 3614 animam:
1457 3545 1592 3635 grande
1620 3545 1791 3637 temporis
1819 3547 1961 3619 lucrum
1982 3560 2093 3633 ratus,

55 3638 225 3734 utriusque
235 3637 457 3710 Professores
471 3637 905 3737 oNymphaespectabiles
920 3645 1041 3737 splen·
1073 3649 1188 3742 =quod
1206 3660 1382 3719 astrorum
1398 3645 1536 3740 peperit
1549 3647 1815 3740 contemplatio.
1857 3647 2092 3722 Honestatcm

56 3738 130 3810 dore
148 3754 266 3813 vestro
291 3741 465 3814 effecistis.
528 3740 648 3832 Quam
673 3748 817 3818 crebrae
834 3743 1041 3838 Theologo-
1090 3749 1240 3840 forsitan
1253 3763 1431 3845 expectas,
1456 3772 1532 3819 non
1548 3747 1830 3826 delectationem.
1867 3749 1966 3842 Quid
1983 3777 2092 3849 quae-

54 3861 123 3909 rum
142 3843 283 3914 fueritis
306 3857 340 3914 et
362 3839 472 3914 hodie
498 3844 574 3916 sitis
598 3843 780 3936 Comites,
812 3845 908 3921 haud
937 3851 1041 3920 facile
1091 3877 1129 3924 so
1155 3846 1341 3924 honestius
1366 3850 1590 3924 confiteberis
1612 3847 1681 3922 boc
1708 3853 1833 3925 divino
1864 3855 2008 3928 studio?
2041 3854 2091 3926 si·

55 3941 175 4034 dixero.
231 3945 410 4039 Nunqnid
434 3944 640 4018 Bessarioni
669 3949 823 4037 Niceno,
855 3949 1041 4026 Cardinali
1091 3955 1236 4050 quidem
1257 3969 1404 4050 propter
1426 3955 1583 4046 seipsum
1605 3954 1804 4047 appetitur,
1832 3980 1913 4027 cnm
1934 3972 2090 4032 caeterae

54 4065 88 4114 ac
107 4043 330 4118 Patriarcbae
361 4045 760 4144 Constantinopolitano
790 4054 1040 4126 immortalita-
1090 4058 1290 4151 plerunque
1312 4069 1405 4128 artes
1428 4056 1587 4126 alienum
1619 4056 1689 4126 sibi
1711 4058 1943 4148 praestituant
1965 4061 2089 4132 finem:

54 4157 115 4215 tem
137 4149 366 4235 abdicabitis,
397 4150 460 4244 qui
477 4156 778 4245 quemadmodum
801 4156 841 4225 in
856 4171 969 4229 aetate
983 4149 1040 4227 re-
1090 4162 1188 4254 quod
1220 4160 1308 4229 olim
1342 4155 1470 4228 Petrus
1499 4157 1646 4252 quidam
1676 4155 1940 4232 Cameracensis
1972 4185 2091 4235 sacro·

54 4249 191 4320 centiori
211 4253 279 4324 sub
301 4247 464 4325 Gemisto
484 4269 710 4348 praeceptore
732 4281 799 4330 vos
822 4283 946 4329 omnes
972 4259 1038 4328 do·
1090 4275 1230 4332 sanctae
1247 4258 1434 4333 Romanae
1448 4255 1629 4330 Ecclesiae
1648 4255 1871 4346 Cardinalis,
1897 4265 1985 4336 adeo
2002 4289 2091 4336 con-

55 4349 194 4423 ctissime
221 4354 385 4444 collegit,
416 4355 466 4427 ita
486 4357 645 4451 reliquos
668 4359 762 4430 vitae
784 4385 867 4430 suae
881 4362 957 4431 dies
973 4385 1039 4453 pro
1089 4363 1304 4434 firmandum
1319 4362 1475 4448 censuit,
1500 4374 1540 4433 ut
1558 4360 1713 4432 inomni
1737 4389 1842 4460 quem
1857 4390 1977 4438 coram
1993 4367 2089 4439 clero

55 4451 154 4524 salute
191 4451 417 4528 Christianae
458 4457 642 4548 religionis
681 4461 818 4552 exigere
861 4462 1042 4534 instituit?
1089 4459 1218 4537 habuit
1238 4487 1420 4552 sermone,
1452 4487 1528 4534 non
1554 4463 1690 4556 pigrius
1715 4459 1955 4552 honestatem,
1981 4479 2090 4565 quam

54 4547 169 4625 Nonne
182 4557 251 4628 iam
267 4557 406 4650 pridem
416 4557 604 4630 Nicolaum
619 4562 663 4632 de
677 4559 789 4650 Cosa,
814 4566 926 4636 sancti
941 4563 1040 4636 Petri
1090 4562 1394 4659 pulchritudinem
1430 4579 1573 4637 nostrae
1606 4567 1773 4641 scientiae
1812 4571 2090 4660 demonstraret,

55 4655 94 4724 ad
113 4657 253 4730 vincula
273 4657 520 4748 Cardinalem,
554 4663 599 4732 ad
628 4665 882 4758 quadraturam
916 4666 1041 4738 circuli
1090 4671 1239 4742 aemulis
1258 4669 1333 4741 suis
1353 4671 1397 4740 ad
1422 4669 1459 4739 id
1475 4669 1741 4742 lacessentibus.
1791 4667 2004 4745 Recentiora
2025 4675 2089 4744 de-

56 4763 280 4849 quaerendam
313 4762 533 4853 instigastis?
581 4763 767 4855 Quantum
797 4765 957 4861 Baptista
995 4771 1039 4840 de
1089 4796 1189 4843 mum
1205 4771 1412 4863 colligemus
1427 4771 1651 4858 testimonia,
1677 4773 1707 4842 si
1721 4769 1879 4845 Domino
1904 4771 2091 4848 Tcocella-

56 4857 223 4950 Albertis,
252 4861 385 4936 Paulus
405 4863 655 4954 Placentinus,
690 4865 842 4940 loannes
863 4873 908 4942 de
929 4869 1040 4942 Blan-
1089 4897 1157 4960 no,
1193 4871 1350 4945 Domino
1382 4872 1611 4959 Varadiensi,
1647 4873 1815 4972 Domino,
1833 4875 2090 4965 Modrusiensi,

57 4953 180 5049 thinis,
204 4965 337 5060 aliique
352 4968 458 5038 multi
473 4963 543 5038 viri
558 4969 746 5042 clarissimi
760 4973 864 5043 decus
883 4987 1039 5044 vestrum
1089 4975 1246 5048 Domino
1264 4974 1394 5048 lacobo
1410 4977 1454 5046 de
1465 4973 1621 5060 Rubeis,
1646 4999 1687 5046 ac
1703 4977 1783 5047 aliis
1803 4978 1925 5049 multis
1943 4977 2089 5052 Praela-

57 5051 403 5150 hodierevereantur,
429 5069 546 5162 palam
557 5073 725 5142 omnibus
740 5073 943 5160 recitarem,
968 5076 1039 5146 nisi
1090 5077 1135 5150 tis
1159 5077 1375 5168 dignissimis
1398 5079 1486 5148 fides
1508 5071 1710 5153 habebitur.
1776 5077 1884 5150 Fama
1908 5095 2088 5172 postremo

58 5164 135 5234 ordo
150 5167 382 5241 dicendorum
399 5173 443 5240 ad
469 5173 592 5243 laudes
614 5169 867 5248 Astronomiae
881 5177 1040 5268 singula·
1089 5176 1287 5250 Clarissimi
1305 5177 1453 5258 Domini
1473 5177 1613 5251 Nicolai
1635 5181 1680 5250 de
1701 5179 1923 5268 Comitibus,
1949 5195 1983 5256 et
1997 5185 2090 5256 alio-

58 5262 133 5336 riter
151 5293 206 5340 me
230 5284 386 5344 vocaret:
422 5273 522 5346 cuius
557 5278 857 5369 quemadmodum
883 5279 1040 5370 generali
1089 5305 1171 5352 rum
1186 5282 1399 5354 secularium
1416 5282 1596 5367 virorum,
1620 5281 1829 5372 dignitatem
1846 5285 1957 5358 studii
1972 5287 2089 5358 nostri

57 5371 217 5442 vocabulo
239 5385 310 5445 tam
325 5387 489 5446 motuum
510 5377 806 5470 speculationem,
832 5405 939 5476 quam
954 5383 1040 5452 effe-
1089 5385 1321 5476 comprobare
1348 5385 1475 5456 solent.
1531 5381 1638 5474 Quod
1668 5381 1700 5453 si
1729 5385 1775 5455 ad
1799 5386 1889 5458 utile
1910 5399 2089 5460 astrorum
2112 5399 2126 5409 ·’

60 5477 162 5542 ctuum
186 5475 447 5568 providentiam
468 5479 664 5574 exprimere
683 5481 800 5556 solent
814 5479 1040 5580 Philosophi,
1089 5486 1258 5582 peritiam
1282 5487 1549 5559 accommodare
1568 5485 1678 5573 velis,
1707 5479 1803 5558 nibil
1826 5511 1978 5584 usquam
2003 5513 2092 5563 con-
2216 5517 2220 5524 ·
