4614 5820
210 268 287 346 aa
757 219 762 226 ’
912 256 1075 343 nuci.
1115 261 1189 342 nu
1220 258 1548 344 aaraosto.
2177 270 2284 348 aa·

197 437 229 532 '‚
310 443 456 524 ¹Rursus
474 456 522 514 est
539 440 578 514 io
595 443 694 514 luctu
711 434 940 527 Ambrosius,
965 441 1118 514 extincto
1133 437 1206 510 lm·
1258 438 1514 532 rum·impetus
1535 452 1682 533 propter
1706 433 1803 512 bunc
1825 441 1953 518 virum.
2004 437 2051 515 flt
2066 444 2156 516 vidit
2179 445 2243 516 tata

218 567 396 648 peratore,
436 549 532 616 videt
555 569 677 616 rursus
707 546 910 634 impendere
937 546 1050 614 maius
1074 545 1206 614 bellum
1260 543 1441 612 cititatnm
1464 542 1709 633 disciplinam,
1742 545 1921 636 corrumpi
1947 570 2082 628 mores,
2110 549 2245 616 fractam

219 655 331 730 civile.
384 649 522 722 Rursus
554 648 688 732 rutilat,
724 647 823 715 etin
852 643 1034 715 Etruriam
1059 646 1207 715 secedit:
1261 665 1335 714 esse
1360 645 1512 714 militum
1538 645 1725 728 virtutem,
1757 648 1911 738 dariique
1937 647 2143 738 impendere
2168 651 2247 720 fata·

220 781 283 830 nec
306 770 421 824 tamen
447 750 623 840 frangitur
646 748 786 828 animo,
812 748 871 816 sed
889 743 1133 818 Theodosium
1150 771 1209 814 ac·
1262 747 1330 814 lem
1347 745 1596 829 mutationem,
1622 760 1661 814 ut
1682 769 1777 814 utrnc
1792 748 1954 817 divinare
1968 774 2175 840 possumus,
2196 775 2247 820 er·

222 859 342 942 cersit,
369 870 403 926 et
423 850 692 924 commonefacit
713 849 837 932 officii,
868 863 907 918 nt
929 851 1081 940 depellat
1105 845 1169 918 bas
1192 872 1211 915 a
1262 848 1382 918 tinctis
1397 846 1483 937 piis,
1507 869 1598 938 qnae
1612 847 1827 919 calamitates
1839 863 2022 922 secuturae
2039 852 2125 925 sint.

223 959 363 1051 Repub.
379 957 513 1039 furias,
531 976 621 1047 quae
638 965 672 1022 et
689 951 803 1042 ipsum
819 951 1019 1040 opprimere
1045 965 1080 1022 et
1095 951 1212 1020 delere
1367 947 1504 1018 Multae
1527 947 1673 1018 fuerunt
1695 961 1812 1018 sutem
1837 950 1876 1018 in
1900 945 2126 1034 Theodosio,
2159 967 2197 1023 ut
2216 954 2249 1022 in

103 1047 145 1142 ³,
222 1057 356 1134 Christi
379 1080 511 1126 nomen
537 1067 718 1124 conentur.
773 1050 918 1120 loterim
942 1067 976 1124 et
993 1053 1106 1122 Deum
1133 1073 1214 1142 prr·
1263 1049 1341 1118 viro
1359 1043 1522 1134 heroico,
1549 1071 1695 1139 magnae
1712 1051 1882 1136 virtutes,
1906 1052 2001 1122 inter
2015 1077 2116 1147 quas,
2139 1069 2179 1126 ut
2195 1057 2251 1124 de·
2293 1109 2294 1118 κ

226 1178 337 1246 catur,
354 1173 395 1232 ut
411 1153 652 1228 Theodosium
669 1154 823 1224 adiuvet.
859 1151 955 1224 Vicit
971 1148 1213 1244 igitanheo·
1266 1155 1335 1234 bet,
1361 1150 1540 1221 eminebat
1554 1151 1713 1231 bonitas,
1741 1153 2014 1228 seuclementia.
2050 1153 2123 1227 Sed
2142 1169 2251 1226 tamen

226 1265 346 1338 dusius
378 1258 512 1350 ingenti
541 1257 674 1348 praelio
704 1256 904 1338 seditiosos,
947 1277 1099 1348 qnorum
1127 1255 1215 1322 alter
1266 1254 1445 1322 interdum
1462 1246 1554 1322 hanc
1568 1253 1754 1324 antevertit
1772 1253 1841 1324 ira:
1869 1267 1904 1324 et
1918 1267 2067 1326 naturae
2086 1281 2252 1348 pugnaces
2293 1299 2294 1302 =

226 1367 444 1454 Arbogastus
478 1359 647 1430 inclinata
672 1357 764 1436 acie,
799 1359 835 1426 in
862 1357 943 1444 fuga
970 1357 1038 1426 sibi
1066 1369 1215 1424 mortem
1266 1366 1350 1424 sunt
1366 1354 1547 1422 interdum
1563 1355 1726 1427 acriores.
1759 1351 1848 1428 Erat
1864 1355 1972 1444 igitur
1991 1349 2180 1451 ὀξύχολος,
2199 1383 2252 1428 seu
2293 1411 2294 1426 ,

228 1465 410 1548 conscivit,
435 1463 531 1532 velut
546 1459 651 1542 Saul,
676 1460 765 1528 alter
783 1455 965 1548 Eugenius
983 1473 1115 1550 captus,
1142 1457 1216 1526 ius·
1267 1469 1307 1526 ut
1323 1453 1494 1523 Horatius
1509 1454 1647 1548 inquit,
1674 1451 1781 1526 lrasci
1797 1457 1928 1526 facilis:
1954 1458 2004 1530 sic
2022 1473 2061 1531 ut
2078 1461 2252 1548 placabilis

228 1592 289 1644 sus
307 1581 355 1639 est
373 1563 523 1635 interfici
540 1575 573 1632 et
589 1561 725 1650 legibus
740 1583 871 1651 poenas
887 1562 981 1629 dare.
1269 1570 1368 1628 esset.
1418 1553 1468 1626 Et
1490 1555 1678 1648 aliquoties
1703 1551 1759 1628 bis
1791 1558 1966 1628 incendiis
1993 1561 2124 1632 subitis
2153 1561 2253 1630 animi
2293 1589 2294 1624 t

331 1667 417 1739 Post
431 1661 523 1735 banc
539 1664 720 1734 victoriam
740 1663 836 1731 ltalia
851 1660 1042 1754 tranquilla
1057 1659 1134 1744 fnit,
1153 1659 1219 1727 do-
1269 1657 1438 1750 peccavit.
1490 1653 1582 1726 Cum
1598 1657 1638 1728 in
1654 1659 1743 1728 urbe
1761 1654 2013 1732 Thessalonica
2029 1665 2187 1756 quodam
2202 1687 2254 1732 su-
2293 1681 2294 1752 ζ

232 1765 535 1846 necTheodosius
554 1765 660 1850 vixit,
683 1764 744 1856 qui
770 1763 913 1856 quidem
934 1775 1052 1852 postea
1076 1761 1112 1828 in
1136 1783 1219 1852 pace
1271 1761 1345 1830 bito
1380 1781 1574 1850 paucorum
1606 1761 1780 1844 tumultu,
1816 1761 1990 1832 interfecti
2017 1779 2136 1836 essent
2162 1764 2254 1857 pauci

232 1873 344 1950 multa
361 1869 496 1940 utiliter
511 1865 710 1950 constituit,
731 1879 768 1936 ut
786 1887 840 1932 res
856 1859 1076 1933 Christianae
1090 1863 1220 1930 conbr-
1271 1861 1420 1944 milites,
1456 1858 1649 1949 lmperator
1680 1861 1808 1946 iratus,
1834 1865 1998 1934 mandata
2027 1867 2147 1952 dedit,
2180 1891 2254 1958 pro·

234 1987 363 2057 maret,
389 1994 464 2040 non
486 1969 599 2038 solum
624 1967 740 2036 claudi
765 1965 893 2056 templa
918 1965 1037 2048 iussit,
1072 1979 1112 2034 ut
1133 1964 1219 2032 olim
1272 1964 1403 2032 misene
1426 1961 1692 2031 multitudinem
1715 1964 1934 2034 trucidandi:
1960 1979 1995 2037 et
2016 1967 2188 2038 dicuntur
2206 1967 2254 2036 in·
2293 1985 2294 1994 ’

234 2073 500 2156 Constantinus,
523 2070 583 2138 sed
599 2089 741 2158 prorsus
755 2067 930 2142 demoliri.
964 2065 1111 2136 Viderat
1125 2064 1220 2135 enirn
1272 2064 1414 2138 terfecta
1440 2074 1571 2154 septem
1600 2064 1713 2136 millia
1735 2059 1935 2140 hominum.
1986 2065 2096 2141 Fama
2120 2069 2255 2140 atrocis·
2293 2083 2294 2144 ζ

235 2181 302 2252 sub
317 2174 468 2252 loliano,
491 2171 573 2266 qnia
591 2169 718 2260 templa
734 2181 949 2254 manserant,
974 2167 1132 2237 restituta
1149 2189 1222 2235 esse
1272 2163 1668 2236 simifactinonsolum
1687 2161 1895 2250 Ambrosio,
1918 2170 2103 2240 sedetiam
2120 2169 2254 2240 caeteris

236 2277 376 2354 ethnica
413 2273 592 2348 sacrificia.
649 2269 771 2360 Quare
803 2271 878 2362 ipse
917 2270 1078 2340 funditus
1113 2267 1223 2338 deleri
1274 2263 1457 2357 Episcopis
1479 2268 1833 2354 magnumdolorem
1855 2269 1992 2355 attufit,
2028 2272 2093 2364 qui
2118 2271 2254 2366 synodo

234 2380 365 2474 templ,
382 2376 528 2448 curavit,
1274 2381 1462 2440 convocata
1480 2360 1669 2438 hortantur
1684 2367 1925 2456 Ambrosium,
1950 2395 1996 2440 ne
2012 2369 2255 2464 Imperatorem

336 2479 443 2552 Hunc
464 2476 579 2568 coepit
602 2474 694 2544 vitae
717 2485 752 2542 et
776 2475 937 2544 laborum
965 2471 1117 2542 fructum
1134 2467 1223 2540 Am·
1273 2471 1350 2540 sine
1367 2467 1582 2560 poenitentia
1601 2470 1646 2538 ad
1662 2471 1949 2540 communionem
1967 2473 2144 2546 admittat.
2187 2473 2254 2544 Pri·
2293 2509 2294 2552 3

237 2583 396 2666 brosius,
421 2581 517 2675 qnod
540 2577 629 2647 vidit
648 2577 789 2645 tandem
813 2576 999 2644 florentem
1023 2573 1134 2664 gloria
1158 2574 1223 2642 bo·
1275 2594 1372 2642 mum
1396 2569 1504 2658 igitur
1518 2565 1730 2640 Ambrosius
1747 2572 1920 2662 privatam
1938 2571 2140 2666 Epistulam
2159 2575 2256 2646 mittit
2293 2567 2294 2642 l

238 2709 343 2770 num,
373 2684 473 2776 pium
500 2693 534 2750 et
555 2679 746 2768 sapientem
764 2665 985 2767 Principem,
1022 2678 1117 2768 quod
1135 2674 1225 2744 vidit
1274 2675 1317 2742 ad
1334 2671 1586 2762 Imperatorem
1598 2688 1800 2744 reverenter
1814 2674 1999 2765 scriptam,
2023 2677 2062 2746 in
2077 2703 2150 2770 qua
2165 2677 2257 2746 dolo·
2293 2671 2294 2696 ¹

234 2789 362 2861 orbem
376 2799 548 2856 terrarum
565 2793 737 2871 pacatum,
758 2799 940 2871 oppressas
953 2771 1123 2860 haereses,
1139 2799 1224 2844 con·
1275 2799 1348 2844 rem
1364 2795 1468 2844 suum
1484 2773 1645 2864 exponit,
1668 2797 1819 2868 eumque
1841 2778 1887 2846 ad
1902 2777 2158 2868 poenitentiam
2180 2773 2255 2848 hor·
2293 2779 2294 2850 3

239 2889 373 2962 firmari
393 2880 627 2956 Christianos.
678 2879 786 2950 Nulla
811 2895 928 2949 tamen
953 2893 1003 2950 est
1025 2895 1096 2950 tam
1117 2877 1224 2946 foelix
1275 2889 1380 2950 tatur.
1431 2871 1501 2947 Sed
1515 2887 1678 2946 extenuat
1691 2897 1766 2946 rem
1782 2877 1940 2948 fortassis
1954 2879 2067 2949 aulica
2083 2882 2205 2963 turba,
2228 2889 2255 2946 et
2293 2921 2294 2962 i

241 2991 340 3074 aula,
371 2988 410 3056 in
434 3009 504 3079 qua
526 3007 600 3054 non
629 2981 789 3052 accidant
817 2981 972 3070 insignes
1000 2979 1224 3050 offensiones.
1276 2977 1471 3066 lmperator
1496 2999 1571 3046 non
1601 2977 1745 3066 praebet
1773 2979 2010 3068 poenitentiae
2038 2981 2256 3070 significatio·
2293 2967 2294 2984 ¹

241 3091 397 3164 Multum
409 3087 563 3158 rixarum
578 3081 843 3154 fuitAmbrosio
857 3083 961 3152 etiam
976 3105 1056 3152 cum
1070 3077 1224 3171 hocipso
1275 3102 1368 3152 nem.
1418 3071 1510 3146 Cum
1533 3077 1642 3166 igitur
1663 3076 1824 3150 rediisset
1845 3077 2113 3169 Mediolanum,
2148 3097 2182 3154 et
2201 3103 2256 3151 suo

238 3193 426 3282 Principe,
451 3186 612 3282 quamvis
630 3187 725 3255 bono
752 3183 965 3274 etsapiente.
1005 3181 1074 3253 Sed
1091 3183 1165 3272 ipse
1180 3182 1224 3249 ad
1277 3203 1375 3248 niore
1389 3178 1428 3246 in
1443 3179 1613 3270 templum
1631 3193 1801 3250 venturus
1816 3194 1916 3262 esset,
1942 3182 2117 3271 significat
2132 3181 2257 3255 etAni-
2293 3247 2294 3276 ἶ

240 3319 324 3366 eum
342 3289 479 3362 scribit:
513 3283 613 3360 Nihil
629 3309 701 3356 esse
717 3285 923 3377 popularius
938 3297 972 3354 et
986 3283 1172 3353 amabilius
1187 3283 1224 3350 in
1275 3281 1415 3350 brosius
1429 3301 1475 3348 ne
1489 3280 1626 3363 veniat,
1651 3281 1721 3350 nisi
1738 3304 1842 3352 suum
1855 3283 2017 3352 dolorem
2032 3299 2066 3356 et
2080 3285 2256 3377 poeniten·
2293 3315 2294 3318 ¹

233 3391 425 3486 Principe,
458 3413 565 3484 quam
599 3388 796 3458 libertatem
829 3387 999 3456 dicendae
1031 3385 1225 3454 sententiae
1276 3383 1360 3450 tiam
1395 3381 1556 3450 ostendat
1586 3396 1730 3471 propter
1763 3383 2031 3456 multitudinem
2067 3387 2256 3477 promiscue
2293 3393 2294 3426 f

240 3519 375 3569 amaret
401 3488 495 3563 nihil
513 3493 552 3562 in
575 3492 755 3560 sacerdote
771 3489 928 3581 turpius,
952 3510 1057 3580 quam
1075 3509 1227 3555 nonau-
1276 3481 1505 3552 trucidatam:
1542 3496 1576 3554 et
1606 3482 1813 3572 praeseribit
1842 3497 1990 3576 tempus.
2046 3485 2127 3558 Etsi
2150 3499 2255 3556 autem
2293 3537 2294 3544 κ

241 3601 328 3672 dere
351 3595 447 3693 quod
465 3593 592 3665 sentiat
612 3591 739 3664 dicere
790 3588 843 3660 Ac
864 3591 1009 3678 longum
1028 3602 1116 3658 esset
1136 3587 1227 3656 reci·
1277 3580 1362 3653 haec
1378 3597 1499 3652 nostra
1513 3598 1625 3668 aetas,
1650 3584 1793 3654 inimica
1808 3585 2017 3676 disciplinae
2038 3585 2256 3680 reprehendit
2293 3615 2294 3640 ÷

237 3717 336 3784 tare,
362 3703 406 3770 de
427 3697 557 3790 quibus
570 3694 677 3763 rebus
692 3715 772 3762 cum
792 3690 1006 3782 lmperatore
1021 3690 1226 3780 expostulet.
1278 3684 1527 3764 Ambrosium,
1553 3699 1592 3756 ut
1612 3685 1738 3756 dicunt
1758 3687 1927 3758 nonnulli
1947 3713 2028 3760 tum
2051 3687 2256 3782 lmpfflffl‘

335 3799 456 3872 Mores
472 3797 575 3867 etiam
593 3795 730 3865 Ducum
745 3791 883 3863 Rnffrni
897 3805 931 3860 et
945 3789 1141 3862 Stillieonis
1154 3813 1227 3858 non
1277 3787 1384 3854 fuisse
1400 3785 1540 3855 civilius
1561 3788 1753 3874 agendum,
1778 3788 1984 3860 fuissemox
2005 3792 2254 3862 admittendum
2293 3803 2294 3818 ¹

243 3901 426 3998 probavit,
449 3921 511 3990 per
530 3919 618 3991 quos
633 3895 725 3964 vidit
746 3894 824 3962 acui
842 3891 1067 3983 Imperatoris
1084 3891 1222 3960 iracnn-
1278 3889 1323 3956 ad
1346 3887 1518 3980 synaxin,
1540 3911 1620 3956 cum
1639 3903 1841 3976 agnosceret
1864 3905 2032 3967 erratum.
2083 3891 2215 3964 Tamen
2229 3887 2254 3958 si

244 4007 353 4078 diam.
404 3999 451 4072 Et
470 3997 657 4072 Rufbnum
686 3996 793 4065 fuisse
822 4017 946 4086 parum
975 3993 1086 4063 fidum
1115 3993 1229 4061 exitus
1276 3983 1592 4078 legasllpistolam,
1615 3987 1737 4080 inqua
1755 3992 2052 4079 primumarcana
2069 3991 2253 4066 admonitio

244 4105 408 4178 ostendit.
457 4093 817 4172 Destilliconenilril
834 4097 1001 4178 adfirmo,
1026 4090 1229 4165 cuiusscri-
1278 4089 1490 4180 praescripta
1503 4101 1567 4172 est,
1586 4089 1723 4160 videbis
1736 4089 1966 4162 Ambrosium
1981 4088 2074 4164 nibil
2087 4094 2254 4170 iracunde,

243 4212 325 4280 bam
340 4219 484 4300 propter
496 4202 575 4272 falsi
592 4201 744 4284 crimen,
768 4197 979 4269 Ambrosius
993 4219 1116 4286 magna
1132 4219 1229 4264 seve.
1278 4205 1339 4262 aut
1358 4192 1592 4260 irreverenter
1614 4191 1732 4280 egisse.
1791 4190 1959 4265 Testatur
1979 4217 2018 4264 se
2039 4211 2076 4268 et
2098 4197 2184 4266 alios
2206 4194 2254 4262 in-
2293 4213 2294 4226 ¹

243 4311 347 4381 ritate
367 4303 699 4378 excommunicavit:
732 4323 772 4370 ac
790 4324 835 4369 ne
859 4299 986 4390 putetis
1008 4293 1076 4367 hoc
1093 4298 1229 4368 fulmen
1278 4293 1373 4382 genti
1392 4292 1514 4362 dolore
1529 4291 1649 4377 adlici,
1675 4305 1820 4382 propter
1835 4289 1927 4366 hanc
1942 4311 2065 4367 notam
2080 4298 2169 4368 tanti
2184 4293 2253 4364 viri.

244 4413 283 4481 in
300 4433 381 4480 vera
397 4405 552 4479 Ecclesia
576 4405 683 4473 inane
703 4401 1027 4472 terriculamentum
1052 4423 1141 4478 esse,
1167 4399 1226 4467 sed
1278 4389 1370 4464 Orat
1389 4395 1606 4478 verecunde,
1631 4406 1671 4464 ut
1687 4393 1855 4465 delictum
1874 4411 2060 4486 agnoscat,
2082 4412 2123 4468 ut
2140 4397 2253 4470 eximat

244 4537 284 4586 re
299 4508 564 4604 ipsa‘erociatus
579 4521 612 4576 et
626 4502 803 4596 Erinnyes
817 4502 916 4594 sequi
933 4501 1062 4584 sciatis,
1081 4515 1121 4569 ut
1135 4498 1228 4568 Pau·
1279 4492 1485 4566 hominibus
1500 4494 1725 4585 opinionem,
1752 4496 1815 4589 qui
1834 4497 1904 4566 iarn
1920 4521 1995 4568 non
2017 4500 2089 4585 sui,
2116 4501 2175 4570 sed
2189 4518 2253 4566 ma·

245 4615 377 4698 lussit,
403 4611 615 4682 tradendum
629 4629 701 4675 esse
717 4607 890 4673 incestum
905 4603 1070 4683 Satanae,
1098 4616 1138 4670 ut
1150 4625 1227 4669 cor·
1278 4597 1394 4667 lorum
1412 4595 1619 4687 Principum
1635 4597 1784 4666 similem
1802 4598 1877 4667 fore
1892 4601 2123 4677 arbitrentur.

200 4785 203 4791 Ι
241 4741 308 4810 pu,
325 4714 559 4796 excrucietur,
585 4723 619 4778 et
634 4707 778 4798 spiritus
792 4705 910 4774 salvus
924 4704 999 4772 frat:
1026 4704 1120 4772 idem
1137 4702 1229 4770 acci·
1378 4696 1475 4766 Haec
1488 4693 1648 4788 Epistola
1664 4723 1743 4768 cum
1761 4695 1854 4768 nihil
1877 4702 2098 4791 profecisset,
2125 4698 2250 4792 gravio·

243 4819 296 4890 dit
312 4812 395 4888 huic
408 4814 562 4896 scribae,
587 4809 703 4878 statim
724 4821 803 4898 post
816 4805 997 4876 Ambrosii
1014 4828 1147 4887 vocem,
1172 4803 1229 4872 fu·
1278 4823 1352 4868 rem
1373 4793 1498 4870 habuit
1518 4823 1656 4868 causam
1676 4800 1907 4887 Ambrosius,
1934 4817 1974 4874 ut
1990 4805 2132 4894 publice
2149 4801 2251 4872 derla-

244 4943 322 4990 rere
344 4916 435 5008 cepit
461 4914 649 5001 exagitatus
671 4933 690 4978 a
715 4908 876 4992 diabolo,
913 4909 972 4976 sed
993 4921 1070 4998 post
1094 4905 1230 4997 aliquot
1279 4913 1373 4970 raret
1389 4923 1492 4970 suum
1509 4901 1697 4970 iudicium:
1715 4899 1866 4973 Facinus
1880 4927 1955 4972 non
1971 4918 2045 4976 erat
2060 4900 2248 4976 excusabile.

245 5022 319 5091 dies
345 5039 467 5088 rursus
490 5038 571 5084 eum
590 5011 755 5080 liberavit
771 5008 1000 5092 Ambrosius,
1036 5023 1070 5078 et
1084 5009 1126 5076 ad
1145 5029 1229 5096 poe·
1279 5000 1399 5090 Quare
1441 5025 1521 5070 cum
1562 5002 1698 5070 nullam
1731 5005 1941 5076 ostendisset
1975 5007 2248 5096 significationem

244 5123 429 5200 „atentiam
462 5113 650 5186 revocavit.
709 5110 975 5202 Qualiscunque
1009 5123 1127 5178 autern
1161 5107 1229 5178 fuit
1278 5103 1527 5194 poenitentiae,
1549 5102 1617 5171 fuit
1633 5098 1699 5172 hac
1714 5107 1885 5174 utendum
1900 5109 2095 5182 severitate.
2122 5104 2249 5178 Utinam

243 5223 401 5302 Stillico,
427 5233 544 5290 tamen
562 5218 606 5286 de
619 5209 810 5284 Ambrosio
832 5235 913 5280 vere
937 5223 989 5280 est
1007 5211 1229 5292 vaticinatus,
1278 5227 1375 5274 nunc
1396 5204 1459 5295 qui
1484 5217 1651 5294 praesunt
1668 5200 1852 5291 Ecclesiis,
1877 5220 2068 5302 utrumque
2086 5200 2248 5278 Ambrosii

244 5348 285 5397 eo
306 5321 384 5392 viro
408 5320 580 5402 extincto,
615 5313 752 5386 ltaliam
782 5315 938 5383 futuram
971 5333 1044 5380 esse
1071 5307 1231 5380 miserri-
1279 5305 1428 5396 exempli
1444 5306 1679 5380 imitarentur.
1713 5305 1874 5378 Primum
1891 5307 2120 5399 diligentiam,
2134 5321 2166 5378 et
2178 5327 2248 5376 cao·

241 5445 353 5500 mama
377 5419 546 5493 iudicavit
566 5418 695 5510 opinor
708 5413 824 5486 Deum
845 5411 1038 5505 reprimere
1058 5412 1230 5483 barbaro.
1280 5409 1402 5476 dorem
1419 5407 1609 5497 inprivata
1625 5409 1881 5496 admonitione,
1904 5411 2034 5482 deinde
2047 5411 2247 5484 severitatem
