4688 5826
276 285 350 398 aar
744 277 904 388 dccc
955 283 1029 386 bn
1061 279 1401 386 rn'rnna'rco
1431 289 1846 396 cinnanosss.
2231 320 2299 398 sca

278 478 455 568 studiosos
483 487 632 582 optarim
660 485 698 556 iu
723 481 945 556 Germanicis
965 481 1267 582 rebus-ornandis
1316 473 1475 568 maniae,
1506 485 1606 555 daret
1629 485 1803 576 auspiciis.
1820 473 2051 581 suilimperii,
2100 485 2203 564 Etut
2221 487 2301 565 hanc

280 599 479 678 elaborare,
504 591 586 684 quia
608 590 712 657 video
732 583 914 676 Principes
937 599 1075 654 nostros
1099 585 1268 654 laudatis-
1317 585 1488 655 iacturam
1522 585 1661 656 facilius
1687 587 1813 674 secret,
1849 589 1947 662 auxit
1972 586 2110 661 honore
2138 593 2300 664 familiam

280 698 379 770 simis
409 693 569 784 Regibus
596 705 700 783 atque
728 685 1021 777 imperatoribus,
1055 683 1201 756 Graecis
1232 697 1269 754 et
1317 683 1551 758 Aristriacam.
1600 683 1691 758 Cum
1708 686 1922 760 animantes
1940 682 2302 782 Marchionesesseut,

280 786 465 876 Romanis}
488 793 587 862 omni
603 791 774 862 virtutum
791 812 917 876 genere
935 812 1033 878 pares
1049 810 1132 860 esse.
1166 785 1267 876 Qua·
1316 799 1402 858 turre
1420 789 1465 858 ab
1483 785 1697 882 imperatore
1713 790 1832 860 ducali
1856 792 1962 864 titulo
1978 793 2097 864 ornati
2112 809 2207 870 stant.
2258 796 2300 868 ita

282 925 321 971 rc
348 897 485 968 institui
517 895 713 964 orationem
745 892 788 959 dc
819 890 1005 960 Friderico
1031 889 1267 972 Aenobarbo,
1319 901 1353 958 et
1374 885 1513 958 Bavaro
1534 889 1709 982 aequitate
1738 889 1964 982 imperatoris
1995 895 2199 986 amplificati
2230 913 2301 969 scint

282 1001 383 1072 cuius
413 998 477 1068 etsi
510 1021 564 1064 res
594 1010 705 1083 gestas
735 1014 1010 1060 commemorare
1043 1013 1166 1060 onrnes
1194 1013 1269 1058 non
1319 989 1406 1058 lines
1419 1005 1453 1060 ct
1466 1013 1569 1061 causa
1586 991 1740 1080 ingentis
1759 993 1845 1062 beili
1858 996 1996 1066 sublata
2015 1011 2078 1067 est.
2129 995 2300 1087 Quantum

284 1125 444 1195 possum,
467 1113 583 1168 tamen
597 1097 768 1188 quaedam
785 1091 964 1180 eligemus,
990 1092 1177 1184 exquibus
1195 1091 1270 1159 eins
1319 1107 1437 1162 autem
1453 1091 1567 1161 laudis
1582 1085 1669 1162 haec
1683 1095 1881 1165 moderatio
1902 1095 1940 1164 in
1953 1095 2122 1188 Principe
2140 1113 2301 1170 mereatur

284 1201 491 1292 magnitudo
507 1199 618 1266 animi
633 1210 738 1288 atque
752 1193 911 1274 consilii,
936 1195 1038 1276 lides,
1061 1191 1270 1275 constantia,
1321 1217 1393 1262 non
1419 1205 1469 1262 est
1484 1195 1686 1268 obscurum.
1736 1191 1844 1266 Nulla
1862 1197 1959 1267 enim
1973 1198 2087 1268 virtus
2109 1199 2239 1288 gratior
2257 1215 2301 1272 ert

284 1307 395 1397 pietas
421 1299 612 1370 existimari
639 1309 824 1389 poterunt,
849 1309 889 1364 nt
911 1293 1116 1384 intelligatis
1133 1293 1270 1362 nullam
1321 1295 1360 1363 in
1378 1291 1604 1384 Principibus
1619 1309 1652 1366 et
1667 1292 1823 1388 Reipub.
1840 1298 1951 1388 magis
1972 1300 2186 1386 necessaria,
2206 1325 2300 1394 quaro

285 1406 502 1477 eiairtotem
524 1400 667 1490 dignam
691 1397 768 1466 viro
790 1411 971 1483 magno-et
989 1397 1084 1464 bono
1103 1393 1269 1484 Principe
1321 1395 1467 1486 privatis
1487 1394 1669 1466 affectibus
1690 1409 1724 1467 et
1746 1399 1944 1469 commodis
1968 1399 2145 1489 publicam
2165 1403 2300 1472 caturam

274 1505 446 1590 defuisse.
497 1499 583 1574 Peto
610 1515 726 1570 autem
760 1523 785 1568 a.
806 1495 908 1568 vobis
937 1507 983 1568 ‘ut
1005 1520 1119 1590 aequo
1151 1496 1270 1568 animo
1320 1519 1404 1566 suae
1422 1495 1558 1588 patriae
1580 1499 1766 1568 anteferre..
1817 1498 1926 1570 Nulla
1943 1513 1994 1571 est
2010 1500 2159 1572 victoria
2181 1503 2300 1592 glorio-

284 1606 377 1680 hanc
391 1629 505 1676 meam
521 1601 808 1672 declamationem
826 1597 989 1682 audiatis,
1015 1623 1084 1691 qua
1100 1598 1193 1666 inre
1210 1620 1272 1665 vos
1322 1597 1412 1682 sior,
1445 1621 1550 1689 quam
1575 1593 1740 1669 cohibere
1761 1600 1923 1671 animum
1946 1615 1980 1671 et
2002 1603 2046 1670 dc
2069 1606 2214 1695 proprio
2235 1603 2300 1674 inre

286 1731 429 1804 quoque
449 1704 588 1800 pietatis
611 1704 753 1776 laudem
777 1699 963 1782 auferetis,
995 1697 1025 1767 si
1052 1723 1173 1768 eorum
1195 1710 1270 1768 stu·
1322 1697 1455 1790 aliquid
1480 1711 1623 1788 propter
1638 1725 1862 1770 communem
1881 1703 2174 1795 tranquillitatem
2192 1707 2300 1775 remit-

286 1811 398 1892 dium,
421 1808 484 1901 qui
496 1819 642 1874 sumunt
658 1817 801 1896 operam
818 1801 854 1868 in
873 1799 985 1894 patria
1000 1802 1172 1884 ornanda,
1188 1821 1272 1890 pro-
1324 1813 1407 1870 tere.
1460 1801 1577 1887 Quam
1595 1802 1725 1871 multas
1743 1803 1892 1890 legimus
1910 1804 2068 1874 civitates
2085 1829 2221 1876 eversas
2238 1829 2299 1875 ωε

286 1914 373 1982 bare
398 1933 460 1978 vos
484 1905 737 1995 significabitis.
782 1897 874 1971 ‘Etsi
902 1917 1019 1970 arrtcm
1047 1901 1139 1970 solet
1167 1900 1272 1969 initio
1324 1897 1528 1992 Principum
1546 1902 1741 1972 ambitione
1757 1917 1790 1971 et
1806 1905 2010 1994 pertinacia,
2033 1905 2300 1998 qnirnaluerunt

287 2011 410 2086 multis
435 2007 605 2080 encomiis
629 2009 674 2076 de
697 2003 835 2096 generis
860 2003 1045 2076 nobilitate
1064 2001 1155 2086 dici,
1188 2001 1272 2094 quia
1324 2001 1443 2070 omnia
1469 2001 1584 2090 potins
1600 2003 1744 2072 miscere
1759 2027 1799 2072 ac
1819 2003 1858 2071 in
1873 2027 1991 2076 casum
2007 2007 2108 2088 dare,
2136 2031 2239 2100 quam
2253 2007 2299 2075 al.

286 2113 422 2186 semina
444 2109 585 2180 virtutis
617 2105 844 2198 propaganis
871 2104 975 2174 bouis
1005 2102 1211 2196 parentibus
1234 2101 1273 2172 in
1323 2104 1400 2172 deri
1415 2105 1469 2170 vel
1485 2103 1665 2174 tantillum
1682 2103 1760 2175 aliis
1776 2105 1911 2177 civibus
1927 2106 2080 2182 cessisse.
2129 2104 2225 2178 Haec
2238 2131 2298 2178 una

287 2228 446 2308 posterus
464 2209 727 2306 esistimantor,
752 2221 869 2278 tamen
884 2229 949 2294 ego
964 2201 1022 2274 bic
1041 2205 1184 2275 brevior
1201 2215 1274 2282 e'ro,
1324 2201 1391 2274 luit
1406 2227 1508 2272 causa
1525 2203 1683 2274 civilium
1699 2205 1916 2278 tumultuum
1930 2195 2067 2280 Romae
2086 2205 2205 2294 Marii,
2229 2209 2298 2304 Syi-

287 2318 372 2411 quia
393 2337 468 2383 non
489 2327 601 2402 potest
625 2333 697 2380 esse
724 2309 871 2378 obscura
901 2307 1069 2378 nobilitas
1093 2306 1169 2374 eius
1197 2304 1275 2388 siri,
1324 2303 1398 2384 lae,
1424 2303 1582 2396 Pompei.
1633 2305 1705 2376 Sed
1729 2302 1819 2375 nibil
1836 2329 1926 2398 opus
1950 2321 2001 2378 est
2017 2323 2134 2381 vetera
2150 2311 2298 2382 recitare:

288 2417 351 2511 qui
379 2417 418 2486 in
444 2413 578 2482 iarnilia
601 2408 830 2499 imperatoria
861 2422 1054 2478 natusest:
1088 2403 1276 2476 Conrados
1326 2419 1396 2476 tota
1430 2405 1502 2474 vita
1536 2407 1776 2500 exemplorum
1811 2401 1918 2480 huius
1943 2411 2080 2502 generis
2112 2411 2217 2502 plena
2247 2425 2298 2481 est.

288 2518 382 2590 euim
406 2529 553 2606 polmus
565 2511 595 2582 F
596 2513 736 2584 tideriti
756 2507 826 2580 suit
845 2508 1053 2600 imperator.
1104 2507 1170 2584 itta
1191 2531 1273 2576 vero
1329 2507 1407 2575 iure
1424 2503 1532 2594 igitur
1546 2505 1718 2576 Friderici
1732 2509 1922 2579 consilium
1940 2512 2158 2582 laudandum
2173 2527 2231 2597 est,
2247 2511 2298 2604 qui

288 2619 402 2689 maim
423 2619 500 2686 laus
521 2627 589 2697 est,
614 2616 711 2705 quod
737 2635 811 2680 non
826 2610 941 2678 solum
960 2633 1033 2680 non
1050 2607 1275 2698 degeneravit
1325 2631 1404 2676 cum
1428 2607 1501 2698 ipse
1518 2608 1761 2678 moderatione
1780 2635 1917 2680 summa
1938 2635 2022 2682 usus
2038 2627 2108 2698 est,
2135 2625 2209 2684 tum
2228 2637 2297 2681 vero

268 2715 526 2799 „maioribus
544 2717 606 2782 sed
621 2716 727 2788 etiam
742 2712 885 2800 ingenio
900 2725 934 2782 et
950 2709 1079 2781 virtute
1095 2733 1156 2778 eos
1169 2710 1274 2798 louge
1325 2723 1473 2797 cognato
1505 2707 1663 2802 Principi
1698 2725 1803 2781 arctor
1834 2711 1920 2798 luit,
1955 2725 1995 2783 ut
2027 2714 2122 2804 pacis
2150 2715 2298 2808 publicae

285 2821 477 2913 superavit.
526 2813 749 2886 Estetiilud
765 2812 937 2884 indicium
954 2814 1152 2902 praeclarae
1167 2825 1201 2880 et
1214 2835 1275 2900 ge·
1324 2834 1427 2879 cansa
1451 2805 1619 2878 nonnihil
1643 2813 1687 2880 de
1716 2811 1795 2882 iure
1821 2799 1889 2883 suo*
1915 2817 2133 2888 concederet.
2191 2813 2326 2904 Eriteri¹

287 2945 432 2994 nerosae
446 2917 592 3000 indolis,
617 2919 712 3009 qnod
729 2937 811 2987 cum
824 2909 1013 3003 imperium
1029 2913 1133 2982 multi
1150 2927 1275 3004 poten·
1327 2907 1489 2979 homines
1505 2933 1545 2980 ac
1562 2909 1714 2981 nimium
1731 2909 1905 3008 φίλαυτοι
1922 2928 2061 2986 nostros
2081 2915 2297 3008 imperatores

265 3023 416 3096 tissimi
431 3020 614 3106 Principes
630 3015 827 3099 ambirent,
855 3030 970 3086 umen
985 3009 1274 3084 Electoresbnnc
1325 3011 1504 3103 appeliant
1524 3012 1695 3082 barbaros
1720 3030 1753 3085 et
1776 3015 1911 3105 impeto
1938 3019 2047 3106 magis
2071 3019 2183 3087 animi
2206 3039 2296 3110 quam
2324 3007 2325 3027 ¹

268 3127 452 3197 ,iuvenem
467 3120 634 3193 omuibus
649 3117 902 3208 praetulerunt,
927 3115 1023 3207 quod
1040 3138 1113 3183 non
1126 3113 1273 3185 accidis·
1325 3113 1460 3182 ratione
1473 3113 1615 3204 gessisse
1629 3115 1749 3184 omnia
1766 3116 1933 3187 iudicant.
1986 3116 2056 3188 Sed
2072 3141 2154 3188 cum
2170 3121 2234 3188 alia
2250 3119 2297 3185 in·
2323 3127 2324 3141 ¹

281 3239 361 3309 Μ,
386 3223 455 3305 niel
475 3220 642 3292 ‘imiimi
663 3221 701 3290 iu
718 3243 766 3288 0⁰
793 3215 983 3306 &figularis
1005 3217 1158 3298 indoles,
1184 3238 1275 3308 quae
1326 3213 1423 3284 linita
1438 3227 1641 3283 nostrornm
1654 3213 1860 3308 Principum
1874 3218 2051 3307 sapienter
2063 3223 2296 3311 moderateque

286 3343 384 3417 spem
401 3325 548 3396 faciebat
568 3322 730 3390 futorum
751 3343 870 3410 parem
894 3316 1055 3389 maximis
1079 3319 1185 3386 rebus
1208 3340 1275 3404 gu·
1324 3315 1430 3398 iacta,
1455 3327 1628 3385 testantur
1643 3314 1693 3386 eis
1710 3317 1841 3387 iniuste
1864 3319 2062 3389 barbariem
2078 3321 2207 3405 obiici,
2231 3334 2295 3389 tum

287 3425 485 3504 bernensis
496 3438 540 3496 ‘et
561 3425 736 3509 gerendis.
787 3419 910 3511 Neque
934 3443 1016 3488 vero
1036 3418 1159 3488 fefellit
1184 3413 1274 3486 banc
1324 3439 1409 3485 vero
1425 3411 1510 3486 haec
1527 3413 1699 3487 Friderici
1715 3419 1908 3510 pacificatio
1926 3421 2080 3491 declarat
2096 3422 2130 3490 ei
2144 3447 2207 3491 nec
2223 3443 2295 3512 pm-
2320 3473 2321 3480 ,

286 3525 626 3621 spernEiectnrum,
651 3521 887 3598 statimeniru
912 3519 1016 3592 initio
1033 3517 1175 3607 imperii
1197 3541 1275 3586 mo-
1324 3517 1479 3588 dentiam
1510 3518 1549 3586 in
1573 3519 1803 3589 conciliandis
1827 3519 2068 3592 voluntatibus
2089 3521 2294 3613 Principum,

286 3631 470 3703 delatione
491 3651 532 3696 ae
549 3625 678 3698 virtute
700 3623 861 3714 pertarit,
885 3646 930 3690 ne
946 3645 1145 3712 quenquam
1167 3615 1274 3698 buius
1326 3641 1389 3687 nec
1403 3617 1607 3708 gravitatem
1623 3621 1784 3704 defuisse,
1811 3621 1895 3690 dnm
1912 3621 2089 3712 publicam
2106 3619 2293 3716 tranquilli.
2318 3707 2319 3715 ἵ

259 3728 633 3819 iudiciipoeniteret.
672 3723 764 3796 Nam
780 3723 1058 3811 cumaccepisset
1073 3721 1274 3810 imperium,
1324 3730 1429 3788 tatem
1448 3719 1593 3808 privatis
1610 3721 1791 3790 affectibus
1811 3724 1985 3811 praetulit.
2037 3721 2134 3794 llaec
2156 3721 2294 3813 auspicia

285 3829 379 3902 uilril
397 3831 493 3922 prius
510 3823 653 3910 habuit,
678 3850 783 3917 qnam
799 3837 842 3894 ut
861 3823 958 3892 dorni
979 3845 1098 3912 pacem
1114 3823 1192 3888 sine
1205 3845 1274 3909 pn·
1324 3819 1463 3910 imperii
1488 3818 1598 3908 ipsius
1622 3833 1655 3890 et
1679 3821 1745 3910 ipsi
1769 3825 1991 3894 autoritatem
2006 3825 2293 3894 benevolentiam·

286 3936 382 4005 blico
403 3948 500 4004 motu
523 3943 558 4001 et
577 3929 729 3998 consilio
754 3926 870 4016 potius
889 3947 998 4015 quam
1016 3921 1124 3990 armis
1141 3921 1274 3991 consti-
1323 3943 1390 4011 qne
1405 3921 1657 4006 conciliarunt,
1679 3935 1712 3992 et
1733 3947 1829 4012 spem
1849 3925 2017 3995 orrnribos
2035 3925 2198 4016 gentibus
2223 3920 2293 3993 iusti
2316 3939 2317 3943 ’

287 4047 417 4106 tueret:
456 4030 711 4102 dissentiebant
739 4029 834 4098 enirn
860 4022 960 4096 iuter
988 4046 1024 4092 se
1052 4020 1209 4094 Bava'rus
1238 4035 1272 4092 et
1323 4033 1357 4090 et
1371 4021 1543 4091 moderati
1560 4021 1699 4112 imperii
1716 4025 1966 4114 praebuerunt,
1993 4037 2316 4122 quoneqneoptar

285 4133 509 4226 Austriacus‚
546 4130 796 4222 potentissimi,
820 4141 859 4196 ut
877 4149 972 4195 nuuc
989 4147 1149 4216 quoque,
1178 4121 1270 4194 Ger·
1323 4122 1429 4191 bilius
1445 4123 1639 4216 quidquam
1654 4125 1811 4194 accidere
1827 4127 2072 4220 prudentibus,
2098 4151 2209 4224 neque
2225 4125 2292 4218 pul·
2314 4113 2315 4173 ἕ

286 4239 424 4306 maniae
437 4235 630 4324 Principes.
682 4229 771 4301 Erat
791 4243 906 4297 autem
928 4225 1167 4296 conitentiode
1190 4224 1271 4292 lini-
1322 4219 1442 4292 chrior
1474 4247 1528 4292 res
1559 4235 1594 4292 et
1627 4226 1872 4295 admirabilior
1895 4217 2041 4298 existere
2073 4231 2146 4300 ulla
2181 4239 2314 4321 potestr

286 4339 365 4421 bus,
383 4351 416 4406 et
432 4339 563 4406 bellum
582 4335 897 4424 parabatnterqne.
925 4328 1032 4415 Quod
1050 4327 1167 4394 sinon
1183 4339 1272 4396 esset
1320 4323 1399 4393 Etsi
1421 4338 1538 4394 autem
1559 4326 1769 4417 aequitatem
1794 4328 1904 4396 animi
1929 4353 1972 4398 ne
1987 4343 2143 4401 armatus
2163 4329 2290 4422 quidem
2312 4347 2313 4403 i

284 4462 489 4530 oppressum
515 4435 698 4524 diligentia
722 4429 893 4502 Feiderici
918 4427 1163 4519 imperatoris,
1197 4427 1270 4495 exi·
1320 4426 1500 4516 deposuit,
1526 4439 1643 4496 tamen
1666 4428 1775 4518 inagis
1799 4429 1891 4500 lucet
1907 4430 1982 4500 eius
1999 4429 2111 4510 virtus
2126 4433 2164 4501 in
2180 4427 2312 4517 hiare-p

284 4541 367 4610 tiale
399 4539 521 4610 fuisset
554 4535 737 4606 universae
760 4531 985 4602 Germaniae.
1042 4524 1119 4598 Etsi
1150 4542 1268 4596 antem
1320 4529 1387 4599 bus
1402 4549 1488 4618 quas
1502 4526 1596 4596 bello
1611 4529 1734 4616 gessit,
1759 4553 1864 4622 quam
1879 4531 1918 4598 in
1932 4539 2022 4621 toga.
2064 4530 2223 4628 Cumque
2239 4551 2311 4631 vap

282 4639 484 4711 Fridericus
504 4641 646 4730 utrique
661 4647 829 4724 cognatus
850 4645 946 4714 erat,
969 4641 1087 4700 tamen
1104 4627 1270 4708 Austria-
1320 4627 1393 4695 riae
1409 4629 1480 4698 sint
1493 4627 1716 4716 ingeniorum
1735 4629 1773 4698 in
1791 4626 2066 4722 imperatoribus
2088 4635 2233 4726 species,
2257 4629 2289 4694 iu
2307 4659 2310 4750 p

281 4765 364 4812 cum
395 4739 560 4832 proprius
587 4737 790 4824 attingebat.
850 4729 973 4825 ltaque
1001 4725 1059 4799 bic
1089 4729 1268 4820 specimen
1318 4727 1397 4796 aliis
1421 4729 1599 4799 cunctatio
1622 4730 1806 4816 laudatur,
1836 4733 1875 4801 in
1899 4731 2122 4818 Alexandro,
2147 4736 2184 4804 in
2208 4729 2309 4802 lulio¹

280 4844 456 4934 egregium
472 4837 724 4910 moderationis
739 4852 843 4929 atque
857 4832 1041 4924 aequitatis
1058 4853 1141 4899 suae
1163 4853 1268 4922 prae·
1318 4829 1496 4908 celeritas,
1536 4825 1595 4899 bic
1624 4846 1745 4901 noster
1769 4829 1981 4922 imperator,
2015 4835 2206 4905 Alexandri
2232 4829 2288 4901 ali-

279 4945 369 5016 huic.
405 4939 485 5013 Non
502 4942 596 5011 enim
612 4933 708 5010 bunc
725 4935 889 5028 praetulit
904 4931 1052 5016 Bavaro,
1069 4955 1142 5002 non
1157 4933 1267 5022 magis
1317 4931 1616 5022 quantosimilior
1636 4931 1703 5002 luit
1720 4931 1913 5002 dimicandi
1936 4936 2107 5025 cupidus,
2129 4953 2287 5027 nosquam

280 5045 418 5136 cognati
434 5059 547 5136 partes
562 5041 710 5114 tuendas
724 5040 791 5108 sibi
812 5035 964 5128 putavit,
989 5057 1095 5127 quam
1113 5035 1150 5101 in
1169 5057 1267 5102 com·
1316 5035 1520 5102 detrectavit
1537 5055 1689 5124 pugnam
1708 5033 1813 5102 etiam
1829 5035 1915 5104 locis
1933 5037 2076 5128 iniquis,
2100 5037 2288 5107 obsidiones

278 5171 385 5218 mune
399 5147 477 5240 paci
493 5143 761 5215 consulendum.
796 5137 871 5207 l'mo
884 5161 962 5208 cum
978 5149 1123 5227 propter
1136 5155 1266 5223 cogna-
1317 5135 1375 5202 vix
1389 5157 1546 5228 unquam
1561 5135 1680 5218 solvit,
1706 5157 1820 5237 neque
1836 5149 1952 5206 tamen
1967 5139 2101 5208 otiosus
2117 5137 2240 5208 assedit
2256 5131 2286 5198 in

278 5250 410 5318 tionem
435 5249 515 5339 plus
544 5247 673 5313 valeret
699 5243 794 5332 apud
816 5237 1061 5321 Austriacum',
1094 5237 1266 5328 persuasit
1314 5235 1456 5319 castris,
1481 5238 1542 5304 sed
1566 5237 1736 5305 corstinuo
1764 5259 1974 5326 oppugnans
1998 5239 2123 5325 urbes,
2149 5211 2305 5319 instabat]

277 5347 330 5432 ei,
362 5363 402 5419 ut
428 5353 472 5416 de
496 5369 561 5417 suo
588 5345 665 5414 iure
696 5343 813 5434 potius
839 5341 1029 5409 concedere
1052 5361 1093 5408 ac
1115 5337 1264 5426 regredi,
1315 5330 1493 5416 hostibus,
1517 5347 1557 5405 ut
1580 5359 1660 5406 cum
1680 5334 1867 5407 intervalla
1889 5339 2201 5434 adquiescendum
2222 5325 2304 5433 noni

276 5473 380 5544 quam
397 5447 561 5540 progredi
575 5445 691 5528 vellet,
706 5447 805 5515 daret
819 5435 886 5512 hoc
898 5437 1062 5533 publicae
1077 5439 1152 5530 paci
1170 5437 1263 5509 Ger·
1314 5437 1397 5512 satis
1417 5441 1601 5510 commoda
1616 5433 1806 5521 baberent,
1833 5439 1982 5516 tolerare
1998 5441 2215 5514 obsidionem
2231 5435 2303 5547 diui

2300 5575 2302 5663 l

2299 5695 2301 5777 l
