4718 5828
282 203 356 314 119Ι
752 193 914 272 DECL.
962 192 1039 268 DE
1067 191 1410 270 UTILITATlll
1438 190 1821 272 rABULAttUMi
2218 206 2282 284 '120

280 378 397 452 artes?
446 374 646 448 Hesiodum
664 383 764 444 tauta
779 369 1087 463 fuisse'prudentia
1109 367 1267 462 apparat,
1316 373 1422 440 douc.
1443 367 1580 462 aliquis·
1604 383 1639 442 et
1666 371 1845 462 praedicet
1871 363 1939 442 'rel'
1957 370 2129 445 Mercurii
2153 379 2284 470 virgam,

285 497 325 554 ul
352 505 494 552 carmen
522 482 598 548 citit
627 475 790 546 (livinum
824 473 938 571 videti
971 473 1169 557 voluerint,
1203 474 1267 566 qui
1317 496 1387 565 qua
1406 471 1508 542 linxit
1531 475 1836 544 vetustasanimas
1852 499 1937 545 orco
1953 490 2111 547 evocatas
2129 503 2213 565 ease,
2237 489 2284 553 vel

283 598 470 656 senserunt
486 605 567 652 eum
583 579 728 648 ‘calamis
743 575 886 646 aMnsis
900 575 1052 667 acceptis
1063 589 1179 645 vatem
1194 597 1267 644 esse
1317 569 1459 666 Orphei
1474 569 1673 668 cytharam,
1699 599 1769 670 qua
1787 578 1903 672 sylvas
1921 591 1957 649 et
1977 599 2059 648 saxa
2079 583 2220 652 traxisse
2240 587 2256 652 f
2269 631 2284 642 -

284 688 426 758 factum.
477 683 611 754 lavero
631 705 711 753 cum
724 679 1027 772 persuasissimum
1042 677 1116 746 suis
1131 677 1268 747 civibus
1291 703 1295 729 ·
1318 690 1422 762 runt,
1455 671 1548 748 mihi
1569 678 1714 770 quidem
1738 701 1813 749 nou
1837 680 1957 750 miuus
1986 681 2191 754 admiranda
2222 709 2284 756 esse

286 808 361 860 esse
382 789 504 870 vellet,
535 779 630 854 nihil
658 783 817 867 foedius,
850 776 943 849 nihil
973 781 1164 850 immanius
1193 803 1267 849 esse
1317 779 1451 849 musica
1473 779 1632 865 videtur,
1671 805 1741 874 qua
1764 783 1960 854 concitatae
1981 784 2217 856 multitudiuis
2240 791 2285 858 vis

283 892 455 964 ‚violentia
475 913 539 959 scu
561 887 712 971 iniuria,
737 909 812 954 rem
833 885 944 975 ipsam
965 883 1063 952 velut
1085 883 1123 950 in
1144 883 1267 952 tabula
1318 883 1479 966 sedatur,
1511 895 1617 975 atque
1638 907 1676 952 ea
1701 907 1791 975 quae
1815 884 1943 955 bestias
1965 899 1999 954 ct
2022 907 2102 956 saxa
2124 890 2285 976 demulsit,

286 993 467 1086 depinxit,
492 989 688 1082 composito
705 991 750 1058 de
764 987 928 1077 accipitre
950 999 984 1054 et
1008 985 1159 1055 luscinia
1182 1007 1268 1076 apo·
1318 997 1352 1053 et
1367 979 1462 1054 haud
1479 983 1572 1068 scio,
1598 1007 1644 1054 an
1662 987 1725 1078 qui
1745 986 1807 1054 illa
1824 988 1869 1055 de
1885 988 2067 1059 Mercurio
2083 985 2285 1084 Orpheaque

286 1099 380 1187 logo.
433 1093 592 1166 Docebat
616 1087 675 1161 hic
697 1113 838 1184 quoque
860 1110 1017 1176 graecam
1038 1087 1269 1172 iuventutem,
1318 1085 1515 1172 linxerunt,
1538 1087 1735 1176 significare
1758 1089 1938 1160 voluerint
1960 1089 2128 1181 peculiari
2149 1096 2285 1186 quodam

288 1209 327 1270 et'
338 1222 413 1272 non
434 1210 518 1267 sunt
537 1193 790 1264 contemnendi
810 1191 1014 1282 scriptores,
1038 1189 1100 1282 qui
1118 1189 1268 1281 Aesopi·
1317 1189 1462 1258 dicendi
1478 1191 1721 1279 generenades
1735 1193 1903 1261 mortales
1916 1206 1951 1262 et
1966 1192 2059 1261 feros
2071 1189 2185 1264 adhuc
2198 1219 2285 1264 man-

286 1325 344 1373 cas
360 1301 499 1370 fabulas
515 1298 560 1368 ab
574 1297 651 1388 ipso
668 1294 833 1366 confictas
845 1293 1080 1384 prodiderunt
1318 1291 1492 1361 suefactos
1507 1313 1591 1365 esse.
1625 1289 1733 1380 Quod
1747 1294 1777 1360 si
1791 1317 1917 1364 verum
1933 1307 2002 1379 est,
2028 1310 2285 1366 consentaneum

375 1401 459 1473 Dixi
474 1425 545 1496 quo
563 1397 714 1470 consilio
729 1409 848 1488 putem
865 1407 1017 1486 repertas
1034 1417 1107 1464 esse
1121 1393 1270 1476 fabulas,
1319 1407 1371 1464 est
1394 1393 1432 1462 id
1455 1394 1605 1486 apologo
1631 1394 1793 1464 effectum
1820 1419 1912 1481 esse,
1953 1421 2025 1490 quo
2045 1399 2214 1467 orationis
2236 1421 2285 1486 ge-

284 1519 472 1600 potestque
496 1527 538 1572 ex
558 1496 628 1570 hoc
649 1500 749 1569 velut
778 1499 876 1568 fonte
901 1497 1056 1589 precium
1078 1519 1202 1564 earum
1236 1507 1269 1564 et
1321 1517 1405 1564 nere
1444 1495 1613 1566 facillime
1653 1497 1842 1588 capiuntur
1873 1498 2120 1590 imperitorum
2154 1515 2284 1570 mentes.

287 1608 421 1680 utilitas
438 1605 626 1676 aestimari.
660 1599 784 1694 Neque
798 1600 893 1668 euim
911 1613 981 1668 tam
998 1599 1187 1688 prudentes
1199 1595 1270 1664 viri
1307 1594 1423 1667 'Certe
1445 1597 1508 1690 qui
1524 1598 1670 1691 populis
1685 1599 1758 1667 suis
1780 1599 1893 1688 legem
1909 1602 2165 1687 condiderunt,
2190 1602 2286 1670 multa

287 1711 489 1781 fabularum
505 1699 710 1776 autoreshis
722 1702 825 1791 nugis
840 1699 1165 1792 unquamdelectati
1180 1698 1271 1768 fuis·
1320 1699 1479 1790 apologis
1517 1699 1700 1769 simillima
1733 1703 1881 1792 posteris
1914 1703 2147 1796 reliquerunt.
2202 1701 2285 1790 Quid

288 1825 385 1896 sent,
410 1808 478 1878 nisi
498 1810 544 1877 ad
566 1806 779 1877 erudiendas
802 1805 953 1894 pueriles
977 1813 1127 1885 mentes,
1151 1799 1270 1892 pluri·
1321 1800 1415 1869 euim
1438 1801 1499 1870 illa
1524 1799 1679 1895 Lycurgi
1702 1804 1833 1872 scena?
1872 1827 1993 1873 nonne
2025 1807 2211 1900 apologum
2240 1827 2286 1872 re-

288 1938 389 1984 mum
418 1913 616 1982 conducere
650 1907 850 1978 sensissent
914 1903 1035 1992 Quid,
1069 1907 1164 1995 quod
1196 1927 1270 1970 non
1321 1903 1585 1992 praesentabat,
1623 1929 1703 1972 cum
1734 1906 1893 1996 exemplo
1923 1911 2078 1977 duorum
2106 1907 2287 1978 catulorum

287 2017 397 2086 modo
419 2013 561 2105 pueris,
593 2013 654 2080 sed
678 2007 917 2079 celeberrimis
941 2006 1045 2075 etiam
1071 2005 1271 2076 civitatibus
1321 2006 1480 2090 doceret,
1513 2019 1676 2075 naturam
1706 2021 1740 2076 et
1764 2007 1958 2098 ingenitam
1985 2012 2059 2079 vim
2080 2009 2286 2080 institutione

287 2117 429 2188 fabulae
455 2115 626 2184 salutares
653 2113 811 2182 fuerunt.
870 2107 961 2180 Cum
986 2107 1086 2198 plebs
1109 2103 1272 2177 Romana
1321 2129 1365 2204 ac.
1384 2108 1602 2177 assuetudini
1625 2107 1747 2176 vinci?
1798 2109 1880 2178 Nou
1907 2111 1996 2180 libet
2018 2109 2078 2182 hic
2103 2113 2287 2202 peregrinas

288 2245 369 2290 cum
393 2218 553 2310 patribus
577 2215 779 2298 dissideret,
807 2232 1048 2302 accessumque
1078 2221 1130 2278 est
1153 2209 1193 2278 in
1215 2231 1271 2276 sa-
1321 2207 1430 2296 leges,
1455 2211 1639 2300 peregriua
1663 2210 1824 2282 instituta
1849 2235 2055 2299 recensere,
2076 2205 2156 2283 rum
2180 2215 2217 2280 in
2240 2235 2287 2278 sa·

286 2346 389 2393 mum
406 2333 576 2404 montem,
592 2341 657 2386 nec
673 2315 871 2386 sacrariore
886 2313 959 2382 ulla
977 2310 1137 2382 oratione
1153 2311 1272 2379 flecte-
1322 2310 1388 2378 cris
1407 2310 1518 2380 literis
1532 2324 1603 2380 tam
1620 2312 1772 2382 multum
1790 2327 1882 2383 extet
1895 2315 2145 2406 apologorum,
2169 2328 2206 2385 ut
2218 2313 2288 2382 satis

285 2439 407 2514 retur,
433 2422 560 2490 missus
577 2433 628 2490 est
644 2407 822 2506 Agrippa,
848 2415 911 2508 qui
926 2413 1129 2493 universam
1150 2412 1273 2481 multi·
1321 2427 1505 2502 appareat,
1522 2412 1639 2505 ipsum
1656 2413 1805 2484 coeleste
1821 2439 1955 2485 numen
1972 2418 2021 2488 ita
2036 2420 2206 2489 iudicasse
2222 2414 2288 2483 effi-

288 2525 451 2598 tudinem
472 2523 592 2613 lepido
623 2521 795 2612 apologo,
833 2519 1027 2586 daventre
1061 2527 1096 2583 et
1125 2511 1273 2606 reliquis
1321 2513 1540 2586 cecissimum
1571 2510 1641 2585 hoc
1670 2516 1844 2586 orationis
1875 2541 2004 2607 genus,
2035 2523 2082 2592 ad
2115 2519 2288 2589 flectendos

284 2625 444 2698 hominis
465 2623 635 2693 memhris
661 2622 710 2690 ita
732 2618 844 2708 cepit,
879 2631 919 2687 ut
942 2617 1059 2686 statim
1085 2616 1211 2686 liberet
1232 2615 1272 2684 iu
1320 2610 1508 2685 hominum
1528 2617 1666 2688 animos
1689 2643 1773 2691 esse.
1827 2618 1968 2708 Quaeso
1993 2637 2047 2705 te,
2080 2647 2169 2719 quae
2189 2631 2288 2713 potest

286 2730 438 2821 gratiam
457 2723 715 2816 compatribus
739 2721 865 2792 redire.
917 2711 1173 2788 Demosthenes
1193 2741 1273 2807 gra·
1321 2717 1397 2787 laus
1411 2716 1563 2810 amplior
1577 2721 1782 2810 contingere
1805 2723 1981 2814 apologis,
2007 2751 2114 2822 quam
2130 2725 2221 2820 quod
2241 2742 2288 2788 eos

288 2833 342 2901 vis
352 2827 504 2913 Orator,
530 2851 611 2898 cum
627 2822 778 2894 Macedo
795 2845 836 2892 ea
851 2821 1056 2892 conditione
1071 2843 1150 2890 cum
1158 2813 1272 2888 Athe·
1321 2821 1468 2890 coeleste
1482 2845 1616 2892 numen
1631 2821 1737 2892 etiam
1753 2827 1951 2916 approbat?
1978 2825 2208 2908 Iamdudum,
2222 2823 2288 2914 opi-

174 3006 183 3026 ,
233 3019 235 3025 Ι
286 2933 474 3004 aiensibus
496 2927 798 2998 foedus-facturus
821 2937 929 3007 esset,
959 2936 999 2993 ut
1019 2923 1074 2992 illi
1098 2918 1271 2992 Oratores
1322 2946 1404 3004 nor,
1438 2923 1631 3015 puerilium
1657 2951 1719 2994 vos
1749 2949 1924 3017 nugarum
1953 2933 2152 3021 pertaedet:
2184 2941 2215 2996 et
2236 2947 2288 3013 ego

286 3037 361 3107 sibi
384 3037 575 3115 dederent,
596 3028 659 3123 qui
679 3026 859 3120 perpetuis
882 3026 1114 3096 concionibus
1134 3025 1273 3094 animos
1320 3039 1433 3116 partes
1447 3049 1543 3094 meas
1558 3049 1632 3096 esse
1647 3029 1781 3108 sentio,
1808 3031 1997 3102 nediutius
2013 3059 2077 3105 vos
2094 3032 2288 3106 obtundam,

285 3133 420 3208 civium
449 3137 616 3204 adversus
647 3154 684 3200 se
713 3130 980 3212 exacerbarent,
1010 3126 1271 3220 iniquissimam
1321 3149 1523 3222 quanquam
1550 3123 1642 3199 mihi
1673 3131 1820 3222 quidem
1845 3135 1933 3202 adeo
1958 3135 2093 3207 arridet
2116 3151 2290 3224 argumen-

287 3238 530 3311 conditiouem
544 3232 698 3324 Reipub.
717 3231 844 3301 festivo
862 3231 1021 3324 quodam
1034 3229 1184 3320 apologo
1198 3229 1273 3297 dis·
1321 3242 1414 3314 tum,
1437 3242 1478 3299 ut
1491 3229 1590 3299 nulla
1603 3255 1764 3324 unquam
1777 3235 1938 3305 oratione
1955 3239 2110 3309 arbitrer
2131 3235 2210 3306 satis
2224 3234 2289 3300 lau-

286 3341 415 3424 suosit,
450 3359 653 3432 quanquam
680 3335 725 3403 ab
746 3358 787 3402 ea
808 3334 955 3402 nauita
989 3333 1151 3402 multum·
1172 3331 1272 3422 plebs
1322 3332 1526 3422 dariposse.
1574 3329 1682 3421 Quod
1698 3335 2160 3430 estenimdicendigenus,
2179 3336 2289 3425 inquo

287 3443 431 3514 diutino
454 3439 548 3510 bello
569 3449 691 3508 vexata
713 3431 957 3508 abhorreret.'
991 3431 1079 3503 Nam
1104 3457 1186 3502 cum
1207 3435 1273 3502 do·
1322 3431 1466 3524 perinde
1489 3457 1570 3504 cum
1594 3457 1731 3506 summa
1751 3437 1905 3509 utilitate
1929 3463 2067 3513 summa
2091 3438 2199 3532 gratia
2216 3455 2289 3503 con-

288 3570 367 3618 cere
383 3543 490 3614 vellat
512 3541 552 3610 in
567 3535 635 3610 hoc
650 3537 822 3630 postulari
839 3533 1029 3621 Oratores,
1052 3550 1093 3606 ut
1109 3536 1195 3604 urbs
1211 3537 1273 3606 de-
1320 3533 1439 3608 iuntta
1456 3537 1532 3607 est?
1569 3535 1662 3608 Vere
1675 3537 1845 3610 nimirum
1863 3540 1954 3613 dixit
1971 3539 2159 3616 Horatius:
2184 3531 2290 3607 Omne

127 3631 131 3640 ,
238 3657 243 3672 ⁴
287 3649 412 3720 stitnta
427 3641 625 3714 Oratorum
647 3641 842 3732 praesidio,
867 3641 982 3730 regiae
1005 3637 1187 3734 tyrannidi
1211 3663 1273 3730 pa-
1320 3639 1440 3709 tulisse
1468 3663 1548 3708 curn
1581 3653 1772 3731 puuctum,
1807 3641 1868 3734 qui
1902 3644 2046 3716 miscuit
2079 3644 2167 3718 utile
2197 3631 2290 3708 dulci.

288 3763 395 3833 teret,
421 3746 511 3815 mira
528 3745 607 3814 luce
623 3756 658 3813 et
676 3741 941 3840 perspicuitate,
965 3739 1172 3810 Macedouis
1188 3764 1273 3809 con-
1322 3737 1422 3828 Quae
1440 3738 1535 3811 enim
1549 3739 1681 3824 oratio,
1707 3765 1842 3829 mores,
1868 3745 2004 3832 studia,
2030 3744 2172 3839 ingenio
2184 3733 2290 3810 homi-

289 3851 410 3922 silium
431 3861 514 3918 aute
537 3846 660 3916 oculos
682 3843 925 3914 multitudinis
947 3842 1065 3932 posuit
1087 3839 1153 3912 hoc
1178 3865 1272 3912 com·
1321 3865 1408 3911 uum
1424 3841 1569 3934 propius
1584 3844 1753 3934 expressit
1770 3839 2067 3940 quamapologi?‘
2080 3852 2187 3941 idque
2205 3850 2288 3912 tanta

288 3967 426 4024 mento:
478 3949 582 4040 lupos
611 3947 793 4040 quondam
821 3970 901 4015 cum
932 3945 1133 4037 pastoribus
1157 3957 1273 4035 pactos
1321 3967 1401 4012 eum
1423 3945 1553 4034 gratia,
1577 3959 1617 4016 ut
1639 3947 1750 4015 nullis
1771 3947 1895 4038 epodis
1915 3948 2093 4024 incantari
2118 3947 2216 4020 citius
2234 3937 2291 4008 ho-

288 4080 384 4139 esse,
409 4046 562 4122 nihils'e
583 4042 727 4140 posthac
744 4043 874 4118 hostile
888 4047 999 4117 caulis
1013 4047 1176 4118 illaturos
1192 4069 1273 4131 esse,
1321 4045 1461 4115 minum
1490 4061 1624 4118 mentes
1648 4047 1805 4140 possint,
1835 4075 1942 4144 quam
1974 4055 2122 4146 cupiant
2152 4037 2288 4139 apologi-

285 4159 320 4228 si
334 4155 405 4227 sibi
421 4176 524 4224 canes
545 4145 769 4221 dederentur.
822 4147 963 4220 Placuit
985 4149 1103 4221 stultis
1123 4150 1272 4241 pastori-
1322 4147 1478 4220 Proinde
1492 4149 1653 4244 aequales
1676 4173 1773 4221 meos
1788 4146 1978 4240 adhortor,
2003 4156 2033 4225 si
2051 4179 2121 4251 qua
2136 4139 2290 4221 orationis

288 4263 356 4331 bus
372 4254 548 4334 conditio,
575 4275 746 4346 canesque
761 4251 874 4323 dediti
889 4265 983 4326 sunt.
1035 4251 1191 4322 Proinde
1212 4251 1274 4322 ubi
1322 4274 1419 4319 meae
1440 4263 1491 4321 est
1511 4251 1701 4337 autoritas,
1730 4268 1770 4324 ut
1793 4257 1838 4324 ad
1861 4255 2047 4329 discendos
2068 4255 2231 4350 apologos
2260 4263 2290 4308 ὅθ

288 4361 365 4454 lupi
383 4359 550 4428 viderunt
564 4353 727 4425 excubias
744 4355 925 4425 caularum
942 4355 1098 4424 sublatas
1114 4379 1204 4439 esse,
1228 4355 1272 4422 li·
1321 4363 1395 4422 tolo
1419 4363 1560 4444 pectore
1582 4355 1776 4431 conferant.
1835 4355 1928 4428 Sunt
1949 4359 2012 4452 qui
2035 4359 2154 4432 nescio
2174 4347 2290 4445 quibus

288 4467 373 4536 bere
402 4457 553 4550 grassari
577 4457 616 4526 in
638 4479 776 4548 gregem
809 4463 967 4549 coepere.
1027 4453 1124 4526 llaec
1155 4457 1271 4526 fabula
1321 4454 1481 4524 obscuris
1498 4455 1683 4528 autoribus
1696 4459 1890 4529 tractandis
1912 4460 2055 4551 ingenia
2070 4449 2240 4532 atterunt,
2262 4455 2291 4510 el

287 4589 368 4636 cum
396 4561 572 4632 docuisset
603 4560 727 4652 quanti
763 4559 910 4630 referret
929 4554 1100 4628 Oratores
1132 4559 1273 4643 servari,
1320 4579 1449 4646 magno
1468 4557 1589 4628 labore
1607 4560 1765 4654 desipere
1787 4561 1940 4633 discunt.
1992 4563 2041 4636 At
2061 4555 2201 4656 apologi
2226 4550 2290 4618 foc-

285 4663 464 4757 Rempub.
489 4665 661 4754 tantisper
684 4662 854 4742 servavit,
881 4663 967 4730 dum
991 4655 1059 4729 hoc
1084 4661 1271 4730 consilium
1321 4657 1487 4728 licissime
1506 4661 1676 4743 excitant,
1714 4657 1913 4734 exhilarant
1938 4679 1973 4736 et
1995 4665 2164 4738 erudiunt
2185 4647 2291 4747 pueri-

284 4769 409 4840 valuit.
461 4763 593 4834 Micam
609 4767 787 4858 quandam
808 4763 948 4833 fabulae
968 4762 1042 4831 vim
1058 4763 1190 4846 inesse,
1218 4763 1274 4830 vel
1320 4761 1531 4831 lesmentes.
1582 4759 1640 4833 Ad
1659 4760 1840 4880 haeccpm
1857 4779 1975 4838 extent
1993 4768 2141 4851 latinae,
2172 4751 2292 4828 orell&

285 4869 372 4944 haec
392 4868 550 4959 exempla
574 4879 764 4937 testantur:
797 4873 937 4935 necesse
960 4878 1012 4934 est
1042 4865 1135 4933 euim
1156 4865 1274 4934 effica-
1320 4871 1402 4932 uem
1430 4862 1534 4933 etiam
1564 4865 1662 4936 velut
1686 4865 1851 4936 molltore
1874 4861 2030 4962 quodam
2059 4889 2162 4942 succo
2190 4857 2290 4927 alunt·

285 4975 461 5046 cissimam
494 4970 691 5040 orationem
724 4967 853 5049 fuisse,
886 4991 977 5062 quae
1001 4967 1273 5058 implacabiliter
1320 4959 1422 5034 Adeo
1446 4965 1520 5035 sive
1543 4967 1704 5036 moribus
1729 4967 1925 5040 formandis
1950 4985 2135 5066 praecepta
2154 4951 2291 5062 quaeri⁵3

282 5076 384 5146 iratis
407 5073 545 5143 civibus
567 5069 743 5143 Romanis
764 5093 861 5140 arma
887 5068 1096 5140 emauibus
1115 5069 1272 5152 extorsit,
1319 5069 1393 5136 sive
1408 5081 1503 5138 recte
1517 5069 1690 5163 loquendi
1705 5071 1923 5164 exemplum,
1950 5075 2044 5146 nulli
2060 5047 2291 5145 commentarit

284 5203 375 5273 quac
397 5171 635 5261 Athenienses
667 5172 821 5263 graviter
846 5171 996 5242 afflictos
1030 5172 1194 5256 adduxit,
1230 5184 1271 5240 ut
1309 5170 1560 5258 praestiterint
1579 5185 1788 5268 utrumque,
1815 5197 1922 5270 quam
1945 5177 2107 5269 apologf,
2133 5158 2292 5241 foelicius.

282 5302 488 5375 quanquam
518 5298 591 5348 una
622 5299 707 5346 voce
738 5297 858 5366 pacem
890 5297 1015 5343 omues
1044 5273 1270 5362 flagitassent,
1319 5267 1417 5342 Dixi.

281 5383 416 5455 bellum
443 5390 694 5474 tamen'quam
724 5399 845 5470 pacem
865 5377 1024 5448 mallent.
1082 5371 1152 5448 Eat
1175 5369 1268 5446 mibi
