4616 5816
115 252 120 264 '
215 297 289 374 us
736 279 894 378 unca.
941 273 1800 390 nnnununaronarsoun,
1962 241 1966 246 ’
2173 287 2239 362 su

206 467 341 543 ‘ooncio
370 459 595 556 interposita,
624 477 714 552 quae
741 467 783 528 nt
802 453 872 548 ipsi
891 449 1025 524 latroni
1046 447 1212 522 salutaris
1263 465 1324 528 tor
1348 475 1424 526 non
1445 454 1537 526 dnos
1556 465 1696 528 tantum
1719 455 2108 552 latrunculospsodere
2123 457 2246 550 cogita-

217 575 304 654 iuit,
329 559 377 640 iia
396 589 469 636 non
484 565 528 634 ad
546 562 661 652 ipsum
677 573 813 630 tantum
830 557 1008 650 pertinere
1022 552 1214 624 iudicanda
1264 556 1367 642 bitis,
1391 558 1452 626 aed
1472 553 1775 628 omneabomiffl
1795 561 1957 630 omnium
1970 573 2134 632 ,emm
2183 557 2247 630 ρο,

221 692 282 746 est.
343 663 528 756 Evangelii
554 687 620 732 vox
648 675 698 730 est
719 659 919 730 communis
946 657 1115 727 omnibus
1145 653 1215 746 piis
1263 658 1421 749 gitabitis
1450 671 1485 728 et
1517 654 1627 745 illud,
1672 681 1797 730 oannes
1826 683 1901 733 essa
1935 663 2107 733 latrones:
2145 663 2248 734 multa

220 773 381 848 omnium
400 781 574 849 aetatum,
599 785 689 858 quae
712 761 855 856 quidem
872 759 1112 830 dulcissimam
1127 779 1215 826 con-
1265 759 1359 830 enim
1385 771 1469 830 sunt
1499 773 1535 830 et
1562 761 1693 832 atrocia
1718 761 1941 852 singulorum
1966 765 2120 850 scelera,
2153 763 2250 834 multi

74 925 79 932 ,
220 878 429 954 „larionem
447 867 628 964 proponit.
679 863 801 958 ltaque
819 855 911 932 hanc
928 860 1119 950 imaginem
1135 856 1215 926 ani·
1264 863 1478 932 adiuverunt
1502 863 1594 932 mala
1613 861 1762 934 consilia
1784 867 1953 936 adversus
1980 865 2059 958 pios
2079 877 2251 957 snscepta3

221 1005 282 1052 sno
303 979 467 1052 intuens,
500 983 541 1046 et,
555 968 654 1038 illam
679 963 921 1056 gravissimam
939 961 1214 1054 disputationem
1265 963 1420 1058 denique
1444 985 1569 1033 omnes
1585 965 1707 1058 aliquo
1723 967 1832 1036 modo
1847 987 1972 1037 manns
1987 967 2172 1038 attulimna
2185 965 2251 1036 filio

222 1081 399 1172 cogitans,
426 1073 550 1142 videor
580 1063 668 1138 mihi
692 1069 811 1138 videre
835 1059 1029 1136 Ecclesiam
1054 1062 1215 1132 omnium
1268 1065 1350 1140 Dei.
1415 1063 1528 1136 Porro
1563 1089 1642 1136 oum
1672 1066 1711 1134 iu
1741 1068 1857 1140 media
1879 1081 1994 1138 morte
2028 1091 2254 1151 versaremur,
2298 1086 2299 1128 ι

216 1195 394 1270 aetatum,
425 1175 532 1246 audio
553 1169 713 1240 omnium
735 1163 992 1258 Prophetarum
1014 1178 1048 1236 et
1063 1159 1215 1256 Aposto-
1267 1169 1362 1238 hlius
1378 1163 1445 1238 Dei
1468 1165 1573 1236 nobis
1596 1168 1749 1237 donatus
1766 1181 1838 1252 est,
1864 1183 1905 1240 ut
1923 1169 2065 1240 victima
2082 1170 2252 1260 lieretpro

223 1286 341 1356 lorum
355 1277 561 1354 conciones,
584 1295 733 1366 quarum
745 1293 881 1340 summa
898 1271 935 1337 in
949 1268 1013 1337 illo
1027 1265 1128 1336 brevi
1142 1263 1217 1334 col·
1269 1269 1392 1352 nobis,
1418 1293 1458 1338 ac
1474 1269 1608 1358 placata
1626 1269 1737 1359 patris
1751 1269 1821 1356 ira,
1847 1271 2005 1342 aboleret
2026 1283 2207 1363 peccatum
2225 1285 2254 1340 et
2298 1287 2299 1312 ³

224 1384 348 1480 loquio
374 1369 625 1470 comprehensa
648 1387 708 1442 est.
769 1368 848 1444 Etsi
870 1383 986 1442 sutem
1001 1391 1075 1439 non
1089 1364 1216 1438 dubito
1269 1383 1439 1450 mortem,
1474 1383 1509 1440 et
1529 1371 1693 1442 redderet
1712 1371 1822 1442 vitam
1846 1385 2035 1443 aeternam.
2090 1369 2133 1440 ld
2155 1373 2254 1440 hene·

225 1486 405 1582 plerisque
426 1493 581 1549 vestrum
605 1469 668 1544 has
692 1475 785 1565 ipsas
808 1495 864 1542 res
885 1472 1101 1542 meliusesse
1116 1479 1219 1538 nous
1269 1473 1387 1542 licium
1407 1471 1512 1542 offert
1527 1472 1734 1564 etimpertit
1748 1475 1936 1554 omnibns,
1960 1495 2051 1566 quos
2063 1485 2253 1542 erratorum

224 1613 265 1661 ac
286 1586 490 1664 meditatas,
524 1602 630 1671 quam
653 1573 762 1655 mihi,
796 1589 1017 1644 tamencum
1048 1567 1217 1640 hocloco
1269 1573 1443 1665 poenitat,
1474 1571 1608 1666 quique
1631 1573 1770 1644 veniam
1791 1577 1837 1644 ab
1861 1576 1938 1666 ipso
1962 1585 2111 1665 petunt,
2134 1573 2254 1644 etireti

225 1691 343 1760 dicere
366 1687 481 1755 iussus
502 1703 632 1756 essem,
664 1691 698 1747 et
722 1699 778 1745 me
799 1675 954 1768 pericula
978 1669 1106 1743 horum
1128 1683 1220 1740 tem-
1269 1675 1382 1766 ipsius
1415 1673 1615 1765 promissis,
1657 1673 1903 1746 liberationem
1935 1687 2130 1767 expectant.
2195 1671 2254 1743 llic

214 1783 352 1886 porum
376 1781 433 1854 his
455 1783 580 1852 diebus
602 1782 646 1847 de
674 1773 738 1846 hac
761 1777 914 1868 imagine
939 1772 1219 1854 admonuissent,
1269 1777 1341 1846 iam
1362 1771 1611 1848 distrahuntur
1628 1771 1817 1847 hominum
1839 1778 2030 1848 iudiciuae
2048 1777 2252 1846 voluntates.

225 1897 381 1966 libenter
398 1883 467 1956 hoc
482 1893 727 1973 argumentum
745 1879 851 1968 elegi,
877 1889 918 1947 ut
933 1875 1091 1966 exemplo
1109 1871 1219 1942 latro-
1270 1877 1429 1948 Maxima
1444 1901 1524 1969 pars
1538 1889 1748 1969 aspernatur
1763 1874 1832 1948 boc
1852 1877 2080 1961 beneficium,
2107 1899 2254 1968 praerat.

227 1998 303 2078 nis,
335 1989 395 2085 qui
425 1983 616 2057 semivivus
644 2005 684 2050 ac
707 1981 896 2080 laceratus,
929 1992 1047 2048 tamen
1070 1974 1218 2064 gloriam
1271 1979 1335 2050 tim
1352 1997 1431 2050 cum
1451 1979 1596 2050 videant
1608 1973 1793 2052 Christum
1807 1980 1956 2072 perinde
1977 1991 2019 2049 ut
2033 1991 2190 2049 eaetems
2206 2001 2254 2048 ca-

226 2099 293 2171 fltii
319 2091 386 2164 Dei
407 2100 545 2170 tuaur,
576 2097 612 2153 et
635 2105 752 2152 meam
778 2081 938 2154 animum
963 2078 1220 2154 confirmarem,
1270 2079 1489 2152 tamisatibus
1513 2079 1764 2152 communibus
1789 2079 2007 2165 conflictari,
2047 2080 2127 2170 rapi
2159 2079 2254 2148 uian

228 2209 263 2271 e't
279 2195 516 2267 adolescentes
538 2188 581 2255 ad
604 2185 696 2254 idem
714 2185 821 2252 decus
844 2181 1041 2252 excitarem.
1091 2176 1166 2249 Nec
1182 2177 1219 2246 id
1271 2185 1315 2252 ad
1342 2180 1572 2272 supplicium,
1606 2181 1767 2254 interlici-
1825 2180 1884 2253 An
1908 2177 2102 2273 Epicnraai
2129 2183 2176 2250 ab
2197 2175 2255 2248 hot
2299 2159 2300 2174 ¹

228 2308 476 2393 argumentum
493 2287 650 2362 alienum
665 2297 717 2356 est
731 2285 776 2354 ab
790 2279 858 2354 boc
871 2283 968 2363 loco,
992 2274 1221 2370 authistem-
1271 2285 1441 2354 cadavere
1463 2283 1639 2375 pendente
1660 2283 1701 2352 in
1722 2305 1826 2354 cauce
1844 2295 2004 2374 peterent
2026 2295 2089 2352 aut
2105 2295 2254 2373 expecta·
2299 2261 2300 2274 ἵ

95 2393 102 2408 ’
228 2402 389 2498 poribus.
447 2389 521 2463 Diu
542 2389 612 2459 iam
635 2385 822 2457 Pontifices
841 2395 1005 2455 mercem
1027 2383 1219 2451 immanem
1270 2397 1352 2455 rent
1366 2403 1496 2454 novam
1511 2398 1546 2455 at
1559 2397 1763 2477 perpetuam
1777 2384 1911 2454 vitaml
1935 2383 1998 2476 qui
2013 2382 2053 2454 in
2066 2395 2166 2453 tanta
2180 2403 2255 2452 con·

228 2501 409 2578 saevitiam
426 2495 464 2563 in
481 2491 637 2562 membra
650 2483 804 2572 Christi,
826 2511 866 2556 ac
881 2509 995 2568 nunc,
1019 2497 1061 2554 ut
1077 2483 1223 2552 univer·
1271 2487 1411 2556 fusione
1433 2487 1545 2570 vitae,
1577 2507 1660 2557 casn
1684 2485 1805 2556 omnia
1826 2485 1912 2555 lerri
1934 2485 2175 2564 arbitrantur,
2199 2503 2255 2550 nas

229 2631 304 2680 sam
333 2597 525 2671 Ecclesiam
550 2591 707 2672 deleant,
734 2585 1222 2658 inllammarecirilebellum
1273 2600 1610 2679 autumpnum,
1634 2581 2107 2658 Daohummnumpm?
2132 2583 2257 2657 Rident

231 2717 423 2784 conantur,
462 2691 644 2767 Christum
681 2691 847 2760 omnibus
880 2687 1020 2781 probris
1061 2697 1223 2764 onerant,
1274 2689 1383 2778 igitur
1405 2701 1575 2781 tanquam
1602 2694 1764 2781 poemata
1788 2699 1851 2758 ant
1871 2687 1983 2756 aniles
2006 2685 2256 2757 uaniasomnia

231 2809 347 2881 multo
370 2797 547 2890 rabiosius¹
570 2811 675 2888 quam
699 2791 790 2860 latro
807 2789 1008 2860 maledicus.
1062 2786 1224 2878 Applau-
1275 2791 1499 2874 testimonia,
1523 2809 1614 2883 quae
1635 2785 1732 2860 Deua
1751 2789 1847 2860 etde
1868 2789 2149 2868 anavolnntata,
2175 2787 2257 2856 etde

233 2915 323 2984 dunt
348 2900 560 2976 Pontificum
583 2892 697 2964 lusori
719 2889 853 2984 Reges,
883 2905 917 2964 et
946 2889 1126 2983 praecipui
1156 2887 1225 2956 viri
1275 2892 1541 2962 immortalitate
1567 2890 1734 2962 omnibns
1763 2890 1936 2960 aetatibus
1959 2890 2088 2958 ordine
2109 2887 2257 2965 tradidit,
2300 2920 2301 2926 1

233 3010 395 3087 omnium
415 3000 604 3080 ordinum,
629 2996 780 3088 quadam
800 2993 899 3066 inani
916 2991 1083 3064 utilitatis
1098 2991 1224 3062 umbra
1278 3009 1313 3064 et
1327 2994 1470 3064 tandem
1484 2993 1592 3062 misso
1607 2992 1701 3077 lilio,
1727 3001 1762 3061 et
1787 3004 1866 3084 post
1883 3005 2034 3062 mortem
2049 3003 2214 3060 revocato
2225 2989 2256 3056 in
2300 3003 2301 3074 ι

233 3113 338 3205 eapti.
389 3104 632 3178 Adsantantur
646 3091 701 3164 his
717 3095 832 3179 docti,
858 3108 897 3164 ut
918 3093 1061 3164 Silenus
1077 3089 1225 3186 Cyclopi
1275 3095 1403 3178 vitam,
1426 3093 1659 3164 conlintsavit.
1710 3089 1782 3164 Hic
1802 3092 1863 3162 ille
1884 3113 2077 3164 sarcasmus
2091 3089 2256 3163 estmale-

234 3219 274 3288 in
299 3224 422 3290 antro,
453 3217 493 3276 ut
516 3199 621 3272 estin
646 3197 777 3266 tabulis
794 3193 988 3288 lhuripidis.
1040 3191 1089 3264 Et
1104 3208 1143 3264 ut
1159 3188 1226 3262 ho·
1277 3196 1347 3266 diri
1372 3194 1538 3264 latronis:
1566 3191 1642 3285 Age
1660 3196 1832 3266 liberator
1855 3194 2009 3284 egregie,
2034 3191 2258 3264 tibietnobis

236 3309 485 3400 rumserviant
501 3299 770 3394 cupiditatibus,
795 3299 925 3392 stylum
943 3290 1227 3366 adversnsChri-
1277 3297 1424 3368 salutem
1457 3298 1609 3368 reddito·
1667 3297 1728 3369 stc
1753 3295 1857 3387 impii
1880 3297 1944 3366 etsi
1973 3296 2126 3367 suntin
2152 3291 2257 3362 media

236 3435 330 3492 stum
355 3420 496 3484 acuunt.
552 3399 676 3494 Aliqui
698 3399 855 3470 saniores
874 3399 999 3470 dolent
1023 3397 1133 3466 vicem
1158 3391 1228 3464 Ec·
1278 3411 1412 3482 morte,
1437 3409 1555 3468 tamen
1581 3421 1655 3468 non
1674 3397 1835 3470 sentiunt
1853 3397 2030 3474 malorum
2051 3393 2259 3487 magnitudi-

237 3517 363 3594 cleaiae
385 3528 570 3604 oppressae
595 3499 759 3572 horribili
792 3499 1000 3595 tyrannide,
1029 3499 1090 3568 sed
1120 3495 1229 3566 minis
1279 3523 1382 3580 nem,
1414 3521 1489 3570 non
1521 3509 1696 3594 quaeruut
1727 3521 1867 3570 causam
1891 3521 2164 3578 aerumnarum,
2194 3515 2259 3564 non

236 3631 421 3716 potentum
441 3604 678 3703 perterrefacti
700 3603 837 3687 iacent,
860 3615 903 3674 ul
919 3599 1084 3692 Apostoll
1100 3597 1229 3688 dilapti
1279 3613 1444 3672 metuunt
1469 3599 1538 3672 Dei
1563 3602 1754 3685 iudicium,
1785 3600 1917 3671 ludunt
1940 3601 2047 3671 etiarn
2063 3595 2259 3669 deridendis

238 3735 360 3803 erant,
396 3737 476 3786 cum
497 3704 661 3780 Christus
682 3705 878 3774 alliceretur
900 3702 1086 3794 supplicio.
1146 3697 1230 3768 Tali
1279 3703 1530 3792 religionibus,
1550 3717 1585 3774 et
1599 3727 1677 3772 cum
1693 3701 1883 3773 offecturae
1899 3711 1983 3772 sunt
1997 3703 2159 3794 ipsorum
2173 3719 2258 3769 cont·

238 3840 417 3914 tempora,
442 3811 506 3885 etsi
519 3831 585 3878 nos
600 3807 742 3900 quidem
759 3804 910 3894 privati,
936 3803 1096 3895 oppressi
1108 3815 1230 3896 tyran·
1281 3803 1416 3882 modis,
1449 3805 1567 3876 delere
1593 3799 1828 3894 Evangelium
1857 3817 2048 3887 conantur,
2078 3817 2115 3872 at
2143 3821 2256 3891 expro-

239 3927 344 4007 nide,
368 3939 493 4012 pamm
508 3911 673 4004 prodesse
688 3903 867 3978 Ecclesiae
881 3925 1086 3997 possumus,
1112 3917 1230 3974 tamen
1281 3917 1385 3975 munt
1410 3903 1627 3996 impietatem
1646 3929 1686 3976 ac
1705 3905 1887 3976 saevitiam
1905 3906 2075 3975 adversus
2088 3899 2259 3976 Christum

240 4026 426 4098 imitemur
440 4012 638 4105 exemplum
654 4006 817 4078 semivivi
835 4005 1003 4090 latronis,
1028 4004 1230 4100 quiconri·
1283 4007 1408 4076 eteius
1431 4009 1600 4080 membra.
1655 4005 1705 4077 Ut
1726 4021 1810 4078 tunc
1832 4006 1923 4076 latro
1944 4007 2133 4076 virulentis
2146 4001 2260 4074 ironiis

241 4129 306 4202 ciis
322 4119 531 4214 respondet,
556 4127 590 4184 et
612 4110 761 4202 gloriam
777 4102 912 4179 Christi
936 4131 999 4178 sua
1015 4130 1101 4176 vore
1118 4127 1233 4198 quan·
1284 4108 1480 4196 exagitabat
1501 4109 1615 4178 lilium
1637 4105 1725 4195 Dei,
1757 4109 1806 4178 ita
1835 4107 1966 4178 videtis
1992 4109 2122 4199 impios
2150 4107 2259 4176 ludere

242 4247 325 4303 tum
335 4237 466 4318 potest,
491 4240 571 4290 cum
588 4216 657 4284 iam
673 4212 825 4281 animam
841 4211 936 4280 inter
950 4211 1074 4280 dentes
1087 4219 1233 4292 teneret,
1285 4209 1452 4280 omnihus
1476 4210 1659 4282 aetatibus.
1717 4206 1770 4281 Ac
1792 4233 1838 4278 ne
1860 4207 1992 4300 putetis
2014 4233 2148 4280 novum
2165 4205 2259 4278 luisse

243 4325 411 4404 delendit.
460 4317 552 4390 Cum
575 4316 683 4404 igitur
705 4308 920 4382 haecuratio
939 4312 1089 4380 maxime
1104 4329 1234 4378 conve·
1284 4311 1494 4402 exemplum.
1559 4307 1664 4382 Alius
1691 4325 1744 4382 est
1771 4305 1884 4382 hostis
1915 4307 2049 4381 Christi
2074 4311 2185 4380 multo
2212 4305 2259 4373 in-

90 4467 94 4474 *
242 4433 319 4508 nist
339 4423 424 4498 huic
447 4417 616 4510 tempori,
648 4435 777 4507 quaeso
806 4427 946 4483 utnon
978 4412 1093 4482 solum
1121 4431 1234 4503 aequo
1284 4413 1422 4497 lestior,
1451 4413 1584 4484 scilicet
1614 4413 1799 4487 Diabolus.
1858 4409 2076 4504 lsprirnum
2098 4411 2183 4481 odio
2203 4403 2259 4476 Dei

244 4535 364 4608 animo
379 4522 562 4608 historiam
579 4519 758 4587 latronum
773 4514 943 4598 audiatis,
967 4515 1030 4582 sed
1052 4513 1157 4582 etiam
1175 4535 1236 4580 es-
1285 4513 1415 4584 avulsit
1428 4517 1475 4584 ah
1487 4539 1528 4586 eo
1545 4516 1863 4608 primosparentea
1904 4511 1939 4582 ls
1955 4513 2133 4584 similibus
2149 4503 2260 4580 ironiis

245 4630 396 4724 carpatis
418 4623 575 4714 esempla
598 4617 699 4688 vohis
722 4616 844 4700 utilia,
876 4629 911 4686 et
927 4615 1064 4684 animos
1079 4610 1236 4684 excitetis
1286 4615 1325 4684 in
1346 4617 1511 4708 paradiso
1531 4619 1697 4688 miseram
1719 4617 1905 4686 mulierem
1928 4615 2069 4700 fefellit,
2093 4637 2172 4685 eum
2188 4629 2260 4703 pro-

244 4739 290 4810 ad
319 4728 526 4804 imitandam
554 4721 720 4792 virtutem
745 4717 794 4809 pii
818 4716 986 4797 latronis,
1023 4715 1084 4810 qui
1111 4727 1145 4783 et
1167 4715 1236 4786 lide
1286 4717 1440 4788 mitteret
1463 4720 1539 4789 sora
1559 4720 1715 4792 similem
1736 4713 1828 4788 Deo:
1867 4715 2000 4802 Eritis,
2022 4715 2160 4812 inquit,
2182 4713 2259 4781 sicul

244 4837 343 4912 hunc
372 4827 530 4901 medinm
563 4823 677 4893 lesum
702 4817 867 4910 supplicii
895 4817 1046 4902 socium,
1078 4816 1237 4906 agnoscit
1286 4815 1360 4890 Dii.
1422 4818 1520 4892 ldem
1549 4820 1783 4892 calumniator
1807 4815 1915 4890 habet
1935 4819 2123 4890 fascinatas
2146 4811 2264 4906 impio-¹

246 4964 320 5012 esse
341 4947 503 5008 autorem
519 4926 612 4996 vitae
633 4933 843 5015 perpetuae,
869 4933 903 4991 et
918 4919 1058 4991 lortiter
1073 4939 1155 4988 eum
1171 4919 1235 4988 ad-
1286 4944 1368 4990 rum
1393 4938 1527 4994 mentes
1547 4921 1646 4992 omni
1671 4934 1829 5013 tempure
1850 4921 1948 4991 salsis
1968 4923 2013 4991 de
2029 4919 2105 4990 Deo
2129 4933 2257 5012 persua·

246 5056 370 5111 versus
397 5036 570 5106 latronem
594 5021 867 5096 conviciatorem
891 5033 1104 5113 propugnat.
1163 5018 1237 5092 Ra-
1288 5023 1459 5098 sionibus.
1512 5021 1580 5094 llis
1601 5023 1762 5094 abutitur
1780 5035 1950 5117 tanquam
1969 5024 2129 5113 manis,
2152 5020 2192 5089 ad
2209 5037 2254 5084 es·

245 5157 365 5238 petam
380 5137 489 5234 igitur
505 5130 614 5204 tutius
626 5123 814 5220 spectaculi
829 5123 1120 5214 significationem
1131 5123 1238 5213 paulo
1288 5125 1452 5214 plendam
1478 5125 1654 5196 inanium
1679 5125 1754 5196 odii
1774 5125 1829 5194 sni
1859 5125 2085 5196 acerbitatem
2108 5125 2257 5192 adversus

247 5245 364 5316 altius·
415 5235 497 5308 Duo
512 5233 667 5304 latrones
679 5225 812 5318 pariter
831 5225 946 5296 affecti
963 5223 1137 5316 supplicio
1156 5245 1239 5294 cum
1288 5225 1401 5298 lilium
1418 5225 1496 5300 Dei.
1547 5227 1657 5298 Latro
1678 5225 1805 5317 igitur,
1828 5240 1869 5296 nt
1884 5227 2012 5308 caeteri
2032 5227 2151 5318 impii,
2175 5231 2258 5290 aeter

155 5415 159 5418 .
246 5341 409 5421 Christo,
441 5333 638 5425 signilicaut
666 5326 873 5400 universum
901 5347 1015 5416 genus
1042 5319 1241 5396 humanum
1288 5343 1341 5400 eat
1366 5325 1492 5399 harum
1515 5329 1731 5414 lroniarum,
1763 5329 1822 5398 sed
1842 5327 1904 5397 ille
1917 5328 2184 5423 superbissimos
2198 5316 2257 5410 spi·

246 5443 461 5518 destinatum
477 5457 553 5506 ease
566 5431 1035 5523 morupmpsarpseeasan.
1086 5423 1156 5500 Hic
1171 5426 1241 5516 igi-
1288 5428 1380 5500 ritus
1393 5425 1503 5502 hostis
1517 5425 1604 5515 na,
1629 5443 1679 5502 est
1694 5451 1815 5500 urum
1831 5431 1950 5524 polita.

607 5653 628 5697 ἱ
