4616 5816
167 189 246 306 sss
519 259 525 270 -
847 211 1006 293 naon.
1036 211 1115 292 nn
1151 209 1551 292 anrsrornna
2139 217 2217 294 sse

169 407 277 487 qoam
308 374 493 472 multatur
521 413 578 462 me
599 389 685 468 iure
708 387 974 476 desiderentur.
1006 413 1101 484 quas
1119 389 1166 464 ad
1217 386 1429 474 suetudine,
1463 387 1599 480 optima
1630 399 1666 460 et
1688 387 1878 482 poris'sisos
1898 387 2219 484 Hippocratis&

171 493 396 588 eloquentiae
418 494 559 569 laudem
584 491 784 585 pertineat,
811 505 1036 565 tamen'eusn
1061 505 1167 564 mmo
1218 490 1333 562 ctrina
1346 491 1504 564 imbutus
1519 503 1582 576 est,
1602 515 1710 584 φιιιιιι
1727 491 1874 585 quidem
1887 495 2107 588 eiosseripts
2122 495 2218 566 mul·-

172 611 209 673 et
232 611 389 674 caeteros
409 591 505 670 hunc
528 619 663 666 morem
677 617 886 690 conservare
901 595 1039 681 deceat,
1065 593 1167 666 nolui
1220 592 1266 664 tis
1288 591 1328 664 in
1349 593 1437 664 locis
1458 593 1632 666 redolent.
1687 591 1874 668 Interdum
1890 596 1997 666 misso
2010 619 2085 668 nsu
2096 599 2217 668 soloen

172 721 287 768 meam
311 721 454 790 operam
477 699 596 768 deesse
616 693 859 789 Reipublicae.
911 694 1078 768 Vicissim
1102 695 1168 768 erit
1220 694 1429 779 sententias,
1454 696 1517 764 sed
1539 697 1652 766 verba
1669 721 1811 790 quoque
1831 696 2116 792 stippsrrate
2136 723 2219 770 mu·

59 881 63 900 .
175 814 308 871 vestrae
331 797 577 882 humanitatis,
611 801 807 870 orationem
832 822 947 869 meam
972 799 1060 870 boni
1082 823 1169 870 con·
1221 810 1367 868 matun·
1404 793 1552 891 ligoque
1572 797 1621 868 ita
1636 811 1772 884 statuo,
1796 800 2001 874 univemam
2015 798 2219 892 Aristotelis

173 903 304 985 solere:
338 905 435 997 quod
464 917 504 974 ut
534 891 689 984 faciatis,
723 923 786 972 vos
806 902 911 986 etiarn
935 915 1039 996 atque
1062 901 1167 970 etiam
1221 899 1421 972 doctrinam
1441 923 1484 970 eo
1499 921 1576 972 esse
1591 899 1845 989 simpliciorem
1864 901 2218 993 stinagium'ethodk

174 1024 252 1076 οτι).
300 1005 463 1100 Cumque
485 1005 523 1074 in
544 999 613 1074 hoc
634 1005 711 1075 loco
731 1005 775 1074 de
792 1005 923 1074 artium
939 1029 979 1076 ac
994 1019 1168 1076 certarum
1221 1025 1320 1086 cam,
1345 1001 1429 1094 quia
1455 1025 1542 1092 puer
1562 1003 1609 1074 ad
1627 997 1855 1094 Hippocratis
1869 1001 2141 1098 Philosophiam
2162 1029 2220 1078 as·

174 1108 347 1178 virtutum
361 1107 534 1197 dignitate
549 1129 651 1200 saepe
666 1107 800 1178 dictum
816 1105 880 1191 sit,
902 1129 966 1198 ego
985 1104 1168 1176 historiam
1222 1105 1475 1176 sueiootusest.
1526 1099 1641 1176 Erant
1656 1106 1806 1176 enimeo
1823 1121 1982 1199 tempore
1996 1119 2034 1180 et
2045 1109 2106 1178 alii
2121 1104 2220 1203 Phy-

174 1211 520 1282 commemorandam
545 1199 617 1280 csse
640 1209 783 1302 putavi,
812 1209 904 1278 vitae
927 1209 1061 1280 scilicet
1083 1207 1169 1278 Ari·
1222 1203 1305 1290 sici,
1330 1202 1574 1279 Democritum
1587 1221 1747 1278 autorem
1760 1223 1959 1301 sequentes,
1983 1217 2137 1304 quonam
2151 1213 2220 1280 do·
2304 1247 2305 1252 ι

172 1313 322 1388 stotelis.
382 1311 466 1383 Non
486 1313 602 1384 solum
626 1311 710 1406 quia
731 1311 811 1402 plus
833 1311 1025 1404 voluptatis
1047 1335 1088 1381 ex
1112 1305 1170 1378 hi·
1223 1308 1335 1380 ctrina
1353 1309 1457 1400 plena
1474 1308 1543 1380 fuit
1560 1310 1844 1400 prodigiosarum
1860 1311 2073 1403 opinionum
2086 1327 2122 1384 rt
2136 1335 2219 1404 per·

176 1416 285 1488 storia
315 1413 526 1508 percipitur,
566 1413 715 1485 delectat
740 1413 835 1482 euim
858 1411 997 1486 animos
1021 1413 1171 1483 varietas
1223 1412 1406 1502 plerarum
1422 1411 1720 1502 disputationum.
1769 1409 1845 1482 Hos
1862 1413 1892 1482 si
1908 1409 2118 1486 Aristoteles
2134 1405 2247 1484 imi·'

125 1525 139 1598 ζ
175 1517 405 1608 negociorum
432 1529 468 1588 et
487 1530 695 1601 eventuum,
727 1517 788 1585 sed
812 1516 917 1588 etiam
940 1517 1024 1610 quia
1048 1515 1170 1586 multis
1224 1527 1316 1584 tatus
1337 1525 1445 1594 essm,
1479 1537 1703 1608 nequaqnam
1726 1507 1795 1584 hoc
1817 1515 2117 1605 elegantissimum
2141 1541 2219 1586 me·

175 1621 220 1688 de
243 1619 356 1689 causis
379 1619 524 1712 prodest
545 1641 649 1689 nosse
670 1641 881 1709 magnorum
904 1619 1063 1689 virorum
1084 1641 1171 1687 con·
1224 1609 1325 1686 thodi
1336 1615 1434 1685 iilum
1446 1629 1480 1686 et
1490 1612 1583 1686 hanc
1593 1615 1842 1706 proprietatem
1854 1619 2035 1690 tenuisset.
2074 1617 2220 1707 ersnts

177 1721 275 1804 silia,
301 1723 411 1808 dicta,
436 1723 536 1794 lacta·
775 1719 777 1726 '
1225 1731 1343 1790 autem
1374 1741 1458 1786 cura
1485 1742 1525 1788 ac
1549 1718 1697 1790 solertia
1713 1717 1752 1790 in
1775 1719 1845 1794 illa·
1858 1721 2049 1792 domestica
2073 1721 2220 1792 iustitu-

280 1819 500 1896 hecenditur
526 1823 623 1894 enim
652 1821 794 1894 animus
816 1825 863 1894 ad
888 1823 1076 1908 virtutem,
1114 1823 1171 1892 in·
1224 1821 1321 1892 tione
1338 1819 1395 1888 usi
1412 1819 1484 1889 sint
1499 1817 1727 1912 Hippocratis
1745 1821 1894 1912 posteri,
1918 1823 2219 1894 ex'eo‘liceteon·
2305 1827 2306 1862 l

41 1994 44 2002 .
176 1939 280 1999 tuens
302 1925 340 1996 in
364 1927 510 1996 illorum
531 1925 702 2016 exempla.
750 1923 891 1996 Deinde
911 1929 956 1996 de
974 1925 1171 1998 multisre-
1225 1922 1348 2006 iicere,
1372 1923 1468 2014 quod
1488 1919 1648 1996 Galenus
1669 1923 1737 1994 ait:
1767 1919 1851 1994 ldeo
1873 1923 2029 2016 primunr
2051 1947 2219 1996 noneste

177 2029 245 2100 bus
275 2031 522 2104 admonemur.
596 2025 711 2098 Multa
738 2027 872 2100 imitari
904 2027 1083 2120 Scipionis
1112 2045 1172 2098 arat
1224 2025 1372 2116 scriptas
1400 2025 1615 2106 anatomias,
1658 2025 1742 2117 quia
1771 2024 1963 2098 domestim
1992 2027 2220 2100 institutione

176 2127 338 2202 Caesaris
360 2129 508 2204 consilia
525 2127 723 2221 lmperator
744 2143 877 2222 potest,
902 2131 951 2201 ita
976 2155 1042 2200 nos
1059 2131 1096 2200 in
1115 2125 1172 2200 his
1226 2139 1330 2198 uotae
1353 2125 1506 2212 luerint;
1537 2127 1662 2200 solitos
1683 2128 1779 2198 enim
1804 2124 2032 2219 Hippocratis
2056 2133 2219 2222 posteros

131 2250 134 2258 '
176 2234 306 2304 studiis
327 2234 477 2316 nostris,
502 2256 581 2302 curn
603 2231 868 2304 consideramus
885 2233 1171 2306 doctissimorum
1224 2227 1324 2298 domi
1345 2251 1461 2300 secare
1481 2251 1629 2320 corpora
1645 2228 1881 2305 animantium
1898 2243 2003 2324 stqse
2017 2225 2220 2318 hominum,

180 2331 368 2408 hominum
387 2336 425 2404 in
445 2334 669 2428 inquirendis
684 2347 717 2404 et
732 2336 914 2406 tradendis
931 2336 1069 2406 artibus
1086 2357 1172 2428 pru-
1224 2344 1260 2402 et
1286 2331 1425 2420 singula
1455 2331 1612 2402 membra
1645 2331 1781 2402 liberis
1797 2331 1881 2402 iude
1905 2353 2017 2426 usque
2042 2357 2062 2403 a
2085 2334 2219 2404 teneris

176 2439 337 2510 dentiam
358 2462 398 2508 ac
420 2437 615 2522 rationem,
636 2437 749 2508 multa
769 2439 899 2508 rectius
915 2437 1074 2508 iudicare
1091 2459 1172 2529 pos-
1223 2433 1415 2525 spectanda
1436 2455 1646 2524 proponere.
1696 2431 1820 2527 ltaque
1840 2457 1922 2506 cuns
1936 2447 2027 2508 esset
2040 2429 2220 2510 Aristote·
2306 2505 2307 2520 ,

177 2563 311 2614 sumus.
370 2537 530 2612 Multum
551 2537 694 2610 collatio
719 2539 974 2630 praestantium
997 2539 1171 2612 artificum
1224 2536 1275 2606 les
1297 2535 1343 2606 ab
1359 2533 1445 2626 ipsis
1461 2535 1650 2606 cunabulis
1664 2537 1878 2606 assuefactus
1894 2559 1970 2606 non
1985 2539 2030 2608 ad
2047 2537 2221 2610 inaneset
2306 2521 2307 2554 ¹

176 2645 230 2720 ad
247 2643 404 2723 arrrenda
426 2641 684 2733 formandaque
707 2640 839 2712 indicia
861 2641 1039 2714 conducit.
1106 2638 1171 2712 Di·
1225 2637 1409 2730 perplexas
1430 2631 1677 2735 λογομαχίας,
1703 2640 1764 2708 ιιι]
1786 2638 1831 2706 ad
1855 2661 1976 2708 rerum
1997 2639 2219 2731 agnitionem

179 2747 255 2820 ram
279 2744 387 2834 igitur
408 2745 452 2832 de
470 2739 680 2828 Aristotele,
706 2766 781 2812 non
804 2757 845 2814 ut
863 2743 903 2816 lit
923 2745 962 2814 in
979 2742 1172 2838 Panegyri-
1224 2753 1258 2812 et
1281 2740 1326 2810 ad
1348 2741 1569 2832 quaerendas
1584 2763 1723 2825 causas,
1748 2763 1788 2810 er
1804 2733 1871 2810 hac
1885 2741 2014 2832 puerili
2028 2755 2220 2814 consuetu·

177 2847 248 2928 eis,
278 2849 341 2920 sed
367 2846 522 2918 breviter
543 2868 601 2930 ea,
626 2869 717 2940 quac
740 2848 784 2916 de
807 2846 879 2918 vita
902 2847 978 2918 eius
996 2847 1172 2938 comperi·
1225 2841 1310 2912 dine
1322 2843 1411 2916 duas
1425 2841 1580 2932 egregias
1595 2843 1753 2928 virtutes,
1770 2856 1804 2914 et
1819 2841 1858 2910 in
1871 2842 1996 2934 primis
2005 2845 2220 2935 dignasviro

85 2947 87 2954 ’
179 2973 279 3032 mus,
311 2947 514 3023 recensebo.
545 2943 685 3018 Deinde
706 2949 752 3018 tle
772 2972 899 3038 genere
921 2943 1172 3040 Philosophiae
1224 2946 1329 3016 docto
1357 2957 1565 3016 consecutus
1596 2957 1666 3030 est,
1705 2944 1888 3028 videlicet,
1925 2947 2147 3036 diligentiam
2180 2947 2218 3016 in

179 3068 216 3126 et
235 3053 279 3122 de
296 3051 436 3143 scriptis
453 3050 528 3122 eius
544 3050 682 3143 aliquid
699 3049 884 3135 adiiciam,
907 3066 947 3122 ut
962 3054 1171 3122 admoneam
1225 3049 1425 3140 quaerenda
1450 3041 1620 3118 methodo
1643 3061 1678 3118 et
1704 3069 1862 3118 amorem
1884 3047 2060 3134 veritatis‘;
2086 3051 2219 3120 absum

179 3156 439 3237 adolescentes,
471 3152 568 3245 quod
599 3147 852 3244 Philosophiae
882 3175 994 3242 genus
1020 3153 1173 3224 maxime
1224 3148 1450 3218 enimstudia
1467 3147 1506 3216 in
1519 3171 1646 3222 mores.
1693 3147 1815 3237 Quare
1828 3147 2013 3237 diligentia
2026 3151 2219 3222 evolvendi

180 3259 406 3352 probandum
430 3266 534 3348 atque
558 3255 793 3344 expetendum
818 3255 881 3340 sit,
920 3269 952 3326 et
977 3257 1172 3337 ostendam,
1224 3274 1280 3322 res
1294 3252 1462 3324 obscuras
1476 3250 1604 3324 ordine
1618 3275 1659 3320 ae
1675 3251 1837 3344 proprie,
1864 3251 2021 3324 studium
2036 3255 2219 3347 quoddam

177 3373 352 3454 quantum
376 3355 490 3450 prosit
507 3349 834 3428 adhristotelicam
850 3356 1025 3429 rationem
1043 3381 1170 3428 acme·-
1224 3365 1438 3424 clamorem
1462 3351 1681 3424 veritatisin
1707 3354 1805 3426 omni
1832 3353 1903 3424 vita
1925 3354 2027 3444 parit
2091 3353 2219 3437 Postea

178 3461 330 3534 thodum
356 3459 586 3530 assuefactum
609 3481 693 3529 esse.
761 3456 812 3530 lta
836 3459 931 3530 enim'
956 3447 1071 3534 statuo
1095 3459 1172 3529 sine
1226 3468 1333 3526 natus
1353 3476 1466 3526 annos
1486 3455 1542 3528 17.
1564 3455 1696 3526 missus
1719 3450 1945 3528 estAthetuts
1963 3457 2015 3526 ad
2031 3455 2219 3528 Platonem

179 3560 248 3637 hoc
272 3562 451 3638 neminem
471 3581 629 3654 unqtsam
644 3561 721 3634 sore
735 3560 904 3632 artificem
919 3557 1078 3634 utethotli
1095 3562 1172 3632 ullo
1224 3557 1461 3642 audiendum,
1487 3556 1550 3651 qui
1575 3571 1662 3629 tunc
1678 3581 1814 3628 summa
1830 3557 1966 3648 ingenii
1983 3573 2018 3629 et
2034 3561 2219 3632 doctrinar

176 3669 219 3740 in
231 3689 371 3758 genere.
422 3661 495 3734 Nec
511 3663 685 3734 verolieri
701 3677 834 3755 potest,
858 3663 949 3756 quin
962 3665 1172 3736 multafalsa
1226 3660 1330 3732 laude
1350 3660 1510 3734 llorebat.
1560 3656 1652 3730 Cum
1669 3673 1794 3730 satura
1810 3660 2016 3762 contigisset
2030 3658 2218 3732 Aristoteli

176 3765 371 3862 sophistice
393 3765 563 3836 misceant
585 3761 645 3850 hi,
668 3766 798 3860 quibus
819 3765 940 3854 ignota
963 3781 1015 3838 est
1036 3767 1093 3839 via
1111 3768 1173 3836 illa
1224 3759 1386 3832 omnium
1408 3761 1677 3852 disciplinarum
1698 3785 1826 3853 capax,
1851 3758 2091 3852 magnaurae
2111 3763 2219 3834 foeli-

177 3869 351 3950 docendi,
375 3887 482 3962 quam
499 3879 670 3948 monstrat
686 3867 907 3942 Aristoteles.
958 3867 1071 3940 Porro
1088 3863 1173 3940 haec
1225 3865 1311 3936 citas
1338 3863 1426 3948 luit,
1459 3865 1553 3956 quod
1579 3865 1743 3954 primum
1775 3863 1967 3938 domestica
1992 3865 2218 3938 institutione

176 3967 381 4066 sophistica
403 3983 576 4066 quantum
599 3967 693 4060 parit
711 3991 874 4040 errorum
897 3994 938 4040 ac
954 3971 1172 4042 tumultuum
1225 3964 1410 4054 ingenium
1434 3965 1625 4054 ‚excitatum
1650 3977 1684 4037 et
1707 3981 1953 4057 praeparatum
1974 3977 2045 4050 ost.
2084 3969 2217 4038 deinde

177 4077 220 4148 in
234 4071 391 4150 Ecclesia
414 4085 450 4146 et
469 4071 507 4142 in
524 4068 690 4163 Repub.?
741 4069 785 4145 ln
805 4071 937 4142 sabulis
958 4085 1030 4158 est,
1055 4070 1171 4144 lsioui
1225 4069 1321 4162 quod
1340 4065 1483 4137 accessit
1506 4067 1566 4136 ille
1588 4067 1909 4158 praestantissimus
1930 4067 2118 4158 Magister,
2155 4071 2217 4165 qui

177 4202 261 4252 cum
290 4173 480 4268 appetisset
501 4171 694 4260 lunonem,
728 4175 903 4247 obiectam
933 4199 1007 4246 esse
1030 4175 1174 4258 nubem,
1225 4185 1388 4242 naturam
1411 4167 1673 4240 foelieissimam
1696 4170 1899 4261 perpoliret.
1951 4169 2065 4258 Haec,
2089 4185 2131 4244 ut
2152 4193 2216 4262 ego

177 4279 330 4355 lunonis
356 4278 492 4369 specie,
525 4301 566 4346 ex
594 4298 663 4368 qua
695 4277 769 4348 nati
800 4275 971 4349 dicuntur
992 4275 1173 4366 Centauri.
1225 4271 1368 4366 quidem
1390 4270 1563 4350 arbitror,
1597 4269 1644 4340 ita
1665 4272 1880 4362 gubernavit
1903 4268 2017 4358 Deus,
2042 4289 2082 4344 ut
2101 4276 2217 4366 perie-

175 4381 234 4458 lta
259 4378 397 4454 indocti
427 4401 469 4450 ex
499 4378 597 4448 falsis
627 4379 862 4470 opinionibus
887 4403 929 4450 ac
951 4375 1173 4468 sophisticis,
1224 4389 1318 4446 ctum
1334 4372 1503 4444 artificem
1519 4369 1728 4443 haberemus
1741 4373 1818 4444 eius
1831 4373 1939 4465 partis
1953 4369 2217 4468 Philosophiae,

179 4485 331 4578 gignunt
357 4481 526 4555 lectiones
552 4477 727 4560 Ecclesiae
753 4481 926 4559 exitiosas.
992 4474 1173 4554 sed‘haec
1225 4477 1347 4569 inqua
1363 4472 1790 4562 elaboravitAristoteles.
1842 4473 1995 4548 Audiuit
2005 4477 2217 4550 autemPls·

180 4602 301 4684 postea
322 4597 430 4656 erunt
451 4583 622 4670 dicenda;
648 4585 748 4676 prius
762 4583 859 4655 enim
875 4583 945 4656 vita
961 4605 1171 4675 percurren·
1225 4593 1344 4650 tonrm
1360 4599 1474 4648 annos
1489 4575 1634 4667 viginti,
1661 4573 1729 4648 hoc
1745 4591 1812 4662 est,
1837 4580 1911 4650 fere
1925 4581 1969 4648 ad
1987 4581 2215 4672 quadragesi·

174 4693 315 4768 duest„
1083 4703 1088 4710 ·
1225 4701 1323 4753 mum
1353 4701 1465 4772 usque
1496 4679 1617 4750 aetatis
1646 4703 1730 4750 suae
1757 4703 1904 4752 annssm.
1969 4677 2041 4752 Ner
2070 4682 2215 4754 interim

281 4789 393 4864 Natus
424 4801 477 4860 est
502 4783 777 4864 Aristoteles'in
792 4785 1033 4872 Macedonia,
1072 4799 1173 4878 patre
1224 4777 1362 4852 scholas
1384 4773 1528 4865 habuit,
1554 4783 1613 4850 sed
1634 4781 1708 4870 ipse
1731 4803 1806 4854 sese
1823 4783 1978 4854 excressit
1992 4783 2031 4852 in
2047 4785 2216 4856 omnibus

174 4893 324 4968 Medico
338 4889 446 4981 liegis
461 4889 649 4986 Amyntae.
700 4887 848 4962 Constat
863 4892 1057 4967 multorum
1073 4887 1172 4960 testi·
1224 4882 1434 4974 disciplinis.
1483 4879 1691 4976 Inquisivit,
1718 4883 1817 4971 legit,
1844 4884 1992 4956 excussit
2013 4909 2218 4957 omnesau-

179 4999 310 5070 moniis
332 5013 443 5086 genus
455 4993 532 5065 eius
546 4995 591 5062 ab
607 4989 822 5083 Hippocrate
836 5006 955 5067 ortum
967 5015 1063 5078 esse3
1089 5013 1171 5059 nam
1224 5002 1337 5070 tores,
1359 4986 1468 5071 adeo,
1492 4999 1532 5056 ut
1547 4999 1691 5076 propter
1705 4986 1907 5058 varietatem
1920 4985 2082 5056 lectionis
2097 5011 2138 5058 ae
2151 4991 2217 5060 do-

174 5100 365 5194 posterita's
386 5095 613 5188 Hippocratis
635 5095 731 5184 degit
752 5094 791 5163 in
816 5091 1020 5180 Thessalia,
1044 5115 1085 5164 ae
1110 5093 1173 5162 dio
1224 5089 1359 5160 ctrinae
1384 5087 1623 5178 appellaretur
1654 5109 1673 5156 a
1698 5084 1847 5158 Platone
1866 5086 2005 5164 Lector.
2068 5086 2149 5162 Hoc
2177 5090 2216 5161 in

179 5202 437 5297 possessionem
460 5195 623 5268 Medicas
643 5196 729 5268 artis
749 5197 917 5282 retinuit,
942 5221 1023 5275 cum
1045 5217 1173 5286 pasen-
1224 5193 1303 5262 loro
1332 5190 1427 5260 subit
1455 5188 1627 5258 admirari
1649 5191 1871 5278 prudentiam
1894 5191 2119 5275 Aristoteles,
2153 5192 2217 5287 qui

179 5315 233 5378 t'es
251 5317 373 5378 :a'rtern
401 5299 529 5372 liberis
548 5300 676 5374 ordine
698 5297 799 5392 quasi
820 5322 886 5390 per
908 5313 1035 5370 manus
1054 5299 1173 5368 trade-
1225 5309 1298 5367 tam
1331 5293 1395 5362 diu
1426 5285 1578 5365 haeserit
1609 5293 1704 5381 apud
1729 5289 1962 5383 Magistrum,
1998 5315 2063 5364 nee
2081 5294 2217 5384 putarit

181 5421 272 5484 aaut,
324 5403 377 5478 lta
399 5397 699 5486 etAristotelesa
726 5399 856 5474 terseris
877 5400 1069 5498 domestica
1084 5423 1172 5473 con·
1223 5395 1343 5470 subito
1375 5393 1451 5464 eius
1481 5393 1679 5466 doctrinam
1710 5389 1889 5468 exhauriri
1906 5417 2033 5487 posse.
2077 5391 2217 5470 Esset
